2796 5064
264 391 335 442 err.
351 390 386 441 n.
404 388 633 441 percursurus
651 387 851 441 suomssrvr.
868 371 939 440 rer.
952 389 988 441 u.
1109 369 1176 441 tot

68 507 123 580 nisi
150 508 188 579 in
206 507 277 581 lata
294 507 540 605 significatione
557 532 623 581 vox
640 504 796 579 adulterii
815 506 943 604 accipi,
958 505 1003 579 ob
1021 505 1178 582 indecen-

66 623 139 694 tiam
158 622 292 696 scilicet
316 621 483 695 eiusmodi
510 621 696 694 citissimae
720 620 978 694 coniunctionis.
1004 619 1178 721 Quidquid

63 737 242 833 pervasit,
265 735 473 836 exploratum
498 751 551 808 est
574 733 665 807 hunc
681 758 842 808 canonem
862 733 1032 808 adversari
1050 733 1177 809 doctri-

63 866 169 924 uacet
185 852 283 951 praxi
300 850 463 925 ecclesiae
482 875 658 934 romanae,
679 849 746 923 imo
764 864 797 922 et
814 848 998 922 universae
1014 847 1178 923 ecclesiae

63 965 292 1040 occidentalis.

128 1081 275 1154 llemnm
288 1081 528 1156 Poenitentiale
541 1106 715 1155 romanum
727 1096 841 1179 aperte
853 1081 1001 1155 ostendit
1015 1106 1077 1154 ceu
1093 1079 1178 1179 legi·

64 1197 138 1267 tima
151 1211 309 1293 spectata
325 1196 368 1269 ub
381 1196 523 1271 ecclesia
543 1196 649 1269 latina
666 1195 773 1269 fuisse
788 1195 944 1292 coniugia
959 1195 1175 1292 trigamorum

64 1334 98 1380 ec
121 1326 409 1407 tetragammum
439 1336 517 1383 nam
543 1310 602 1409 qui
628 1309 679 1383 sic
704 1309 839 1408 nuptias
864 1324 1101 1382 contraxerunt
1125 1309 1177 1381 in-

65 1423 164 1496 vicem
192 1448 259 1497 non
288 1440 505 1523 separantur,
530 1441 628 1525 prout
649 1423 798 1523 seperari
821 1422 978 1496 iubentur
996 1423 1055 1522 qui
1073 1421 1177 1498 altero

65 1538 204 1633 coniuge
226 1538 359 1611 vivente
383 1537 489 1611 alium
514 1538 657 1612 duxerit.
681 1538 736 1610 Sic
756 1538 846 1611 enim
868 1537 903 1608 in
922 1536 1039 1610 eodem
1057 1537 1177 1610 Poeni-

67 1652 191 1724 tentiali
210 1653 391 1726 statuitur:
416 1652 580 1752 «Siquis
607 1650 790 1750 legitimam
814 1676 952 1725 uxorem
972 1649 1102 1724 babens
1125 1651 1177 1724 di·

65 1768 190 1839 miserit
218 1765 337 1853 illam,
364 1784 399 1840 et
421 1766 524 1840 aliam
550 1766 669 1853 duxit,
706 1766 769 1838 illo
793 1791 892 1863 quom
917 1765 1015 1837 ducit
1041 1791 1105 1841 nort
1128 1780 1176 1838 oet

65 1883 162 1954 illios.
193 1883 267 1954 Non
290 1882 469 1955 manducet
493 1907 602 1982 neque
618 1881 731 1967 bibat,
754 1907 863 1980 neque
883 1879 1020 1954 omnino
1049 1879 1083 1951 in
1105 1905 1177 1954 ser-

64 2021 156 2069 mone
181 1995 229 2069 sit
245 2021 321 2069 curn
339 1995 398 2068 illa
414 2053 422 2084 ,
446 2022 546 2095 quom
562 1996 648 2069 mole
665 1997 789 2092 occepit
805 1996 943 2090 (1111).»
959 1993 1122 2094 Apposite
1138 1995 1174 2068 in

64 2109 148 2185 bunc
165 2110 334 2184 obiectum
355 2109 466 2185 locum
488 2112 585 2209 Hugo
604 2109 797 2183 blenardus.
821 2110 943 2183 «llaec
959 2108 1172 2198 constitutio,

63 2225 202 2313 scribit,
229 2228 263 2298 si
282 2227 411 2298 tertium
432 2228 590 2324 occeperit
613 2241 677 2299 eto.
708 2225 877 2298 notanda:
907 2224 1062 2324 quamvis
1084 2225 1174 2298 enim

64 2339 230 2438 bigamos,
247 2341 407 2439 trigamos
420 2359 485 2416 eto.
501 2342 672 2441 permittat
685 2341 847 2429 ecclesia,
864 2342 945 2442 quia
962 2358 1073 2415 tamen
1091 2342 1175 2416 baec

64 2456 275 2557 polygamia,
297 2483 359 2531 seu
378 2457 570 2556 nuptiarum
589 2457 741 2556 repetitio
763 2456 892 2555 aliquid
914 2456 1176 2530 incontinentiae

63 2570 92 2641 in
111 2570 250 2644 bomine
267 2585 378 2658 notat,
398 2570 565 2644 eiusmodi
591 2570 746 2646 homines
771 2586 903 2671 praeter
920 2570 1174 2669 irregularitatis

63 2704 171 2760 notam
184 2686 388 2786 quibusdam
402 2685 479 2760 aliis
493 2686 609 2787 poenis
623 2685 705 2761 olim
718 2687 892 2761 subiacere
908 2685 1016 2759 voluit
1030 2688 1128 2781 (1111)
1139 2717 1170 2757 .»

130 2800 220 2873 lllud
247 2816 356 2874 autem
382 2827 442 2902 pro
467 2816 556 2875 certo
581 2800 818 2900 exploratoque
843 2801 877 2872 in
894 2800 1051 2874 universe
1067 2799 1175 2873 eccle-

62 2918 108 2990 sia
136 2933 210 2990 tum
240 2916 393 2990 orientali
418 2932 488 2990 tum
517 2917 716 2991 occidentali
747 2916 900 2990 habitum
930 2942 1064 3016 semper
1088 2916 1169 3003 tuit,

62 3031 287 3106 excludendos
312 3059 389 3107 esse
413 3031 566 3130 digamos
592 3033 737 3106 asacris
762 3031 937 3106 ordinibus
961 3031 1005 3105 ob
1021 3031 1172 3131 Apostoli

62 3146 290 3221 auctoritatem
304 3148 481 3221 scribentis
503 3148 662 3246 «Oportet
673 3148 869 3247 episcopum
888 3172 964 3221 esse
980 3147 1082 3220 unius
1095 3172 1174 3222 uxo

63 3262 104 3334 ris
121 3262 235 3335 virum
256 3263 402 3357 (111).»
423 3260 518 3346 Quae
543 3261 678 3360 quidem
697 3261 741 3335 ad
761 3276 889 3334 ceteros
906 3260 1084 3334 sacerdotii
1101 3287 1174 3359 gra·

62 3377 121 3450 dus
146 3393 289 3449 extensa
312 3392 391 3449 sunt
415 3375 458 3449 ab
482 3377 625 3450 ecclesia
650 3377 741 3450 iuxta
766 3375 916 3476 Apostoli
942 3393 1098 3449 mentem.
1123 3377 1173 3447 Ex

64 3492 247 3565 innumeris
271 3517 376 3591 prope
399 3493 629 3579 documentis,
666 3519 753 3592 quae
783 3492 869 3565 banc
898 3491 932 3563 in
963 3518 1032 3564 rem
1060 3491 1172 3564 afferri

64 3623 219 3704 possent,
247 3622 501 3680 contentusero
527 3606 717 3679 testimonio
741 3634 770 3681 s.
801 3605 1002 3706 Epiphanii,
1031 3604 1090 3705 qui
1115 3631 1173 3678 ex-

66 3747 178 3818 presse
201 3721 347 3794 affirmat
366 3722 457 3821 quod
478 3722 665 3795 «secundis
688 3721 816 3823 nuptiis
839 3721 1031 3820 implicatus
1057 3721 1091 3792 in
1117 3747 1172 3793 eo-

65 3836 162 3910 clesia
187 3836 231 3909 ad
257 3836 481 3911 sacerdotium
499 3863 565 3910 non
583 3837 786 3923 admittitur;
813 3837 943 3910 tametsi
962 3851 1020 3910 aut
1036 3863 1113 3911 sese
1128 3836 1173 3909 ab

134 4078 202 4142 (tos)
215 4081 279 4142 opp.
295 4090 316 4128 s.
329 4081 401 4143 Greg.
412 4081 446 4130 u.
461 4081 522 4130 toro.
539 4081 583 4129 111.
597 4081 647 4131 cot.
665 4085 718 4132 too.

135 4160 202 4222 (too)
217 4160 276 4209 boc.
288 4158 331 4210 ott.
340 4159 389 4210 cot.
400 4163 454 4211 171.
469 4160 508 4211 ct.
521 4159 596 4211 ctiam
611 4160 643 4211 dc
652 4160 700 4212 hoc
709 4161 852 4222 argumento
863 4159 1011 4212 cotelerium
1026 4157 1121 4208 innota
1130 4163 1169 4207 to·

63 4239 173 4303 admont
186 4241 218 4289 11.
232 4237 290 4289 libri
306 4237 373 4290 tertii
390 4241 499 4290 comttt.
512 4240 647 4306 oportoltr.

132 4317 198 4381 (tot)
214 4320 235 4369 Ι.
249 4317 313 4369 Τίω.
330 4318 374 4368 nt.
389 4324 413 4370 t.
424 4317 493 4369 etad
504 4317 554 4369 ru.
567 4320 588 4379 l,
600 4321 625 4368 7.
