2796 5064
181 383 247 432 ιιι.
261 381 309 432 ιιι.
322 380 363 431 nr
380 378 477 430 seusu
491 379 581 430 rum.
598 377 660 430 ern.
678 376 792 430 runrss.
807 377 901 428 ιιιιιι.
919 379 988 428 ιιι.
1002 379 1036 429 ιι.
1102 358 1168 427 stt

569 596 608 693 p.
639 597 665 666 ι.

187 813 224 862 De
242 810 397 862 documentis
416 812 490 862 certis
510 824 555 874 pro
574 809 791 860 indissolubilitste
807 810 898 860 rincuti
915 811 1049 874 conlugetis

444 903 459 940 e
474 891 559 941 seculo
572 892 615 940 Vt.
633 891 659 941 et
671 889 794 952 deinceps.

138 1075 268 1171 dgmen
291 1074 431 1149 istorum
460 1075 562 1148 ducat
586 1100 665 1148 ven.
692 1073 792 1146 Beda.
823 1073 856 1146 ls
885 1074 921 1144 in
947 1097 1113 1149 commen.
1148 1078 1183 1148 iu

67 1194 94 1262 l.
115 1189 193 1264 Cor.
215 1191 286 1263 vlt.
315 1216 486 1291 exponens
508 1188 591 1263 illud
617 1187 790 1288 Apostoli:
819 1189 868 1262 Iis
893 1192 953 1288 qui
975 1193 1183 1264 matrimonio

64 1309 164 1379 iuncti
187 1321 265 1378 sunt
289 1321 354 1379 etc.
384 1306 431 1378 ita
457 1305 594 1379 scribit:
621 1307 765 1379 «Potest
780 1305 853 1378 lieri
873 1321 911 1379 ut
930 1310 1048 1401 (uxor)
1069 1305 1182 1380 disce-

61 1422 115 1494 det
138 1447 181 1494 en
207 1447 310 1495 ceusu
334 1447 403 1521 qun
427 1422 593 1495 Dominus
620 1420 792 1522 permisit.
809 1478 817 1492 .
834 1478 840 1492 .
857 1477 864 1491 .
881 1421 972 1520 quod
995 1447 1098 1495 causa
1118 1422 1185 1495 lor-

61 1539 240 1612 nicetionis
254 1539 475 1639 permittitur,
492 1555 625 1612 maneat
637 1539 711 1612 sine
725 1565 847 1626 uxore,
869 1553 927 1612 not
945 1539 1180 1613 reconcilietur

61 1653 202 1728 uxorii.
218 1711 226 1724 .
244 1712 270 1724 ..
290 1653 377 1739 Ouio
402 1670 435 1727 et
457 1654 516 1755 qui
533 1653 635 1741 dicit,
661 1678 729 1726 non
754 1652 834 1725 licet
858 1652 1027 1727 dimittere
1046 1678 1181 1726 uxorem

60 1771 125 1842 nisi
153 1795 261 1843 cause
286 1769 541 1856 fornicationis,
580 1769 670 1867 cogit
694 1768 836 1842 retinere
860 1794 997 1842 uxorem
1023 1769 1052 1842 si
1079 1793 1184 1842 ceusu

60 1883 292 1957 fornicationis
319 1908 385 1957 non
412 1883 522 1958 luerit.
544 1884 578 1955 Si
598 1899 708 1956 autem
735 1883 854 1968 suerit,
876 1907 944 1956 non
961 1883 1049 1980 cogit
1066 1882 1183 1956 dimit-

60 2018 149 2086 tere,
179 1999 241 2073 sed
269 2000 449 2098 permittit,
479 1999 567 2073 sicut
591 1999 727 2072 dieitur.
749 2000 821 2071 Non
847 1998 945 2072 liceat
966 1999 1098 2072 mulieri
1125 2025 1185 2071 nu·

60 2115 138 2188 bere
156 2114 274 2203 elteri,
292 2115 359 2189 nisi
371 2116 444 2190 viro
461 2130 604 2189 mortuo.
622 2116 657 2186 Si
674 2129 752 2188 ante
769 2114 833 2186 uiri
850 2130 990 2187 mortem
1009 2114 1179 2213 nupserit,

60 2258 115 2305 ren
141 2245 207 2306 est.
236 2231 270 2302 Si
296 2248 375 2330 post
399 2231 462 2304 uiri
487 2247 626 2304 mortem
650 2230 820 2330 nupserit,
851 2255 918 2302 non
940 2244 991 2303 est
1013 2255 1081 2302 rea.
1112 2231 1184 2302 Non

59 2348 151 2420 enim
178 2347 272 2420 iussu
295 2363 348 2420 est
373 2345 520 2432 nubere,
550 2346 609 2418 sed
636 2346 814 2446 permissu.
844 2346 1010 2419 Dominus
1036 2370 1116 2443 ergo
1142 2346 1186 2419 ed

61 2461 146 2534 illud
171 2461 461 2550 confirmandum,
489 2476 527 2534 ut
551 2486 617 2534 non
637 2459 735 2534 lecile
750 2486 836 2535 uxor
852 2460 1056 2548 dimittetur,
1078 2461 1186 2534 solam

61 2602 200 2650 oensem
227 2576 456 2674 fornicationis
481 2576 632 2675 excepit,
663 2592 791 2649 ceteras
813 2601 892 2650 vero
916 2576 1093 2648 universas
1118 2601 1187 2649 mo

61 2690 198 2778 lesties,
223 2690 254 2763 si
272 2717 361 2790 quac
386 2691 470 2765 lorte
495 2691 681 2778 extiterint,
708 2690 802 2764 iubet
822 2717 882 2791 pro
908 2690 974 2762 fide
994 2690 1182 2787 coniugali,

62 2806 94 2880 et
119 2832 182 2906 pro
207 2805 360 2880 castitate
385 2805 513 2880 sortiter
530 2805 712 2894 sustineri,
734 2821 766 2879 et
787 2806 964 2879 moechum
981 2804 1066 2878 dicit
1081 2805 1184 2877 etiam

62 2923 192 3010 virum,
220 2922 279 3023 qui
304 2949 378 2996 enm
403 2922 536 2996 duxerit
554 2949 642 3022 quoe
668 2922 776 2996 solutu
798 2938 850 2996 est
870 2949 890 2996 a
909 2921 993 2996 viro.
1014 2920 1118 2994 Cuius
1136 2923 1184 2994 rei

64 3037 188 3110 Paulus
223 3035 396 3136 apostolus
425 3037 605 3110 terminum
632 3037 791 3110 ostendit.
818 3037 904 3123 Quia
922 3036 1050 3109 tamdiu
1071 3035 1187 3109 obser-

63 3154 210 3226 vandum
228 3152 330 3226 dicit:
359 3153 522 3252 quamdiu
539 3153 592 3226 vir
609 3154 683 3226 eius
701 3154 794 3226 vivit.
817 3150 879 3226 Illo
900 3168 1011 3225 autem
1030 3169 1182 3240 mortuo,

63 3268 121 3340 det
145 3267 295 3365 nubendi
321 3268 503 3342 licentiam.
534 3269 629 3340 Hanc
651 3268 741 3341 enim
762 3269 862 3341 etiam
881 3268 1030 3366 regulam
1049 3269 1123 3368 ipse
1141 3285 1186 3343 te

64 3385 159 3466 nuit,
188 3400 222 3456 et
246 3384 280 3455 in
310 3409 351 3456 ee
376 3410 443 3456 non
474 3410 573 3457 suum
604 3384 802 3472 consilium,
832 3386 920 3457 siout
949 3385 984 3455 in
1014 3384 1186 3459 nonnullis

64 3498 222 3584 monitis,
251 3499 311 3571 sed
338 3514 549 3600 praeceptum
576 3499 709 3572 Domini
737 3498 885 3572 iubentis
910 3500 1080 3587 ostendit,
1109 3525 1186 3574 curn

64 3614 137 3685 ait:
164 3613 227 3685 Eis
252 3628 360 3685 autem
384 3640 467 3710 quoe
495 3628 615 3711 nuptae
639 3629 716 3684 sunt
736 3615 905 3712 praecipio
928 3642 993 3686 oon
1017 3642 1098 3713 eqo,
1131 3614 1188 3686 sed

65 3729 238 3813 Dominus,
269 3731 437 3801 mulierem
460 3755 482 3800 o
505 3731 577 3801 viro
601 3756 666 3799 noo
690 3728 872 3815 discedere;
900 3729 986 3827 quod
1010 3733 1043 3801 si
1067 3729 1187 3802 disces-

63 3846 161 3926 serit,
188 3869 317 3916 necuere
342 3845 533 3942 innuptam,
562 3857 620 3915 aut
643 3846 715 3915 uiro
733 3870 790 3915 suo
816 3845 1048 3928 reconciliari,
1079 3860 1110 3915 et
1134 3845 1188 3915 uir

66 3986 200 4030 uxorem
219 3985 283 4030 non
300 3958 456 4030 dimittat.
486 3958 592 4030 Credo
615 3958 718 4031 simili
745 3958 869 4047 lorma,
889 3976 928 4031 ut
948 3959 977 4031 si
996 3958 1182 4045 dimiserit,

65 4098 132 4145 nou
160 4072 263 4145 ducat
283 4072 405 4158 aliem,
435 4090 495 4146 aut
520 4072 751 4147 reconcilietur
771 4075 880 4147 uxori.
910 4074 995 4147 Fieri
1018 4073 1108 4145 enim
1126 4098 1183 4170 po

65 4203 129 4261 test
147 4203 186 4260 ut
202 4187 348 4260 dimittat
368 4213 505 4261 uxorem
519 4215 623 4262 causo
637 4188 884 4275 lornicationis,
905 4214 1006 4288 quem
1023 4187 1187 4261 Dominus

65 4319 240 4403 exceptam
267 4329 343 4376 esse
366 4301 482 4377 voluit.
512 4304 582 4377 lem
606 4303 734 4377 verosi
761 4329 823 4376 nee
848 4303 894 4375 illi
923 4302 1048 4376 nubere
1073 4328 1187 4377 concc-
