2796 5064
132 320 136 328 ¹
223 345 292 420 flt
367 367 429 421 uu.
450 368 498 421 ιιι.
520 365 608 418 esur.
629 364 948 419 summonitores.
965 363 1204 417 aarucnnrer.

219 489 313 592 pedit
337 489 474 563 nubere.
499 518 517 559 o
554 487 647 562 llaec
672 504 783 561 autem
809 485 986 560 admiratio
1011 484 1142 559 nullum
1173 483 1337 584 potuisset

218 605 329 679 locum
355 603 505 691 habere,
535 603 565 676 si
591 603 746 676 Christus
772 602 807 675 in
832 617 923 676 textu
949 600 1107 675 Matthaei
1133 599 1339 674 declarasset

218 721 413 818 coniugium
437 720 484 793 ita
508 746 569 818 per
594 719 848 792 fornicationem
871 716 1012 791 dissolvi
1028 774 1037 804 ,
1056 732 1094 790 ut
1111 715 1288 789 dimittens
1304 739 1340 788 ae

219 837 364 909 dimissa
382 853 520 935 possent
536 835 579 908 ad
603 861 707 908 novas
735 834 870 932 nuptias
892 833 1047 907 transire.
1076 831 1258 931 Siquidem
1281 830 1340 904 hoo

220 952 256 1025 iu
274 979 355 1025 casu
373 950 460 1023 nihil
485 951 563 1024 novi
584 950 740 1024 Christus
766 948 956 1036 intulisset,
976 947 1069 1049 qnod
1086 963 1263 1047 receptum
1280 974 1341 1022 nou

220 1085 312 1142 esset
335 1093 439 1166 penes
467 1066 623 1154 iudaeos,
650 1067 679 1141 si
705 1067 855 1166 excipias
881 1065 1041 1140 maiorem
1068 1063 1270 1138 facilitatem
1288 1089 1343 1137 uo·

219 1209 282 1257 uas
307 1182 444 1254 ineundi
466 1181 602 1280 nuptias
628 1181 686 1255 illo
706 1181 740 1253 in
761 1207 864 1267 casu,
890 1181 1015 1280 inquo
1040 1181 1134 1254 iuxta
1157 1181 1341 1255 mosaicam

220 1297 328 1396 legem
353 1296 497 1371 adulteri
522 1312 628 1371 morte
656 1297 824 1395 plectendi
846 1312 972 1370 essent.
1002 1295 1155 1369 Attamen
1184 1295 1341 1395 discipuli

220 1415 333 1489 mirati
361 1431 458 1501 sunt,
484 1440 524 1488 eo
544 1413 636 1515 quod
655 1440 777 1487 novum
795 1413 879 1514 quid
905 1413 1068 1487 hactenus
1095 1413 1289 1487 inauditum
1306 1413 1343 1484 ri

221 1528 322 1628 gidus
343 1529 530 1603 severitatis
554 1527 709 1602 Christus
735 1526 920 1627 protulerit.
942 1528 1097 1601 Christus
1113 1542 1231 1601 autem
1248 1525 1343 1600 disci·

222 1645 320 1747 pulos
338 1644 382 1718 ab
399 1646 464 1719 hac
479 1643 657 1719 verborum
675 1670 813 1717 suorum
836 1643 1058 1741 intelligentia
1073 1668 1142 1715 non
1158 1642 1265 1717 modo
1282 1667 1343 1716 non

223 1761 387 1848 removit,
416 1759 477 1834 sed
502 1761 603 1834 etiam
634 1760 845 1835 confirmarit
873 1759 1082 1860 respondens
1110 1757 1208 1833 illis:
1244 1759 1343 1831 «Non

222 1902 340 1951 omnes
367 1877 506 1976 capiunt
528 1875 668 1950 verbum
701 1874 813 1963 istud,
847 1874 907 1949 sed
937 1874 1063 1974 quibus
1093 1872 1214 1947 datum
1243 1889 1339 1949 est.»

223 1990 314 2078 Quid
328 2018 427 2090 porro
445 1991 585 2065 difficile
602 1991 773 2066 intellectu
790 1991 932 2079 fuisset,
956 1991 986 2062 si
1003 1988 1160 2063 Christus
1178 1989 1345 2064 docuisse

224 2123 361 2207 propter
385 2108 637 2181 fornicationem
664 2135 725 2182 seu
747 2108 970 2190 adulterium,
1000 2105 1255 2180 matrimonium
1279 2105 1343 2178 dis·

224 2220 309 2296 solvi
335 2248 412 2295 cum
435 2222 590 2296 facultate
609 2221 748 2297 alteram
766 2221 939 2296 ducendi?
956 2223 1039 2295 Nam
1058 2221 1093 2294 id
1110 2247 1233 2296 omnes
1251 2237 1341 2295 antea

224 2363 292 2410 non
317 2337 427 2411 solum
452 2338 704 2435 intelligebant,
734 2339 794 2412 sed
813 2357 846 2414 et
863 2339 898 2410 iu
917 2339 1046 2438 praxim
1073 2337 1292 2412 deducebant
1306 2335 1342 2410 ob

223 2452 322 2550 longe
340 2452 481 2527 leviores
499 2479 632 2527 causas.
654 2454 810 2528 Christus
823 2481 902 2528 vero
920 2480 960 2526 ex
981 2452 1231 2552 discipulorum
1247 2450 1343 2526 adrni-

223 2570 352 2642 ratione
376 2587 492 2642 nactus
518 2587 570 2643 est
595 2571 805 2643 occasionem
827 2588 864 2644 ut
888 2570 1076 2670 discipulos
1099 2594 1183 2644 auos
1207 2568 1252 2642 ad
1277 2592 1341 2642 cae·

223 2683 364 2758 libatum
390 2685 657 2783 amplectendum
686 2687 888 2760 hortaretur.

298 2800 340 2873 Ut
359 2802 471 2875 omnia
490 2801 631 2900 proinde
656 2803 859 2875 cohaereant
876 2802 910 2873 in
930 2802 996 2875 hac
1012 2801 1139 2875 Christi
1158 2801 1339 2884 sententia,

224 2917 405 2990 dicendum
422 2918 559 2991 omnino
581 2934 656 3004 est,
678 2918 849 2992 Christum
867 2917 923 2991 his
940 2918 1052 2991 verbis
1070 2918 1211 2990 unicam
1229 2917 1340 2990 dimis

224 3033 331 3105 sionis
357 3059 495 3105 causam
521 3033 737 3106 intrinsecam
759 3033 888 3106 scilicet
912 3051 945 3106 et
971 3049 1196 3131 perpetuam,
1225 3050 1264 3106 ut
1286 3055 1340 3104 auo

224 3146 298 3220 loco
323 3149 560 3234 ostendemus,
590 3148 807 3222 constituisse
829 3149 863 3220 in
891 3149 963 3222 solo
985 3149 1223 3222 fornicationis
1244 3173 1337 3230 easu;

225 3277 259 3334 et
280 3262 417 3359 quidem
436 3264 498 3351 ita,
522 3280 559 3335 ut
583 3266 683 3337 etiam
707 3264 741 3336 in
769 3264 833 3337 hoe
858 3289 959 3348 casu,
983 3291 1042 3362 per
1067 3262 1289 3337 abolitionem
1311 3260 1342 3333 li·

226 3374 304 3448 belli
332 3378 462 3475 repudii
485 3407 505 3450 a
527 3380 618 3452 Mose
644 3381 819 3467 concessi,
845 3407 912 3453 non
931 3379 1030 3453 liceat
1049 3405 1174 3454 novum
1199 3394 1279 3479 post
1301 3376 1341 3449 di·

226 3490 422 3564 missionem
447 3494 533 3566 inire
562 3495 776 3591 coniugium
810 3493 964 3593 adeoque
989 3494 1178 3567 clausulam
1209 3495 1253 3567 de
1282 3516 1341 3594 qua

227 3605 360 3701 agimus
381 3609 448 3679 nesi
464 3609 503 3679 ob
528 3610 790 3706 fornicationem,
816 3609 859 3681 ad
886 3609 994 3682 solam
1016 3608 1136 3682 referri
1154 3609 1342 3682 facultatem

228 3719 445 3795 dimittendae
476 3723 670 3811 adulterae,
706 3751 772 3798 non
804 3741 915 3797 autem
946 3725 989 3798 ad
1016 3725 1213 3798 facultatem
1246 3747 1344 3800 novae

227 3834 402 3929 ducendae
422 3839 551 3937 uxoris.
586 3840 651 3912 Seu
673 3839 764 3939 quod
791 3840 879 3913 idem
901 3856 972 3927 est,
1002 3840 1160 3914 Christus
1184 3841 1223 3912 in
1248 3837 1344 3940 priori

229 3949 443 4023 hemistichio
469 3952 599 4026 loeutus
625 3971 677 4027 est
699 3954 742 4026 de
767 3957 980 4054 separatione
997 3956 1110 4055 quoad
1129 3972 1264 4045 torum,
1285 3980 1346 4029 uon

228 4081 339 4137 autem
354 4066 463 4164 quoad
477 4067 666 4156 vinculum;
680 4069 829 4169 alioquin
848 4071 923 4169 ipse
936 4070 1164 4170 patrocinatus
1176 4087 1272 4146 esset
1282 4096 1348 4144 mu·

227 4178 302 4251 lieri
324 4180 515 4267 adulterae,
532 4185 661 4283 quippe
686 4185 739 4256 cui
762 4184 951 4258 facultatem
971 4185 1107 4258 fecisset
1124 4186 1161 4257 in
1179 4203 1349 4288 posterum

229 4292 356 4383 libere,
384 4312 417 4372 et
442 4297 476 4369 in
506 4323 583 4373 vero
609 4298 764 4395 coniugio
790 4327 866 4374 cum
892 4300 1044 4376 adultero
1070 4327 1295 4401 permanere,
1321 4299 1350 4376 si
