2796 5064
250 374 319 426 eir.
336 335 381 425 rt.
400 374 440 426 nn
453 373 565 425 ostro.
584 374 675 424 curn
688 375 726 424 rr
740 375 813 424 eru.
832 373 977 424 rurnnur.
996 376 1065 425 rur.
1085 376 1107 424 r.
1180 353 1242 422 itt

130 494 265 568 abolitos
281 521 368 579 cetu
384 493 553 594 siquidem
572 519 681 593 usque
699 492 741 565 ad
761 493 844 566 haec
863 493 966 567 lerme
983 510 1133 593 tempora
1151 521 1249 592 prae-

127 610 242 684 sertim
262 609 296 680 in
308 608 473 683 catholica
487 608 758 682 transilvaniensi
772 609 945 708 provincie
959 610 1171 682 matrimonia
1183 610 1250 682 dis

126 724 345 799 solvebantur
367 722 411 799 ob
437 723 612 822 probatum
627 722 828 796 adulterium
848 741 881 798 et
906 724 1070 822 perfidam
1088 724 1250 798 desertio-

125 865 224 926 nem,
257 865 345 940 quae
369 854 407 912 ut
431 838 613 938 plurimum
639 837 838 911 adulterium
865 838 1013 913 involuit.
1050 840 1156 939 ldque
1185 840 1249 913 sub

123 955 265 1028 obtentu
278 954 370 1056 quod
388 955 431 1028 iis
448 980 468 1027 a
486 980 516 1028 s.
530 953 615 1027 Sede
629 979 825 1027 concessum
839 954 938 1027 suerit
952 955 987 1025 in
1002 970 1079 1027 actu
1097 955 1245 1040 unionis,

123 1096 214 1169 quae
237 1070 327 1143 laeta
351 1086 402 1143 ast
419 1095 475 1143 an.
498 1070 606 1140 1699.
629 1069 839 1170 imperatoris
858 1068 1014 1169 Leopoldi
1034 1069 1248 1168 potissimum

123 1210 240 1285 opera.
271 1183 342 1256 lam
366 1209 446 1257 vero
472 1208 647 1281 perperam
675 1183 739 1282 ipsi
766 1199 942 1255 autumant
973 1182 1038 1256 hac
1071 1184 1249 1258 occasione

123 1299 258 1399 absque
283 1299 354 1374 ulla
386 1298 594 1373 restrictione
623 1298 824 1397 permissum
858 1298 908 1370 eis
941 1297 1048 1370 luisse
1080 1299 1247 1397 propriam

123 1414 344 1513 disciplinam
369 1413 535 1488 moderari
568 1414 661 1486 iuxta
694 1439 816 1513 corpus
842 1413 926 1485 iuris
952 1412 1104 1485 canonici
1136 1414 1246 1509 graeci

123 1530 216 1630 qood
231 1529 402 1628 digestum
419 1544 490 1602 erat
502 1545 580 1603 ante
601 1515 776 1614 unionem,
797 1529 955 1629 quodque
972 1543 1097 1600 vocant
1108 1527 1248 1599 Prooilo

125 1644 160 1718 id
173 1662 228 1719 est
238 1645 388 1743 rapulam
403 1645 491 1739 (21).
504 1645 604 1717 Porro
619 1659 864 1743 praeterquam
879 1643 970 1742 quod
982 1640 1112 1714 nullum
1124 1641 1248 1714 Romae

125 1759 229 1833 buius
255 1758 485 1833 concessionis
510 1758 623 1831 existit
646 1758 903 1842 documentum,
925 1774 1053 1830 certum
1078 1774 1131 1830 est
1155 1757 1247 1856 quod

125 1873 160 1945 in
177 1872 364 1970 diplomate
381 1871 592 1972 imperatoris
610 1871 767 1970 leopoldi
787 1871 865 1944 dato
882 1870 938 1944 die
952 1873 1010 1941 16.
1032 1869 1115 1944 lebr.
1135 1873 1242 1941 1699.

124 1987 216 2084 genti
240 1984 409 2058 Valaohae
433 2010 574 2082 graecae
598 2001 631 2058 et
657 1984 818 2057 ruthenae
843 2001 973 2085 praeter
1003 1984 1245 2057 admissionem

123 2117 270 2202 quatwr
294 2099 510 2174 articulorum
536 2099 661 2199 quibus
685 2099 932 2173 dissentiebant
956 2116 1071 2195 gentes
1101 2098 1179 2171 illae
1203 2099 1246 2172 ab

124 2213 270 2290 ecclesia
287 2238 426 2287 romana
446 2214 544 2308 (22),
565 2213 840 2313 praemittebatur
865 2230 1036 2313 tamquam
1055 2213 1247 2287 necessaria

124 2328 273 2404 conditio
297 2327 433 2401 unionis
459 2328 550 2427 quod
575 2328 665 2402 dicta
691 2330 782 2402 natio
808 2344 993 2402 teneretur:
1027 2327 1184 2402 «Omnia
1207 2356 1247 2402 ea

124 2443 323 2530 admittere,
352 2442 522 2543 profiteri,
550 2444 766 2530 accredere,
794 2470 882 2544 quae
908 2460 1027 2517 sancta
1056 2460 1163 2518 mater
1191 2470 1246 2517 ec-

123 2559 230 2634 clesia
247 2584 386 2632 mmana
402 2558 570 2633 catholica
581 2558 736 2645 admittit,
753 2559 939 2658 profitetur,
956 2575 990 2632 et
1006 2558 1112 2632 credit
1128 2560 1201 2653 (23)
1211 2589 1242 2630 .»

124 2675 197 2749 lloo
220 2673 370 2772 diploma
396 2672 530 2773 publice
558 2672 681 2747 lectum
711 2691 763 2747 est
791 2674 826 2744 in
853 2674 997 2747 comitiis
1031 2672 1245 2770 generalibus

124 2789 389 2876 Transilvaniae,
406 2789 490 2889 quin
504 2786 573 2861 ulla
588 2788 681 2862 fieret
694 2788 873 2889 oppositio,
891 2788 947 2861 die
965 2791 999 2859 8.
1013 2803 1097 2885 sept.
1117 2789 1241 2872 1699.;

124 2933 202 2981 cum
228 2922 341 2979 autem
366 2904 454 2977 inter
477 2920 603 2989 cetera,
625 2930 713 3003 quae
730 2902 894 2988 admittit,
923 2901 1097 3002 profitetur
1118 2918 1150 2975 et
1172 2928 1244 2975 cre·

200 3113 251 3172 (nt)
267 3113 304 3162 De
322 3124 373 3175 quo
393 3112 446 3161 inre
456 3111 575 3161 canomco
594 3124 636 3162 sen
659 3110 772 3161 Proelia
790 3110 878 3160 scribit
892 3111 997 3161 Walter.
1011 3113 1132 3160 tuscan.
1147 3109 1186 3159 ed.
1200 3111 1241 3158 ltl.

121 3193 147 3257 §-
162 3200 202 3243 st.
219 3205 244 3256 p.
262 3195 314 3242 rit.
331 3189 465 3242 «vallacini
484 3191 527 3254 qui
546 3204 595 3242 sec.
617 3193 682 3241 xlii.
698 3191 823 3255 proprium
842 3204 871 3240 ac
891 3189 1056 3254 independens
1075 3201 1176 3253 regnum
1195 3189 1241 3238 lor·

121 3275 239 3335 innuat,
250 3284 291 3321 tu.
309 3277 378 3322 rtet.
394 3284 517 3321 moenum
537 3271 705 3321 collectionem
725 3271 750 3320 in
769 3270 853 3334 lingua
871 3271 1002 3320 vernacula
1031 3270 1195 3333 mnsenptam
1215 3282 1244 3319 ae

121 3352 188 3415 typis
209 3350 302 3402 editam
323 3350 487 3402 obtinuerant.
505 3352 607 3401 consul
624 3351 685 3400 liaeo
705 3350 818 3400 collectio
837 3349 934 3400 duabus
954 3349 1073 3414 pertibus.
1093 3350 1174 3399 Prima
1187 3353 1241 3400 til.

121 3431 232 3495 cnpitms
251 3431 416 3495 complectens
435 3431 554 3481 llauuelis
573 3431 663 3481 Melani
682 3433 890 3480 Nomcconouem
911 3430 968 3491 (an.
990 3437 1057 3480 teet.
1076 3429 1242 3493 conscriptum

121 3515 148 3563 et
167 3523 200 3562 ex
223 3509 320 3573 Pbolii,
333 3510 501 3572 Bdtamonis,
514 3511 631 3561 Blastaris
651 3512 676 3560 et
693 3512 787 3559 zonara
804 3509 919 3573 operibus
939 3510 1098 3573 excerptum)
1109 3522 1137 3558 ex
1156 3523 1243 3572 macro

121 3592 148 3643 ia
166 3591 326 3642 vernaculam
348 3591 456 3654 linguam
471 3593 619 3641 banslatnnr
637 3589 744 3641 exbibet.
762 3590 843 3640 Altera
857 3603 930 3653 pars,
945 3604 1009 3653 quae
1023 3593 1190 3641 Nomoconon
1207 3589 1242 3637 iu-

121 3669 375 3730 mesammones
393 3669 578 3733 apostolorum,
590 3668 768 3728 conciliorum,
790 3668 872 3719 Basilii
894 3669 1048 3732 aliorumque
1069 3671 1164 3732 patrum
1185 3681 1240 3716 ran·

121 3749 199 3811 unet,
210 3760 241 3798 ex
252 3748 393 3798 recensione
403 3761 479 3811 quum
490 3748 617 3798 Aristonus
633 3747 659 3797 in
675 3750 782 3811 synopsi
797 3747 902 3798 scltoltts
912 3746 1051 3797 adornavit.
1063 3750 1155 3797 Graeca
1167 3759 1241 3809 porro

121 3831 183 3882 ittet
200 3841 276 3893 opera
288 3828 350 3879 nihil
369 3828 470 3879 omniuo
489 3841 619 3879 commune
638 3829 830 3891 traherentque
851 3842 879 3877 et
900 3840 983 3878 errore
995 3827 1100 3877 sontium
1113 3829 1238 3889 tanquan

121 3907 197 3961 untur
215 3906 375 3970 cinsduqoe
396 3906 548 3957 collectionis
566 3910 647 3971 partas
667 3907 820 3957 considerata
838 3911 926 3956 sunt.»

199 3987 253 4050 (22)
267 3988 361 4050 Nempe
382 3994 402 4036 ι.
419 3986 451 4036 de
468 4000 531 4037 rom.
550 3986 665 4050 pontifice
687 4000 802 4050 supremo
823 3987 898 4037 totius
919 3987 1034 4039 ecclesiae
1057 3986 1152 4049 capite,
1173 3994 1194 4036 2.
1211 3986 1242 4034 de

121 4065 306 4121 milone
324 4065 488 4118 eucharistiae
507 4066 534 4117 in
555 4079 618 4130 pane
638 4080 724 4129 azymo
744 4066 891 4129 sufficienti;
905 4073 927 4116 3.
949 4065 980 4116 de
997 4065 1152 4130 purgatori03
1165 4070 1188 4116 l.
1210 4065 1241 4116 de

121 4147 278 4215 macedone
295 4146 402 4210 spiritus
419 4147 503 4198 saucii
521 4147 595 4198 eliam
616 4160 631 4196 a
649 4147 722 4196 Filio.
994 4138 997 4143 “

196 4226 249 4290 (lt)
265 4227 346 4277 lloius
363 4225 506 4290 diplomatis
525 4226 606 4278 adhuc
634 4227 718 4278 existit
738 4230 918 4292 transumptum
939 4227 964 4276 in
984 4227 1100 4276 archiviis
1118 4240 1166 4275 sae.
1184 4240 1240 4277 con·

121 4322 186 4372 greg.
200 4305 233 4356 de
249 4305 405 4371 propaganda
423 4306 480 4358 lide.

198 4413 239 4467 lll
1124 4417 1158 4466 26
