2796 5064
139 353 187 425 tlt
319 376 368 427 un
397 374 446 426 ιιι.
463 374 551 426 surr.
568 377 592 426 ι.
610 377 650 426 nr
668 376 763 428 nuru.
781 376 904 428 cunrsr.
921 379 1067 431 nutrire.

141 521 235 583 rum;
258 519 300 570 ne
324 493 500 569 christiani
520 525 539 566 e
558 495 679 571 viduas
713 495 843 597 absquo
877 524 1014 574 suorum
1040 499 1228 576 sacerdotri

138 624 308 685 consensu
332 624 366 684 et
390 607 591 684 conlibentia
617 608 725 709 plebis
750 610 874 685 ducere
900 630 1118 713 praesumant
1138 616 1224 712 (il).

141 726 236 801 Hanc
269 736 379 800 tamen
408 726 635 802 conditionem
661 727 705 800 ab
729 727 873 802 ecelesia
904 756 1091 830 numquam
1117 731 1228 834 adoptt

140 858 208 914 tarn
233 867 368 916 censeo.

213 956 263 1030 En
279 957 404 1057 quibus
422 957 580 1032 omnibus
600 964 742 1058 pronum
759 977 812 1032 est
829 959 952 1034 inferre
968 961 1150 1036 ecclesiam
1168 988 1228 1036 sen

141 1086 325 1170 peraegre
356 1072 476 1146 tulisse
501 1073 671 1147 sccundus
704 1074 856 1174 nuptias,
884 1076 947 1149 etsi
978 1102 1037 1149 eas
1069 1103 1228 1178 numquar

141 1187 358 1288 prohibuerit.
381 1189 449 1262 Nec
474 1189 596 1262 mirum
614 1190 736 1289 cuique
754 1216 830 1264 esse
847 1190 948 1264 debet
964 1191 994 1265 si
1019 1192 1168 1266 ecclesia
1192 1197 1228 1267 m?

140 1328 205 1376 nus
230 1328 267 1375 se
291 1329 372 1400 erga
395 1302 562 1389 eiusmodi
589 1304 707 1378 iterata
738 1304 895 1403 coniugia
925 1331 1133 1405 propensam
1167 1307 1228 1382 e'xh

140 1416 214 1491 buit
237 1418 281 1492 ob
305 1419 467 1493 indicium
485 1420 577 1519 quod
594 1446 635 1494 ca
653 1419 859 1520 praeseferre
876 1420 1034 1495 videntur
1057 1423 1166 1495 animi
1191 1449 1228 1498 no

139 1532 319 1609 admodum
338 1535 539 1609 continentis
557 1536 750 1637 pudicique;
766 1562 843 1610 curn
857 1537 909 1611 rei
926 1536 1018 1637 apud
1037 1538 1134 1638 ipsos
1152 1538 1228 1612 ethn

140 1675 198 1725 cos
217 1649 300 1724 haec
317 1651 431 1751 opinio
449 1650 628 1725 invaluerit
648 1654 736 1748 (li),
759 1651 843 1725 adeo
861 1667 899 1726 ut
911 1653 1038 1750 digami
1052 1658 1187 1754 passim
1200 1654 1228 1727 dr

141 1765 365 1864 spicerentur,
387 1793 427 1841 ac
452 1767 624 1865 magnoin
644 1768 751 1867 pretio
773 1783 807 1842 et
822 1768 1070 1844 existimatione
1096 1769 1228 1846 habere

141 1896 214 1968 tur,
231 1907 317 1981 quae
336 1879 436 1956 fidem
460 1882 567 1982 primo
580 1882 701 1956 marito
720 1881 877 1958 deiuncto
892 1909 1027 1983 semper
1047 1910 1228 1962 servassen

565 2100 773 2158 ARTiCULUS
792 2101 829 2157 ii.

183 2283 320 2344 Doctrina
339 2284 474 2344 ecciesiae
494 2301 529 2344 au
549 2285 702 2362 disciplina
721 2289 798 2346 circa
818 2289 984 2365 trigamiam
1006 2288 1221 2368 ulterioresque

323 2384 443 2460 nuptias
463 2385 643 2444 successivas
663 2386 818 2460 exponitur
837 2400 872 2445 ac
893 2384 1068 2470 vindicatur.

213 2585 361 2659 Dubium
373 2611 440 2660 non
457 2604 509 2659 est
525 2586 568 2658 de
585 2586 795 2683 legitimitate
813 2585 986 2683 trigamiae
998 2605 1032 2659 et
1048 2587 1228 2688 subsequen

142 2701 225 2776 tium
239 2701 488 2799 coniugiorum,
512 2702 600 2775 idem
621 2727 696 2775 esse
718 2701 891 2775 ferendum
910 2702 1074 2776 iudicium
1091 2728 1134 2776 ac
1150 2704 1228 2780 deit

141 2817 265 2916 gamia.
291 2817 363 2892 Hoc
387 2818 496 2892 solum
520 2817 695 2891 intercedit
713 2818 896 2891 discrimen
919 2819 1010 2890 iuxta
1035 2820 1228 2894 veteremd

142 2933 344 3032 sciplinam,
364 2933 455 3034 quod
473 2934 632 3008 severiori
649 2933 860 3032 ,poenitentia
878 2933 1008 3008 multati
1036 2933 1182 3024 suerint,
1201 2962 1228 3037 ῳ

142 3049 186 3122 ad
208 3049 381 3123 ulteriores
404 3051 539 3150 nuptias
560 3051 790 3136 transiissent,
813 3077 916 3150 quam
938 3050 997 3150 qui
1017 3051 1136 3126 iterato
1158 3079 1228 3126 sem

141 3164 311 3239 connubio
336 3166 480 3239 contenti
505 3165 673 3252 luissent,
710 3164 753 3238 ob
783 3164 945 3239 maiorem
980 3166 1228 3243 incontinentia

141 3307 243 3379 quam
270 3281 552 3381 praeseferebant.
581 3281 686 3381 idque
716 3297 786 3355 tum
818 3281 852 3352 in
882 3279 1026 3354 ecclesia
1056 3282 1228 3357 occidente

144 3412 213 3469 turn
228 3397 441 3495 potissimum
464 3397 498 3467 in
519 3396 672 3470 orientali
695 3423 783 3496 quae
804 3397 926 3495 iugiter
947 3424 984 3470 sc
1006 3397 1116 3494 magis
1141 3397 1228 3473 advo

142 3537 215 3584 sam
240 3511 295 3585 his
321 3511 524 3586 successivis
549 3513 676 3612 nuptiis
701 3511 865 3586 exhibuit.

55 3617 58 3621 ⁸
216 3627 420 3702 Pecuiiarem
443 3627 663 3702 nihilominus
687 3629 924 3727 proposuimus
946 3628 988 3700 de
1010 3628 1107 3703 hisco
1129 3630 1228 3705 uiteri

143 3742 237 3818 ribus
250 3745 417 3841 coniugiis
440 3745 666 3819 tractationem
686 3744 878 3831 instituere,
900 3761 936 3816 ut
952 3744 1075 3818 veteris
1094 3744 1228 3821 ecclesia

211 3955 260 4016 ilo)
277 3957 331 4007 tib.
350 3957 502 4008 Vinios.

210 4037 260 4100 (lt)
276 4037 339 4087 iiiuc
355 4037 472 4101 Virgilius
488 4038 524 4088 sic
546 4038 681 4089 introducit
698 4036 819 4088 Didonem
837 4036 972 4088 dicentem:

333 4118 359 4167 Si
374 4118 434 4168 milri
451 4132 499 4168 non
516 4118 599 4168 auimo
615 4118 692 4168 tirum
708 4119 887 4180 immotumque
898 4116 1001 4180 sederet,

334 4199 424 4249 lierni
441 4211 480 4249 rne
496 4199 577 4249 vincio
593 4199 683 4249 reliam
700 4196 794 4248 sociare
810 4197 884 4261 iuguli

335 4280 399 4331 iiuic
414 4280 457 4329 uni
473 4279 554 4331 iorsnn
571 4279 640 4344 potui
655 4278 814 4330 succumbere
828 4279 924 4342 culpae.

142 4362 170 4410 in
186 4360 229 4411 ilo.
248 4361 289 4410 lv.
304 4373 328 4410 r.
345 4367 423 4413 tnta.
436 4360 478 4411 ubi
495 4361 604 4424 repetere
619 4359 718 4425 nuptiae
731 4358 796 4410 Dido
811 4357 920 4424 culpent
937 4371 1026 4410 vocare
1041 4370 1092 4410 non
1110 4356 1202 4408 abnuit.
