<?xml version="1.0" encoding="UTF-8"?>
<!DOCTYPE html PUBLIC "-//W3C//DTD XHTML 1.0 Transitional//EN"
    "http://www.w3.org/TR/xhtml1/DTD/xhtml1-transitional.dtd">
<html xmlns="http://www.w3.org/1999/xhtml" xml:lang="en" lang="en">
 <head>
  <title>
</title>
<meta http-equiv="Content-Type" content="text/html;charset=utf-8" />
  <meta name='ocr-system' content='tesseract 3.04.00' />
  <meta name='ocr-capabilities' content='ocr_page ocr_carea ocr_par ocr_line ocrx_word'/>
</head>
<body>
  <div class='ocr_page' id='page_1' title='image "./dematrimoniochr01perrgoog_0256.png"; bbox 0 0 2796 5064; ppageno 0'>
   <div class='ocr_carea' id='block_1_1' title="bbox 235 338 1223 414">
    <p class='ocr_par' dir='ltr' id='par_1_1' title="bbox 235 338 1223 414">
     <span class='ocr_line' id='line_1_1' title="bbox 235 338 1223 414; baseline 0.004 -4"><span class='ocrx_word' id='word_1_1' title='bbox 235 358 307 411; x_wconf 79' lang='lat' dir='ltr'><strong>mr.</strong></span> <span class='ocrx_word' id='word_1_2' title='bbox 321 361 371 411; x_wconf 89' lang='lat' dir='ltr'><strong>ru.</strong></span> <span class='ocrx_word' id='word_1_3' title='bbox 385 354 530 411; x_wconf 68' lang='lat' dir='ltr'><strong>armasti</strong></span> <span class='ocrx_word' id='word_1_4' title='bbox 545 363 636 411; x_wconf 80' lang='lat' dir='ltr'><strong>raro.</strong></span> <span class='ocrx_word' id='word_1_5' title='bbox 649 360 712 412; x_wconf 85' lang='lat' dir='ltr'><strong>cur.</strong></span> <span class='ocrx_word' id='word_1_6' title='bbox 726 362 838 413; x_wconf 84' lang='lat' dir='ltr'><strong>ruorss.</strong></span> <span class='ocrx_word' id='word_1_7' title='bbox 852 363 946 414; x_wconf 78' lang='lat' dir='ltr'><strong>uara</strong></span> <span class='ocrx_word' id='word_1_8' title='bbox 961 365 1031 414; x_wconf 80' lang='grc' dir='ltr'><strong>ιιι.</strong></span> <span class='ocrx_word' id='word_1_9' title='bbox 1045 366 1068 414; x_wconf 89' lang='grc' dir='ltr'><strong>ι.</strong></span> <span class='ocrx_word' id='word_1_10' title='bbox 1156 338 1223 414; x_wconf 76' lang='lat' dir='ltr'><strong>tet</strong></span> 
     </span>
    </p>
   </div>
   <div class='ocr_carea' id='block_1_2' title="bbox 108 475 1226 3928">
    <p class='ocr_par' dir='ltr' id='par_1_2' title="bbox 109 475 1226 1615">
     <span class='ocr_line' id='line_1_2' title="bbox 109 475 1226 578; baseline 0.008 -30"><span class='ocrx_word' id='word_1_11' title='bbox 109 475 135 549; x_wconf 86' lang='lat' dir='ltr'><strong>in</strong></span> <span class='ocrx_word' id='word_1_12' title='bbox 155 502 265 551; x_wconf 89' lang='lat' dir='ltr'><strong>unam</strong></span> <span class='ocrx_word' id='word_1_13' title='bbox 291 504 426 553; x_wconf 87' lang='lat' dir='ltr'><strong>carnem</strong></span> <span class='ocrx_word' id='word_1_14' title='bbox 444 480 727 578; x_wconf 83' lang='lat' dir='ltr'><strong>perseverantiam</strong></span> <span class='ocrx_word' id='word_1_15' title='bbox 747 507 789 553; x_wconf 93' lang='lat' dir='ltr'><strong>ne</strong></span> <span class='ocrx_word' id='word_1_16' title='bbox 806 481 990 555; x_wconf 79' lang='lat' dir='ltr'><strong>necessitas</strong></span> <span class='ocrx_word' id='word_1_17' title='bbox 1016 482 1068 556; x_wconf 84' lang='lat' dir='ltr'><strong>rel</strong></span> <span class='ocrx_word' id='word_1_18' title='bbox 1092 484 1226 557; x_wconf 81' lang='lat' dir='ltr'><strong>occasio</strong></span> 
     </span>
     <span class='ocr_line' id='line_1_3' title="bbox 109 591 1226 695; baseline 0.005 -30"><span class='ocrx_word' id='word_1_19' title='bbox 109 591 222 666; x_wconf 72' lang='lat' dir='ltr'><strong>tertiae</strong></span> <span class='ocrx_word' id='word_1_20' title='bbox 243 593 516 668; x_wconf 73' lang='lat' dir='ltr'><strong>concarnationis</strong></span> <span class='ocrx_word' id='word_1_21' title='bbox 540 593 719 693; x_wconf 84' lang='lat' dir='ltr'><strong>irrumpat,</strong></span> <span class='ocrx_word' id='word_1_22' title='bbox 736 594 800 668; x_wconf 89' lang='lat' dir='ltr'><strong>soli</strong></span> <span class='ocrx_word' id='word_1_23' title='bbox 814 621 939 669; x_wconf 89' lang='lat' dir='ltr'><strong>causae</strong></span> <span class='ocrx_word' id='word_1_24' title='bbox 958 597 1155 695; x_wconf 88' lang='lat' dir='ltr'><strong>permittens</strong></span> <span class='ocrx_word' id='word_1_25' title='bbox 1178 624 1226 671; x_wconf 83' lang='lat' dir='ltr'><strong>re·</strong></span> 
     </span>
     <span class='ocr_line' id='line_1_4' title="bbox 109 707 1222 809; baseline 0.003 -27"><span class='ocrx_word' id='word_1_26' title='bbox 109 707 265 806; x_wconf 85' lang='lat' dir='ltr'><strong>prrdium‚</strong></span> <span class='ocrx_word' id='word_1_27' title='bbox 288 709 316 783; x_wconf 90' lang='lat' dir='ltr'><strong>si</strong></span> <span class='ocrx_word' id='word_1_28' title='bbox 336 711 418 784; x_wconf 86' lang='lat' dir='ltr'><strong>sorte</strong></span> <span class='ocrx_word' id='word_1_29' title='bbox 434 711 661 808; x_wconf 83' lang='lat' dir='ltr'><strong>praevenerit,</strong></span> <span class='ocrx_word' id='word_1_30' title='bbox 681 711 734 783; x_wconf 90' lang='lat' dir='ltr'><strong>cui</strong></span> <span class='ocrx_word' id='word_1_31' title='bbox 753 727 982 809; x_wconf 86' lang='lat' dir='ltr'><strong>praecavetur.</strong></span> <span class='ocrx_word' id='word_1_32' title='bbox 1003 711 1094 786; x_wconf 82' lang='lat' dir='ltr'><strong>Adeo</strong></span> <span class='ocrx_word' id='word_1_33' title='bbox 1112 729 1222 787; x_wconf 90' lang='lat' dir='ltr'><strong>autem</strong></span> 
     </span>
     <span class='ocr_line' id='line_1_5' title="bbox 109 824 1224 926; baseline 0.003 -29"><span class='ocrx_word' id='word_1_34' title='bbox 109 824 287 922; x_wconf 79' lang='lat' dir='ltr'><strong>repudium</strong></span> <span class='ocrx_word' id='word_1_35' title='bbox 300 851 321 898; x_wconf 90' lang='lat' dir='ltr'><strong>a</strong></span> <span class='ocrx_word' id='word_1_36' title='bbox 334 825 517 925; x_wconf 91' lang='lat' dir='ltr'><strong>primordio</strong></span> <span class='ocrx_word' id='word_1_37' title='bbox 530 852 595 898; x_wconf 92' lang='lat' dir='ltr'><strong>non</strong></span> <span class='ocrx_word' id='word_1_38' title='bbox 606 825 680 911; x_wconf 86' lang='lat' dir='ltr'><strong>luit,</strong></span> <span class='ocrx_word' id='word_1_39' title='bbox 693 841 729 898; x_wconf 91' lang='lat' dir='ltr'><strong>ut</strong></span> <span class='ocrx_word' id='word_1_40' title='bbox 738 826 830 925; x_wconf 91' lang='lat' dir='ltr'><strong>apud</strong></span> <span class='ocrx_word' id='word_1_41' title='bbox 845 852 1000 902; x_wconf 90' lang='lat' dir='ltr'><strong>romanos</strong></span> <span class='ocrx_word' id='word_1_42' title='bbox 1012 845 1088 926; x_wconf 92' lang='lat' dir='ltr'><strong>post</strong></span> <span class='ocrx_word' id='word_1_43' title='bbox 1099 856 1224 900; x_wconf 87' lang='lat' dir='ltr'><strong>annum</strong></span> 
     </span>
     <span class='ocr_line' id='line_1_6' title="bbox 109 939 1225 1038; baseline 0.003 -25"><span class='ocrx_word' id='word_1_44' title='bbox 109 942 384 1015; x_wconf 86' lang='lat' dir='ltr'><strong>rexcentesimum</strong></span> <span class='ocrx_word' id='word_1_45' title='bbox 409 939 507 1014; x_wconf 87' lang='lat' dir='ltr'><strong>Urbis</strong></span> <span class='ocrx_word' id='word_1_46' title='bbox 529 941 703 1028; x_wconf 87' lang='lat' dir='ltr'><strong>conditae,</strong></span> <span class='ocrx_word' id='word_1_47' title='bbox 729 941 762 1012; x_wconf 92' lang='lat' dir='ltr'><strong>id</strong></span> <span class='ocrx_word' id='word_1_48' title='bbox 783 967 887 1038; x_wconf 82' lang='lat' dir='ltr'><strong>genus</strong></span> <span class='ocrx_word' id='word_1_49' title='bbox 907 942 1051 1015; x_wconf 89' lang='lat' dir='ltr'><strong>duritiae</strong></span> <span class='ocrx_word' id='word_1_50' title='bbox 1069 944 1225 1017; x_wconf 90' lang='lat' dir='ltr'><strong>commis-</strong></span> 
     </span>
     <span class='ocr_line' id='line_1_7' title="bbox 109 1056 1225 1155; baseline 0.004 -28"><span class='ocrx_word' id='word_1_51' title='bbox 109 1079 172 1127; x_wconf 87' lang='lat' dir='ltr'><strong>tum</strong></span> <span class='ocrx_word' id='word_1_52' title='bbox 186 1056 380 1130; x_wconf 78' lang='lat' dir='ltr'><strong>denotetur.</strong></span> <span class='ocrx_word' id='word_1_53' title='bbox 391 1056 457 1129; x_wconf 91' lang='lat' dir='ltr'><strong>Sed</strong></span> <span class='ocrx_word' id='word_1_54' title='bbox 471 1056 519 1128; x_wconf 93' lang='lat' dir='ltr'><strong>illi</strong></span> <span class='ocrx_word' id='word_1_55' title='bbox 533 1056 634 1130; x_wconf 89' lang='lat' dir='ltr'><strong>etiam</strong></span> <span class='ocrx_word' id='word_1_56' title='bbox 649 1083 715 1129; x_wconf 92' lang='lat' dir='ltr'><strong>non</strong></span> <span class='ocrx_word' id='word_1_57' title='bbox 730 1057 944 1155; x_wconf 87' lang='lat' dir='ltr'><strong>repudiantes</strong></span> <span class='ocrx_word' id='word_1_58' title='bbox 960 1056 1124 1131; x_wconf 83' lang='lat' dir='ltr'><strong>adulteria</strong></span> <span class='ocrx_word' id='word_1_59' title='bbox 1138 1085 1225 1131; x_wconf 90' lang='lat' dir='ltr'><strong>oom-</strong></span> 
     </span>
     <span class='ocr_line' id='line_1_8' title="bbox 109 1170 1219 1271; baseline 0.004 -30"><span class='ocrx_word' id='word_1_60' title='bbox 109 1170 263 1259; x_wconf 88' lang='lat' dir='ltr'><strong>nisoent,</strong></span> <span class='ocrx_word' id='word_1_61' title='bbox 280 1172 390 1255; x_wconf 77' lang='lat' dir='ltr'><strong>nolis,</strong></span> <span class='ocrx_word' id='word_1_62' title='bbox 407 1175 469 1243; x_wconf 80' lang='lat' dir='ltr'><strong>etsi</strong></span> <span class='ocrx_word' id='word_1_63' title='bbox 480 1171 698 1269; x_wconf 79' lang='lat' dir='ltr'><strong>repudiemus,</strong></span> <span class='ocrx_word' id='word_1_64' title='bbox 714 1199 753 1245; x_wconf 82' lang='lat' dir='ltr'><strong>oe</strong></span> <span class='ocrx_word' id='word_1_65' title='bbox 767 1172 884 1244; x_wconf 81' lang='lat' dir='ltr'><strong>nubere</strong></span> <span class='ocrx_word' id='word_1_66' title='bbox 901 1173 1032 1271; x_wconf 79' lang='lat' dir='ltr'><strong>quidem</strong></span> <span class='ocrx_word' id='word_1_67' title='bbox 1050 1174 1219 1245; x_wconf 71' lang='lat' dir='ltr'><strong>liseria...</strong></span> 
     </span>
     <span class='ocr_line' id='line_1_9' title="bbox 109 1286 1224 1386; baseline 0.001 -28"><span class='ocrx_word' id='word_1_68' title='bbox 109 1286 163 1358; x_wconf 76' lang='lat' dir='ltr'><strong>let·</strong></span> <span class='ocrx_word' id='word_1_69' title='bbox 179 1301 318 1358; x_wconf 84' lang='lat' dir='ltr'><strong>mortem</strong></span> <span class='ocrx_word' id='word_1_70' title='bbox 334 1290 464 1385; x_wconf 78' lang='lat' dir='ltr'><strong>utiquc,</strong></span> <span class='ocrx_word' id='word_1_71' title='bbox 486 1314 549 1358; x_wconf 83' lang='lat' dir='ltr'><strong>aon</strong></span> <span class='ocrx_word' id='word_1_72' title='bbox 565 1313 627 1384; x_wconf 86' lang='lat' dir='ltr'><strong>per</strong></span> <span class='ocrx_word' id='word_1_73' title='bbox 649 1286 823 1385; x_wconf 73' lang='lat' dir='ltr'><strong>repudium</strong></span> <span class='ocrx_word' id='word_1_74' title='bbox 838 1288 928 1385; x_wconf 72' lang='lat' dir='ltr'><strong>[octo</strong></span> <span class='ocrx_word' id='word_1_75' title='bbox 945 1288 1101 1360; x_wconf 81' lang='lat' dir='ltr'><strong>solutione</strong></span> <span class='ocrx_word' id='word_1_76' title='bbox 1111 1317 1121 1372; x_wconf 89' lang='lat'><em>;</em></span> <span class='ocrx_word' id='word_1_77' title='bbox 1143 1291 1224 1386; x_wconf 83' lang='lat' dir='ltr'><strong>quia</strong></span> 
     </span>
     <span class='ocr_line' id='line_1_10' title="bbox 109 1400 1224 1502; baseline 0.002 -30"><span class='ocrx_word' id='word_1_78' title='bbox 109 1400 284 1499; x_wconf 72' lang='lat' dir='ltr'><strong>apodiatas</strong></span> <span class='ocrx_word' id='word_1_79' title='bbox 301 1428 365 1473; x_wconf 79' lang='lat' dir='ltr'><strong>uos</strong></span> <span class='ocrx_word' id='word_1_80' title='bbox 381 1405 583 1500; x_wconf 72' lang='lat' dir='ltr'><strong>pemittcrct</strong></span> <span class='ocrx_word' id='word_1_81' title='bbox 599 1402 734 1484; x_wconf 67' lang='lat' dir='ltr'><strong>nubae,</strong></span> <span class='ocrx_word' id='word_1_82' title='bbox 757 1401 913 1474; x_wconf 84' lang='lat' dir='ltr'><strong>aduersus</strong></span> <span class='ocrx_word' id='word_1_83' title='bbox 926 1405 1106 1502; x_wconf 81' lang='lat' dir='ltr'><strong>pristinum</strong></span> <span class='ocrx_word' id='word_1_84' title='bbox 1124 1427 1224 1499; x_wconf 85' lang='lat' dir='ltr'><strong>prac-</strong></span> 
     </span>
     <span class='ocr_line' id='line_1_11' title="bbox 109 1521 364 1615; baseline -0.004 -27"><span class='ocrx_word' id='word_1_85' title='bbox 109 1531 227 1615; x_wconf 60' lang='lat' dir='ltr'><strong>uplrtm</strong></span> <span class='ocrx_word' id='word_1_86' title='bbox 248 1521 364 1614; x_wconf 78' lang='lat' dir='ltr'><strong>(37).s</strong></span> 
     </span>
    </p>

    <p class='ocr_par' dir='ltr' id='par_1_3' title="bbox 108 1632 1223 3347">
     <span class='ocr_line' id='line_1_12' title="bbox 173 1632 1222 1733; baseline 0 -29"><span class='ocrx_word' id='word_1_87' title='bbox 173 1634 225 1705; x_wconf 85' lang='lat' dir='ltr'><strong>Ex</strong></span> <span class='ocrx_word' id='word_1_88' title='bbox 251 1659 321 1732; x_wconf 90' lang='lat' dir='ltr'><strong>qua</strong></span> <span class='ocrx_word' id='word_1_89' title='bbox 346 1632 477 1733; x_wconf 82' lang='lat' dir='ltr'><strong>prolixa</strong></span> <span class='ocrx_word' id='word_1_90' title='bbox 502 1632 697 1706; x_wconf 80' lang='lat' dir='ltr'><strong>Tertulliani</strong></span> <span class='ocrx_word' id='word_1_91' title='bbox 722 1634 1012 1730; x_wconf 81' lang='lat' dir='ltr'><strong>argumentatione</strong></span> <span class='ocrx_word' id='word_1_92' title='bbox 1034 1633 1222 1732; x_wconf 88' lang='lat' dir='ltr'><strong>deprehen·</strong></span> 
     </span>
     <span class='ocr_line' id='line_1_13' title="bbox 108 1748 1222 1849; baseline 0 -28"><span class='ocrx_word' id='word_1_93' title='bbox 108 1748 212 1823; x_wconf 92' lang='lat' dir='ltr'><strong>limus</strong></span> <span class='ocrx_word' id='word_1_94' title='bbox 241 1751 275 1821; x_wconf 84' lang='lat' dir='ltr'><strong>l.</strong></span> <span class='ocrx_word' id='word_1_95' title='bbox 297 1750 409 1849; x_wconf 92' lang='lat' dir='ltr'><strong>ipsum</strong></span> <span class='ocrx_word' id='word_1_96' title='bbox 435 1774 631 1849; x_wconf 89' lang='lat' dir='ltr'><strong>comparare</strong></span> <span class='ocrx_word' id='word_1_97' title='bbox 656 1750 836 1848; x_wconf 86' lang='lat' dir='ltr'><strong>repudium</strong></span> <span class='ocrx_word' id='word_1_98' title='bbox 863 1777 938 1823; x_wconf 91' lang='lat' dir='ltr'><strong>cum</strong></span> <span class='ocrx_word' id='word_1_99' title='bbox 966 1767 1092 1837; x_wconf 89' lang='lat' dir='ltr'><strong>morte,</strong></span> <span class='ocrx_word' id='word_1_100' title='bbox 1120 1750 1167 1821; x_wconf 87' lang='lat' dir='ltr'><strong>ita</strong></span> <span class='ocrx_word' id='word_1_101' title='bbox 1184 1768 1222 1821; x_wconf 92' lang='lat' dir='ltr'><strong>ut</strong></span> 
     </span>
     <span class='ocr_line' id='line_1_14' title="bbox 109 1863 1221 1964; baseline -0.004 -25"><span class='ocrx_word' id='word_1_102' title='bbox 109 1863 385 1964; x_wconf 77' lang='lat' dir='ltr'><strong>pucmadmodum</strong></span> <span class='ocrx_word' id='word_1_103' title='bbox 407 1864 500 1937; x_wconf 82' lang='lat' dir='ltr'><strong>iuxta</strong></span> <span class='ocrx_word' id='word_1_104' title='bbox 518 1864 594 1937; x_wconf 91' lang='lat' dir='ltr'><strong>eius</strong></span> <span class='ocrx_word' id='word_1_105' title='bbox 612 1865 815 1963; x_wconf 91' lang='lat' dir='ltr'><strong>principium</strong></span> <span class='ocrx_word' id='word_1_106' title='bbox 834 1864 1103 1937; x_wconf 89' lang='lat' dir='ltr'><strong>montanisticum</strong></span> <span class='ocrx_word' id='word_1_107' title='bbox 1123 1890 1221 1935; x_wconf 90' lang='lat' dir='ltr'><strong>nemo</strong></span> 
     </span>
     <span class='ocr_line' id='line_1_15' title="bbox 109 1979 1222 2078; baseline -0.002 -24"><span class='ocrx_word' id='word_1_108' title='bbox 109 1995 204 2055; x_wconf 82' lang='lat' dir='ltr'><strong>rotest</strong></span> <span class='ocrx_word' id='word_1_109' title='bbox 231 2004 269 2053; x_wconf 90' lang='lat' dir='ltr'><strong>se</strong></span> <span class='ocrx_word' id='word_1_110' title='bbox 297 1980 435 2077; x_wconf 85' lang='lat' dir='ltr'><strong>iungere</strong></span> <span class='ocrx_word' id='word_1_111' title='bbox 463 1979 566 2052; x_wconf 90' lang='lat' dir='ltr'><strong>etiam</strong></span> <span class='ocrx_word' id='word_1_112' title='bbox 594 1996 832 2078; x_wconf 83' lang='lat' dir='ltr'><strong>postmortem</strong></span> <span class='ocrx_word' id='word_1_113' title='bbox 863 1980 959 2053; x_wconf 88' lang='lat' dir='ltr'><strong>alteri</strong></span> <span class='ocrx_word' id='word_1_114' title='bbox 991 1980 1142 2076; x_wconf 86' lang='lat' dir='ltr'><strong>coniugi,</strong></span> <span class='ocrx_word' id='word_1_115' title='bbox 1172 1981 1222 2054; x_wconf 90' lang='lat' dir='ltr'><strong>sic</strong></span> 
     </span>
     <span class='ocr_line' id='line_1_16' title="bbox 109 2094 1219 2195; baseline -0.001 -28"><span class='ocrx_word' id='word_1_116' title='bbox 109 2120 207 2195; x_wconf 87' lang='lat' dir='ltr'><strong>toque</strong></span> <span class='ocrx_word' id='word_1_117' title='bbox 232 2110 340 2195; x_wconf 88' lang='lat' dir='ltr'><strong>potest</strong></span> <span class='ocrx_word' id='word_1_118' title='bbox 364 2112 440 2193; x_wconf 88' lang='lat' dir='ltr'><strong>post</strong></span> <span class='ocrx_word' id='word_1_119' title='bbox 465 2095 665 2193; x_wconf 89' lang='lat' dir='ltr'><strong>repudium;</strong></span> <span class='ocrx_word' id='word_1_120' title='bbox 693 2098 727 2167; x_wconf 79' lang='lat'><strong>2.</strong></span> <span class='ocrx_word' id='word_1_121' title='bbox 758 2095 1008 2168; x_wconf 91' lang='lat' dir='ltr'><strong>matrimonium</strong></span> <span class='ocrx_word' id='word_1_122' title='bbox 1035 2122 1095 2195; x_wconf 88' lang='lat' dir='ltr'><strong>per</strong></span> <span class='ocrx_word' id='word_1_123' title='bbox 1122 2094 1219 2167; x_wconf 86' lang='lat' dir='ltr'><strong>Chri-</strong></span> 
     </span>
     <span class='ocr_line' id='line_1_17' title="bbox 109 2209 1222 2309; baseline 0 -26"><span class='ocrx_word' id='word_1_124' title='bbox 109 2226 182 2283; x_wconf 92' lang='lat' dir='ltr'><strong>tum</strong></span> <span class='ocrx_word' id='word_1_125' title='bbox 210 2225 402 2283; x_wconf 84' lang='lat' dir='ltr'><strong>revocatum</strong></span> <span class='ocrx_word' id='word_1_126' title='bbox 429 2210 472 2282; x_wconf 89' lang='lat' dir='ltr'><strong>ad</strong></span> <span class='ocrx_word' id='word_1_127' title='bbox 499 2210 676 2309; x_wconf 89' lang='lat' dir='ltr'><strong>pristinam</strong></span> <span class='ocrx_word' id='word_1_128' title='bbox 694 2209 797 2284; x_wconf 86' lang='lat' dir='ltr'><strong>luisse</strong></span> <span class='ocrx_word' id='word_1_129' title='bbox 815 2211 1057 2284; x_wconf 87' lang='lat' dir='ltr'><strong>institutionem</strong></span> <span class='ocrx_word' id='word_1_130' title='bbox 1085 2211 1222 2285; x_wconf 91' lang='lat' dir='ltr'><strong>coniun-</strong></span> 
     </span>
     <span class='ocr_line' id='line_1_18' title="bbox 109 2325 1221 2426; baseline 0.004 -33"><span class='ocrx_word' id='word_1_131' title='bbox 109 2325 216 2400; x_wconf 84' lang='lat' dir='ltr'><strong>tionis</strong></span> <span class='ocrx_word' id='word_1_132' title='bbox 236 2342 417 2425; x_wconf 88' lang='lat' dir='ltr'><strong>perpetuae</strong></span> <span class='ocrx_word' id='word_1_133' title='bbox 433 2326 535 2401; x_wconf 92' lang='lat' dir='ltr'><strong>unius</strong></span> <span class='ocrx_word' id='word_1_134' title='bbox 553 2353 630 2399; x_wconf 91' lang='lat' dir='ltr'><strong>cum</strong></span> <span class='ocrx_word' id='word_1_135' title='bbox 648 2325 752 2399; x_wconf 84' lang='lat' dir='ltr'><strong>altera</strong></span> <span class='ocrx_word' id='word_1_136' title='bbox 770 2384 777 2412; x_wconf 90' lang='lat'>‚</span> <span class='ocrx_word' id='word_1_137' title='bbox 801 2327 847 2399; x_wconf 90' lang='lat' dir='ltr'><strong>ita</strong></span> <span class='ocrx_word' id='word_1_138' title='bbox 863 2343 900 2398; x_wconf 94' lang='lat' dir='ltr'><strong>ut</strong></span> <span class='ocrx_word' id='word_1_139' title='bbox 918 2353 1103 2426; x_wconf 90' lang='lat' dir='ltr'><strong>numquam</strong></span> <span class='ocrx_word' id='word_1_140' title='bbox 1123 2325 1221 2400; x_wconf 87' lang='lat' dir='ltr'><strong>liceat</strong></span> 
     </span>
     <span class='ocr_line' id='line_1_19' title="bbox 109 2442 1223 2543; baseline -0.001 -26"><span class='ocrx_word' id='word_1_141' title='bbox 109 2468 199 2517; x_wconf 80' lang='lat' dir='ltr'><strong>roras</strong></span> <span class='ocrx_word' id='word_1_142' title='bbox 222 2443 411 2516; x_wconf 86' lang='lat' dir='ltr'><strong>instaurare</strong></span> <span class='ocrx_word' id='word_1_143' title='bbox 433 2442 567 2543; x_wconf 90' lang='lat' dir='ltr'><strong>nuptias</strong></span> <span class='ocrx_word' id='word_1_144' title='bbox 592 2444 664 2518; x_wconf 84' lang='lat' dir='ltr'><strong>sive</strong></span> <span class='ocrx_word' id='word_1_145' title='bbox 688 2459 821 2516; x_wconf 88' lang='lat' dir='ltr'><strong>mortua</strong></span> <span class='ocrx_word' id='word_1_146' title='bbox 843 2444 912 2516; x_wconf 87' lang='lat' dir='ltr'><strong>sivo</strong></span> <span class='ocrx_word' id='word_1_147' title='bbox 938 2444 1115 2542; x_wconf 88' lang='lat' dir='ltr'><strong>repudiata</strong></span> <span class='ocrx_word' id='word_1_148' title='bbox 1150 2469 1223 2543; x_wconf 78' lang='lat' dir='ltr'><strong>pro·</strong></span> 
     </span>
     <span class='ocr_line' id='line_1_20' title="bbox 109 2556 1222 2657; baseline -0.002 -25"><span class='ocrx_word' id='word_1_149' title='bbox 109 2574 168 2633; x_wconf 81' lang='lat' dir='ltr'><strong>tter</strong></span> <span class='ocrx_word' id='word_1_150' title='bbox 184 2557 391 2630; x_wconf 88' lang='lat' dir='ltr'><strong>adulterium</strong></span> <span class='ocrx_word' id='word_1_151' title='bbox 410 2557 509 2630; x_wconf 89' lang='lat' dir='ltr'><strong>luerit</strong></span> <span class='ocrx_word' id='word_1_152' title='bbox 525 2583 628 2644; x_wconf 81' lang='lat' dir='ltr'><strong>uxor;</strong></span> <span class='ocrx_word' id='word_1_153' title='bbox 651 2560 684 2628; x_wconf 83' lang='lat'><strong>3.</strong></span> <span class='ocrx_word' id='word_1_154' title='bbox 707 2556 878 2628; x_wconf 81' lang='lat' dir='ltr'><strong>Christum</strong></span> <span class='ocrx_word' id='word_1_155' title='bbox 894 2557 957 2629; x_wconf 89' lang='lat' dir='ltr'><strong>hac</strong></span> <span class='ocrx_word' id='word_1_156' title='bbox 975 2559 1049 2657; x_wconf 92' lang='lat' dir='ltr'><strong>ipsa</strong></span> <span class='ocrx_word' id='word_1_157' title='bbox 1062 2557 1105 2630; x_wconf 94' lang='lat' dir='ltr'><strong>de</strong></span> <span class='ocrx_word' id='word_1_158' title='bbox 1118 2582 1222 2630; x_wconf 89' lang='lat' dir='ltr'><strong>causa</strong></span> 
     </span>
     <span class='ocr_line' id='line_1_21' title="bbox 109 2671 1220 2771; baseline -0.003 -23"><span class='ocrx_word' id='word_1_159' title='bbox 109 2672 285 2749; x_wconf 79' lang='lat' dir='ltr'><strong>tlsulevisse</strong></span> <span class='ocrx_word' id='word_1_160' title='bbox 301 2672 452 2746; x_wconf 91' lang='lat' dir='ltr'><strong>libellum</strong></span> <span class='ocrx_word' id='word_1_161' title='bbox 471 2672 601 2771; x_wconf 88' lang='lat' dir='ltr'><strong>repudii</strong></span> <span class='ocrx_word' id='word_1_162' title='bbox 621 2672 665 2745; x_wconf 93' lang='lat' dir='ltr'><strong>ob</strong></span> <span class='ocrx_word' id='word_1_163' title='bbox 684 2671 794 2746; x_wconf 89' lang='lat' dir='ltr'><strong>cordis</strong></span> <span class='ocrx_word' id='word_1_164' title='bbox 816 2672 972 2743; x_wconf 91' lang='lat' dir='ltr'><strong>duritiam</strong></span> <span class='ocrx_word' id='word_1_165' title='bbox 995 2675 1146 2771; x_wconf 81' lang='lat' dir='ltr'><strong>alloyse</strong></span> <span class='ocrx_word' id='word_1_166' title='bbox 1164 2672 1220 2745; x_wconf 86' lang='lat' dir='ltr'><strong>he·</strong></span> 
     </span>
     <span class='ocr_line' id='line_1_22' title="bbox 109 2786 1222 2887; baseline -0.005 -24"><span class='ocrx_word' id='word_1_167' title='bbox 109 2788 208 2863; x_wconf 80' lang='lat' dir='ltr'><strong>traeis</strong></span> <span class='ocrx_word' id='word_1_168' title='bbox 231 2787 453 2887; x_wconf 89' lang='lat' dir='ltr'><strong>permissum;</strong></span> <span class='ocrx_word' id='word_1_169' title='bbox 486 2788 519 2861; x_wconf 81' lang='lat' dir='ltr'><strong>l.</strong></span> <span class='ocrx_word' id='word_1_170' title='bbox 541 2787 688 2887; x_wconf 91' lang='lat' dir='ltr'><strong>denique</strong></span> <span class='ocrx_word' id='word_1_171' title='bbox 712 2788 881 2886; x_wconf 88' lang='lat' dir='ltr'><strong>conceptis</strong></span> <span class='ocrx_word' id='word_1_172' title='bbox 899 2787 1010 2861; x_wconf 84' lang='lat' dir='ltr'><strong>verbis</strong></span> <span class='ocrx_word' id='word_1_173' title='bbox 1028 2786 1155 2886; x_wconf 89' lang='lat' dir='ltr'><strong>pluries</strong></span> <span class='ocrx_word' id='word_1_174' title='bbox 1174 2787 1222 2858; x_wconf 93' lang='lat' dir='ltr'><strong>in-</strong></span> 
     </span>
     <span class='ocr_line' id='line_1_23' title="bbox 109 2901 1221 3005; baseline -0.004 -28"><span class='ocrx_word' id='word_1_175' title='bbox 109 2903 232 2978; x_wconf 77' lang='lat' dir='ltr'><strong>ulcaro</strong></span> <span class='ocrx_word' id='word_1_176' title='bbox 250 2902 347 2977; x_wconf 91' lang='lat' dir='ltr'><strong>nobis</strong></span> <span class='ocrx_word' id='word_1_177' title='bbox 364 2903 557 2978; x_wconf 88' lang='lat' dir='ltr'><strong>christianis</strong></span> <span class='ocrx_word' id='word_1_178' title='bbox 574 2928 685 3005; x_wconf 86' lang='lat' dir='ltr'><strong>neque</strong></span> <span class='ocrx_word' id='word_1_179' title='bbox 702 2905 736 2974; x_wconf 93' lang='lat' dir='ltr'><strong>in</strong></span> <span class='ocrx_word' id='word_1_180' title='bbox 756 2928 836 2977; x_wconf 87' lang='lat' dir='ltr'><strong>casu</strong></span> <span class='ocrx_word' id='word_1_181' title='bbox 858 2901 1066 2976; x_wconf 88' lang='lat' dir='ltr'><strong>dimissionis</strong></span> <span class='ocrx_word' id='word_1_182' title='bbox 1086 2917 1221 3000; x_wconf 85' lang='lat' dir='ltr'><strong>propter</strong></span> 
     </span>
     <span class='ocr_line' id='line_1_24' title="bbox 109 3017 1222 3116; baseline -0.004 -23"><span class='ocrx_word' id='word_1_183' title='bbox 109 3020 174 3096; x_wconf 85' lang='lat' dir='ltr'><strong>tdul</strong></span> <span class='ocrx_word' id='word_1_184' title='bbox 180 3021 301 3094; x_wconf 89' lang='lat' dir='ltr'><strong>terium</strong></span> <span class='ocrx_word' id='word_1_185' title='bbox 314 3021 427 3109; x_wconf 78' lang='lat' dir='ltr'><strong>licere,</strong></span> <span class='ocrx_word' id='word_1_186' title='bbox 439 3021 572 3095; x_wconf 82' lang='lat' dir='ltr'><strong>vivente</strong></span> <span class='ocrx_word' id='word_1_187' title='bbox 585 3020 696 3093; x_wconf 90' lang='lat' dir='ltr'><strong>adhuc</strong></span> <span class='ocrx_word' id='word_1_188' title='bbox 709 3019 869 3093; x_wconf 89' lang='lat' dir='ltr'><strong>alterutro</strong></span> <span class='ocrx_word' id='word_1_189' title='bbox 882 3019 1036 3116; x_wconf 81' lang='lat' dir='ltr'><strong>coniuge,</strong></span> <span class='ocrx_word' id='word_1_190' title='bbox 1046 3019 1147 3090; x_wconf 90' lang='lat' dir='ltr'><strong>aliam</strong></span> <span class='ocrx_word' id='word_1_191' title='bbox 1162 3017 1222 3089; x_wconf 93' lang='lat' dir='ltr'><strong>du-</strong></span> 
     </span>
     <span class='ocr_line' id='line_1_25' title="bbox 109 3132 1221 3234; baseline -0.002 -25"><span class='ocrx_word' id='word_1_192' title='bbox 109 3161 185 3224; x_wconf 66' lang='lat' dir='ltr'><strong>cere,</strong></span> <span class='ocrx_word' id='word_1_193' title='bbox 200 3134 255 3208; x_wconf 82' lang='lat' dir='ltr'><strong>vel</strong></span> <span class='ocrx_word' id='word_1_194' title='bbox 274 3135 367 3208; x_wconf 88' lang='lat' dir='ltr'><strong>alteri</strong></span> <span class='ocrx_word' id='word_1_195' title='bbox 383 3135 521 3209; x_wconf 86' lang='lat' dir='ltr'><strong>nubere.</strong></span> <span class='ocrx_word' id='word_1_196' title='bbox 532 3134 692 3234; x_wconf 78' lang='lat' dir='ltr'><strong>Adeoque</strong></span> <span class='ocrx_word' id='word_1_197' title='bbox 710 3133 795 3206; x_wconf 91' lang='lat' dir='ltr'><strong>nihil</strong></span> <span class='ocrx_word' id='word_1_198' title='bbox 815 3134 923 3232; x_wconf 85' lang='lat' dir='ltr'><strong>optari</strong></span> <span class='ocrx_word' id='word_1_199' title='bbox 942 3132 1146 3207; x_wconf 88' lang='lat' dir='ltr'><strong>luculentius</strong></span> <span class='ocrx_word' id='word_1_200' title='bbox 1164 3159 1221 3232; x_wconf 80' lang='lat' dir='ltr'><strong>po</strong></span> 
     </span>
     <span class='ocr_line' id='line_1_26' title="bbox 109 3246 1216 3347; baseline -0.008 -21"><span class='ocrx_word' id='word_1_201' title='bbox 109 3267 161 3326; x_wconf 88' lang='lat' dir='ltr'><strong>est</strong></span> <span class='ocrx_word' id='word_1_202' title='bbox 173 3249 343 3322; x_wconf 79' lang='lat' dir='ltr'><strong>adseram</strong></span> <span class='ocrx_word' id='word_1_203' title='bbox 349 3248 544 3322; x_wconf 88' lang='lat' dir='ltr'><strong>Tertulliani</strong></span> <span class='ocrx_word' id='word_1_204' title='bbox 557 3265 703 3323; x_wconf 88' lang='lat' dir='ltr'><strong>mentem</strong></span> <span class='ocrx_word' id='word_1_205' title='bbox 718 3249 782 3322; x_wconf 90' lang='lat' dir='ltr'><strong>hac</strong></span> <span class='ocrx_word' id='word_1_206' title='bbox 795 3273 896 3347; x_wconf 90' lang='lat' dir='ltr'><strong>super</strong></span> <span class='ocrx_word' id='word_1_207' title='bbox 909 3274 943 3320; x_wconf 90' lang='lat' dir='ltr'><strong>re</strong></span> <span class='ocrx_word' id='word_1_208' title='bbox 957 3246 1216 3347; x_wconf 87' lang='lat' dir='ltr'><strong>assequendum.</strong></span> 
     </span>
    </p>

    <p class='ocr_par' dir='ltr' id='par_1_4' title="bbox 109 3363 1222 3928">
     <span class='ocr_line' id='line_1_27' title="bbox 171 3363 1222 3464; baseline -0.006 -25"><span class='ocrx_word' id='word_1_209' title='bbox 171 3366 245 3438; x_wconf 89' lang='lat' dir='ltr'><strong>lam</strong></span> <span class='ocrx_word' id='word_1_210' title='bbox 269 3390 349 3438; x_wconf 82' lang='lat' dir='ltr'><strong>vero</strong></span> <span class='ocrx_word' id='word_1_211' title='bbox 370 3391 411 3437; x_wconf 83' lang='lat' dir='ltr'><strong>ex</strong></span> <span class='ocrx_word' id='word_1_212' title='bbox 436 3363 491 3437; x_wconf 93' lang='lat' dir='ltr'><strong>his</strong></span> <span class='ocrx_word' id='word_1_213' title='bbox 516 3391 604 3463; x_wconf 91' lang='lat' dir='ltr'><strong>quae</strong></span> <span class='ocrx_word' id='word_1_214' title='bbox 635 3364 813 3464; x_wconf 89' lang='lat' dir='ltr'><strong>perspicua</strong></span> <span class='ocrx_word' id='word_1_215' title='bbox 852 3379 955 3448; x_wconf 90' lang='lat' dir='ltr'><strong>sunt,</strong></span> <span class='ocrx_word' id='word_1_216' title='bbox 993 3388 1137 3460; x_wconf 84' lang='lat' dir='ltr'><strong>pronum</strong></span> <span class='ocrx_word' id='word_1_217' title='bbox 1172 3378 1222 3434; x_wconf 89' lang='lat' dir='ltr'><strong>est</strong></span> 
     </span>
     <span class='ocr_line' id='line_1_28' title="bbox 110 3477 1216 3575; baseline -0.007 -19"><span class='ocrx_word' id='word_1_218' title='bbox 110 3506 208 3555; x_wconf 76' lang='lat' dir='ltr'><strong>soem</strong></span> <span class='ocrx_word' id='word_1_219' title='bbox 235 3480 380 3552; x_wconf 89' lang='lat' dir='ltr'><strong>mutuari</strong></span> <span class='ocrx_word' id='word_1_220' title='bbox 407 3479 450 3553; x_wconf 88' lang='lat' dir='ltr'><strong>ad</strong></span> <span class='ocrx_word' id='word_1_221' title='bbox 476 3506 516 3553; x_wconf 88' lang='lat' dir='ltr'><strong>ea</strong></span> <span class='ocrx_word' id='word_1_222' title='bbox 541 3479 737 3553; x_wconf 84' lang='lat' dir='ltr'><strong>Tertulliani</strong></span> <span class='ocrx_word' id='word_1_223' title='bbox 759 3479 949 3552; x_wconf 86' lang='lat' dir='ltr'><strong>testimonia</strong></span> <span class='ocrx_word' id='word_1_224' title='bbox 975 3477 1216 3575; x_wconf 85' lang='lat' dir='ltr'><strong>intelligenda,</strong></span> 
     </span>
     <span class='ocr_line' id='line_1_29' title="bbox 109 3593 1220 3696; baseline -0.006 -26"><span class='ocrx_word' id='word_1_225' title='bbox 109 3621 188 3696; x_wconf 74' lang='lat' dir='ltr'><strong>puae</strong></span> <span class='ocrx_word' id='word_1_226' title='bbox 212 3594 446 3668; x_wconf 83' lang='lat' dir='ltr'><strong>difficultatem</strong></span> <span class='ocrx_word' id='word_1_227' title='bbox 472 3596 664 3680; x_wconf 90' lang='lat' dir='ltr'><strong>lacessunt,</strong></span> <span class='ocrx_word' id='word_1_228' title='bbox 690 3593 882 3694; x_wconf 87' lang='lat' dir='ltr'><strong>quibusque</strong></span> <span class='ocrx_word' id='word_1_229' title='bbox 911 3593 1052 3692; x_wconf 89' lang='lat' dir='ltr'><strong>permoti</strong></span> <span class='ocrx_word' id='word_1_230' title='bbox 1079 3593 1220 3666; x_wconf 92' lang='lat' dir='ltr'><strong>indisso-</strong></span> 
     </span>
     <span class='ocr_line' id='line_1_30' title="bbox 111 3707 1219 3807; baseline -0.006 -22"><span class='ocrx_word' id='word_1_231' title='bbox 111 3710 277 3785; x_wconf 89' lang='lat' dir='ltr'><strong>ubilitatis</strong></span> <span class='ocrx_word' id='word_1_232' title='bbox 293 3709 476 3784; x_wconf 81' lang='lat' dir='ltr'><strong>adversarii</strong></span> <span class='ocrx_word' id='word_1_233' title='bbox 495 3736 611 3784; x_wconf 87' lang='lat' dir='ltr'><strong>omnes</strong></span> <span class='ocrx_word' id='word_1_234' title='bbox 628 3736 705 3783; x_wconf 89' lang='lat' dir='ltr'><strong>cum</strong></span> <span class='ocrx_word' id='word_1_235' title='bbox 719 3709 804 3782; x_wconf 87' lang='lat' dir='ltr'><strong>inter</strong></span> <span class='ocrx_word' id='word_1_236' title='bbox 816 3708 1018 3807; x_wconf 84' lang='lat' dir='ltr'><strong>praecipuos</strong></span> <span class='ocrx_word' id='word_1_237' title='bbox 1035 3707 1219 3781; x_wconf 86' lang='lat' dir='ltr'><strong>sententiae</strong></span> 
     </span>
     <span class='ocr_line' id='line_1_31' title="bbox 109 3826 712 3928; baseline -0.008 -27"><span class='ocrx_word' id='word_1_238' title='bbox 109 3852 179 3901; x_wconf 85' lang='lat' dir='ltr'><strong>uae</strong></span> <span class='ocrx_word' id='word_1_239' title='bbox 204 3843 363 3928; x_wconf 91' lang='lat' dir='ltr'><strong>patronos</strong></span> <span class='ocrx_word' id='word_1_240' title='bbox 380 3826 603 3900; x_wconf 91' lang='lat' dir='ltr'><strong>adnumerant</strong></span> <span class='ocrx_word' id='word_1_241' title='bbox 623 3828 712 3920; x_wconf 81' lang='lat'><strong>(38).</strong></span> 
     </span>
    </p>
   </div>
   <div class='ocr_carea' id='block_1_3' title="bbox 109 3994 1218 4381">
    <p class='ocr_par' dir='ltr' id='par_1_5' title="bbox 168 3994 561 4060">
     <span class='ocr_line' id='line_1_32' title="bbox 168 3994 561 4060; baseline -0.005 -13"><span class='ocrx_word' id='word_1_242' title='bbox 168 3996 222 4060; x_wconf 72' lang='lat'><strong>(³7)</strong></span> <span class='ocrx_word' id='word_1_243' title='bbox 236 3994 284 4046; x_wconf 73' lang='lat' dir='ltr'><strong>m.</strong></span> <span class='ocrx_word' id='word_1_244' title='bbox 299 4003 366 4046; x_wconf 79' lang='lat' dir='ltr'><strong>rese.</strong></span> <span class='ocrx_word' id='word_1_245' title='bbox 380 4009 435 4059; x_wconf 77' lang='lat' dir='ltr'><strong>pag.</strong></span> <span class='ocrx_word' id='word_1_246' title='bbox 449 4000 561 4046; x_wconf 67' lang='grc'><strong>577577.</strong></span> 
     </span>
    </p>

    <p class='ocr_par' dir='ltr' id='par_1_6' title="bbox 109 4070 1218 4381">
     <span class='ocr_line' id='line_1_33' title="bbox 166 4070 1215 4140; baseline -0.01 -12"><span class='ocrx_word' id='word_1_247' title='bbox 166 4078 220 4139; x_wconf 73' lang='lat'><strong>(88)</strong></span> <span class='ocrx_word' id='word_1_248' title='bbox 235 4079 271 4126; x_wconf 79' lang='lat' dir='ltr'><strong>Ex</strong></span> <span class='ocrx_word' id='word_1_249' title='bbox 285 4075 538 4140; x_wconf 82' lang='lat' dir='ltr'><strong>protestantibusposl</strong></span> <span class='ocrx_word' id='word_1_250' title='bbox 548 4077 630 4139; x_wconf 89' lang='lat' dir='ltr'><strong>plures</strong></span> <span class='ocrx_word' id='word_1_251' title='bbox 639 4074 700 4127; x_wconf 87' lang='lat' dir='ltr'><strong>alios</strong></span> <span class='ocrx_word' id='word_1_252' title='bbox 708 4075 892 4125; x_wconf 82' lang='lat' dir='ltr'><strong>loGerlrarrlrrs</strong></span> <span class='ocrx_word' id='word_1_253' title='bbox 901 4077 956 4124; x_wconf 74' lang='lat' dir='ltr'><strong>Lor.</strong></span> <span class='ocrx_word' id='word_1_254' title='bbox 966 4072 1143 4133; x_wconf 69' lang='lat' dir='ltr'><strong>tlrcoloolom.</strong></span> <span class='ocrx_word' id='word_1_255' title='bbox 1151 4070 1215 4119; x_wconf 79' lang='lat' dir='ltr'><strong>xvl.</strong></span> 
     </span>
     <span class='ocr_line' id='line_1_34' title="bbox 109 4153 1218 4221; baseline -0.01 -13"><span class='ocrx_word' id='word_1_256' title='bbox 109 4158 221 4221; x_wconf 65' lang='lat' dir='ltr'><strong>ubiugae</strong></span> <span class='ocrx_word' id='word_1_257' title='bbox 233 4158 301 4208; x_wconf 75' lang='lat'><strong>1777.</strong></span> <span class='ocrx_word' id='word_1_258' title='bbox 312 4155 352 4207; x_wconf 87' lang='lat' dir='ltr'><strong>ed.</strong></span> <span class='ocrx_word' id='word_1_259' title='bbox 365 4157 432 4207; x_wconf 86' lang='lat' dir='ltr'><strong>Frid.</strong></span> <span class='ocrx_word' id='word_1_260' title='bbox 443 4160 516 4208; x_wconf 84' lang='lat' dir='ltr'><strong>cotta</strong></span> <span class='ocrx_word' id='word_1_261' title='bbox 524 4155 548 4220; x_wconf 66' lang='grc' dir='ltr'><strong>ς.</strong></span> <span class='ocrx_word' id='word_1_262' title='bbox 561 4161 599 4207; x_wconf 76' lang='grc'><strong>79.</strong></span> <span class='ocrx_word' id='word_1_263' title='bbox 612 4158 678 4206; x_wconf 81' lang='lat' dir='ltr'><strong>luter</strong></span> <span class='ocrx_word' id='word_1_264' title='bbox 688 4156 836 4218; x_wconf 83' lang='lat' dir='ltr'><strong>catholicos,</strong></span> <span class='ocrx_word' id='word_1_265' title='bbox 849 4155 869 4205; x_wconf 81' lang='lat' dir='ltr'><strong>ai</strong></span> <span class='ocrx_word' id='word_1_266' title='bbox 883 4158 965 4205; x_wconf 85' lang='lat' dir='ltr'><strong>tamen</strong></span> <span class='ocrx_word' id='word_1_267' title='bbox 977 4153 1115 4203; x_wconf 83' lang='lat' dir='ltr'><strong>catlrolicus</strong></span> <span class='ocrx_word' id='word_1_268' title='bbox 1130 4153 1218 4214; x_wconf 83' lang='lat' dir='ltr'><strong>putan-</strong></span> 
     </span>
     <span class='ocr_line' id='line_1_35' title="bbox 109 4231 1216 4301; baseline -0.01 -12"><span class='ocrx_word' id='word_1_269' title='bbox 109 4236 144 4289; x_wconf 80' lang='grc' dir='ltr'><strong>Ιιιι</strong></span> <span class='ocrx_word' id='word_1_270' title='bbox 160 4240 214 4301; x_wconf 79' lang='lat' dir='ltr'><strong>est,</strong></span> <span class='ocrx_word' id='word_1_271' title='bbox 228 4238 353 4288; x_wconf 83' lang='lat' dir='ltr'><strong>Lauuoius</strong></span> <span class='ocrx_word' id='word_1_272' title='bbox 365 4235 391 4285; x_wconf 83' lang='lat' dir='ltr'><strong>in</strong></span> <span class='ocrx_word' id='word_1_273' title='bbox 400 4250 474 4300; x_wconf 85' lang='lat' dir='ltr'><strong>saepe</strong></span> <span class='ocrx_word' id='word_1_274' title='bbox 484 4236 528 4287; x_wconf 86' lang='lat' dir='ltr'><strong>eit.</strong></span> <span class='ocrx_word' id='word_1_275' title='bbox 539 4250 579 4299; x_wconf 89' lang='lat' dir='ltr'><strong>op.</strong></span> <span class='ocrx_word' id='word_1_276' title='bbox 594 4239 629 4286; x_wconf 83' lang='lat' dir='ltr'><strong>Dc</strong></span> <span class='ocrx_word' id='word_1_277' title='bbox 640 4239 714 4298; x_wconf 73' lang='lat' dir='ltr'><strong>reolo</strong></span> <span class='ocrx_word' id='word_1_278' title='bbox 725 4240 751 4285; x_wconf 81' lang='lat' dir='ltr'><strong>tn</strong></span> <span class='ocrx_word' id='word_1_279' title='bbox 764 4239 883 4286; x_wconf 81' lang='lat' dir='ltr'><strong>mutrlm.</strong></span> <span class='ocrx_word' id='word_1_280' title='bbox 893 4236 987 4298; x_wconf 74' lang='lat' dir='ltr'><strong>potest.</strong></span> <span class='ocrx_word' id='word_1_281' title='bbox 1000 4235 1063 4296; x_wconf 87' lang='lat' dir='ltr'><strong>part.</strong></span> <span class='ocrx_word' id='word_1_282' title='bbox 1075 4232 1119 4280; x_wconf 83' lang='grc' dir='ltr'><strong>ΙΙΙ.</strong></span> <span class='ocrx_word' id='word_1_283' title='bbox 1132 4231 1179 4279; x_wconf 84' lang='lat' dir='ltr'><strong>art.</strong></span> <span class='ocrx_word' id='word_1_284' title='bbox 1194 4237 1216 4279; x_wconf 86' lang='lat' dir='ltr'><strong>r.</strong></span> 
     </span>
     <span class='ocr_line' id='line_1_36' title="bbox 109 4308 1215 4381; baseline -0.01 -12"><span class='ocrx_word' id='word_1_285' title='bbox 109 4330 150 4381; x_wconf 73' lang='lat' dir='ltr'><strong>up.</strong></span> <span class='ocrx_word' id='word_1_286' title='bbox 159 4324 183 4369; x_wconf 76' lang='lat'><strong>⁵.</strong></span> <span class='ocrx_word' id='word_1_287' title='bbox 191 4331 246 4381; x_wconf 69' lang='lat' dir='ltr'><strong>pag.</strong></span> <span class='ocrx_word' id='word_1_288' title='bbox 256 4324 312 4368; x_wconf 75' lang='lat' dir='ltr'><strong>suu.</strong></span> <span class='ocrx_word' id='word_1_289' title='bbox 324 4320 347 4367; x_wconf 80' lang='lat' dir='ltr'><strong>et</strong></span> <span class='ocrx_word' id='word_1_290' title='bbox 359 4319 416 4366; x_wconf 84' lang='lat' dir='ltr'><strong>aute</strong></span> <span class='ocrx_word' id='word_1_291' title='bbox 428 4316 580 4367; x_wconf 74' lang='lat' dir='ltr'><strong>rstoesatus</strong></span> <span class='ocrx_word' id='word_1_292' title='bbox 591 4316 831 4367; x_wconf 76' lang='lat' dir='ltr'><strong>teneuslslttbltotlr.</strong></span> <span class='ocrx_word' id='word_1_293' title='bbox 842 4317 964 4376; x_wconf 69' lang='lat' dir='ltr'><strong>coactae,</strong></span> <span class='ocrx_word' id='word_1_294' title='bbox 976 4312 1019 4362; x_wconf 85' lang='lat' dir='ltr'><strong>lib.</strong></span> <span class='ocrx_word' id='word_1_295' title='bbox 1031 4313 1074 4361; x_wconf 72' lang='lat' dir='ltr'><strong>vl.</strong></span> <span class='ocrx_word' id='word_1_296' title='bbox 1086 4308 1215 4361; x_wconf 61' lang='lat' dir='ltr'><strong>adnotat.</strong></span> 
     </span>
    </p>
   </div>
   <div class='ocr_carea' id='block_1_4' title="bbox 0 0 1402 5064">
    <p class='ocr_par' dir='ltr' id='par_1_7' title="bbox 0 0 1402 5064">
     <span class='ocr_line' id='line_1_37' title="bbox 0 0 1402 5064; baseline 0 0"><span class='ocrx_word' id='word_1_297' title='bbox 0 0 1402 5064; x_wconf 95' lang='lat' dir='ltr'><strong> </strong></span> 
     </span>
    </p>
   </div>
  </div>
 </body>
</html>
