2796 5064
143 345 210 417 eto
292 346 355 428 nin.
376 365 423 416 nr.
445 362 531 416 eser.
552 362 683 415 666666.
700 362 741 415 66
758 362 871 415 rurus.
888 362 1132 417 uersentur.

141 486 285 585 gandam
305 484 482 560 ecclesiam
500 485 770 583 cantuariensem
787 484 918 558 miserit
936 508 1062 583 magna
1077 509 1167 559 usus
1181 508 1257 559 666-

143 602 211 677 tela
235 617 299 677 est.
320 602 432 676 Relert
456 600 626 700 siquidem
650 601 740 675 Beda
766 600 857 701 qued
883 624 959 674 cum
984 599 1185 675 Hadrianus
1209 602 1258 674 sir

16 799 19 805 ⁴
144 715 362 791 doctissimus
387 714 566 790 obtulisset
585 714 796 789 Theodorum
822 714 1003 789 «Pontifici
1033 713 1256 811 (vitaliano),

142 847 183 905 ut
195 831 375 934 episcopus
388 830 617 918 ordinaretur,
633 829 795 918 obtinuit;
816 828 871 904 his
884 842 996 904 666666
1009 830 1261 905 conditionibus

141 946 366 1046 interpositis,
397 960 435 1020 ut
461 947 536 1046 ipse
560 972 638 1020 eum
664 945 860 1045 perduceret
884 944 920 1017 in
944 944 1260 1057 Britanniam....bt

139 1076 178 1135 ut
195 1061 228 1135 ci
247 1061 420 1136 doctrinae
444 1077 639 1162 cooperator
661 1061 831 1148 existens,
857 1059 1039 1159 diligenter
1060 1060 1255 1149 attenderat,

139 1202 179 1248 66
204 1175 285 1275 quid
308 1177 365 1250 illo
390 1178 589 1250 666666τὲ666
612 1177 748 1248 veritati
768 1175 863 1275 fidei,
891 1201 1085 1274 graccorum
1109 1179 1260 1262 mercis

139 1291 307 1364 molosiam
332 1293 388 1364 cui
405 1304 587 1390 praeesset,
615 1290 830 1363 introduceret
842 1293 982 1386 (266).»
998 1289 1135 1365 Deinde
1151 1316 1260 1367 veroa

140 1407 300 1505 pontifice
323 1405 498 1503 Agathone
523 1406 667 1479 loannes
696 1405 825 1480 missus
851 1405 887 1478 in
911 1404 1071 1505 Angliam
1104 1420 1178 1496 est,
1204 1407 1257 1508 qui

142 1548 161 1591 6
175 1520 211 1593 iu
231 1521 400 1595 mandatis
417 1521 462 1594 ab
478 1519 663 1619 apostolico
677 1520 769 1622 Papa
785 1535 978 1621 acceperat,
998 1535 1039 1594 ut
1054 1520 1158 1596 cuius
1174 1536 1259 1597 esset

141 1633 220 1708 fidei
239 1635 414 1733 anglorum
431 1633 576 1709 ecclesia
592 1633 770 1731 diligenter
785 1634 968 1724 edisceret,
987 1634 1202 1737 Romamque
1216 1661 1259 1711 rc

139 1747 257 1837 diens,
286 1750 422 1823 referret
443 1751 580 1846 (266).»
597 1748 757 1850 Adeoque
774 1749 848 1824 lieri
865 1775 933 1824 non
948 1749 1078 1851 potuit,
1098 1766 1141 1824 ut
1157 1751 1257 1825 Theo-

139 1850 243 1937 dorus
271 1862 415 1938 abusum
437 1863 531 1937 illum
554 1864 589 1935 in
610 1862 748 1938 Oriente
771 1865 997 1939 alostiniauc
1022 1865 1109 1966 imp.
1126 1866 1195 1941 iam
1211 1867 1258 1939 iu·

140 1976 299 2066 ductum,
320 1980 356 2051 in
371 1979 550 2053 ecclesiam
569 1979 635 2054 sibi
654 1980 870 2055 commissam
891 1978 1141 2066 introduceret,
1160 1979 1257 2055 multo

141 2118 220 2166 sero
246 2092 360 2166 minus
386 2093 549 2180 sanciret;
580 2119 642 2168 nec
667 2094 758 2167 enim
774 2095 839 2168 viri
863 2092 913 2167 illi
930 2093 1037 2169 Roma
1054 2094 1092 2167 in
1108 2093 1255 2194 Angliam

140 2207 259 2295 missi,
279 2207 316 2279 id
332 2206 403 2280 ulla
419 2209 549 2282 ratione
573 2207 773 2283 tolerassent
789 2212 902 2306 (tet).

212 2320 265 2394 lv,
294 2321 453 2422 Superest
477 2338 515 2396 ut
538 2323 702 2422 originem
727 2323 923 2422 detegamus
940 2350 982 2397 66
998 2350 1070 2424 qua
1086 2325 1126 2398 in
1143 2323 1253 2399 allatus

139 2434 351 2510 collectiones
376 2438 544 2511 contraria
569 2437 721 2512 doctrina
739 2439 922 2539 irrepserit.
938 2437 1120 2538 Siquidem
1136 2466 1179 2514 ex
1194 2465 1252 2513 una

139 2567 233 2651 parte
252 2550 459 2652 exploratum
484 2571 536 2627 est
560 2554 595 2625 in
620 2553 764 2627 ecclesia
783 2553 988 2641 britannica,
1010 2570 1045 2628 et
1063 2555 1100 2627 iu
1120 2555 1253 2630 ecclesis

139 2665 313 2741 hibernica
337 2683 415 2742 ante
444 2669 609 2742 Theodori
629 2670 663 2740 iu
682 2668 836 2767 Angliam
861 2667 1043 2743 adventum
1069 2669 1253 2745 obtinuisse

139 2782 326 2857 doctrinam
343 2799 377 2857 et
395 2786 523 2884 praxim
542 2785 584 2857 de
601 2784 756 2858 absoluta
781 2784 969 2882 coniugalis
993 2784 1127 2858 vinculi
1154 2786 1251 2860 indis

139 2898 363 2987 solubilitate,
379 2914 417 2972 ut
434 2915 617 2974 constater
631 2900 782 2974 indubiis
800 2926 840 2973 66
857 2898 1003 3001 publicis
1025 2899 1249 2988 documentis;

138 3038 179 3085 cx
204 3012 308 3086 altera
331 3040 410 3087 vero
440 3030 552 3114 parte,
585 3030 712 3088 certum
737 3029 790 3088 est
814 3031 913 3114 prout
943 3041 1052 3116 nuper
1084 3017 1251 3090 innuimus

139 3127 352 3202 collectiones
372 3155 537 3203 canonum
555 3144 613 3203 aut
629 3130 868 3229 capitulorum,
889 3156 977 3232 quae
997 3130 1064 3203 sub
1091 3131 1248 3207 Theodori

139 3242 274 3314 nomine
288 3241 499 3342 prodierunt,
517 3244 622 3318 luisse
639 3244 852 3318 collectiones
872 3245 1041 3343 privatas,
1058 3271 1152 3346 quae
1165 3271 1250 3320 num·

139 3381 241 3454 quam
267 3355 372 3430 ullam
396 3358 612 3432 obtinuerunt
637 3360 857 3434 sanctionem.

211 3472 254 3544 Et
270 3473 383 3573 reipsa
401 3473 436 3545 in
450 3473 571 3572 Anglia
582 3489 616 3547 et
628 3476 662 3547 in
677 3476 840 3549 Hibernia
857 3475 1045 3550 doctrinam
1065 3474 1250 3552 obtinuisse

139 3584 182 3658 de
205 3585 359 3659 absoluta
384 3587 680 3662 indissolubilitate
698 3590 846 3688 coniugii
864 3590 965 3663 etiam
983 3591 1019 3662 in
1038 3617 1148 3667 causa
1165 3589 1251 3667 adul·

139 3700 215 3772 terii
233 3714 365 3800 praeter
375 3728 428 3788 66,
445 3728 533 3802 quae
550 3702 724 3776 attulimus
738 3703 773 3775 in
788 3703 1000 3803 paragrapho
1018 3706 1246 3802 praecedente,

140 3814 207 3888 alia
225 3830 409 3915 suppetunt
426 3816 626 3891 documenta
644 3845 731 3919 quae
744 3818 779 3890 id
791 3820 959 3892 evincunt.
971 3819 1027 3892 Sic
1040 3819 1249 3893 6616666666-

141 3932 215 4003 ticli
232 3932 383 4004 Victrice.
400 3934 436 4031 ἕ.
449 3935 505 4005 42.
518 3934 581 4008 hoc
594 3934 764 4008 decretum
783 3935 941 4009 habetur:
956 3935 1130 4010 «Uxorem
1149 3962 1171 4011 6
1186 3936 1249 4009 viro

213 4099 280 4162 (666)
296 4100 350 4151 Lib.
363 4102 406 4150 lv.
420 4113 473 4163 cap.
488 4103 507 4150 l.
522 4113 578 4164 pag.
592 4106 645 4151 666.

213 4179 279 4242 (666)
295 4178 359 4228 lbid.
370 4193 424 4243 cup.
434 4182 511 4230 xvlt.
522 4194 579 4243 pag.
594 4185 645 4230 ret.

210 4259 277 4321 (667)
291 4259 330 4310 cl.
345 4259 427 4309 carol.
439 4259 556 4311 schrocdl
570 4260 632 4323 prol.
641 4260 721 4311 Licsci
732 4261 881 4325 passevlens.
895 4262 1018 4315 Primum
1027 4258 1246 4316 saoettlttmoelt·

139 4337 194 4388 6666
206 4337 374 4424 6666666666)
384 4339 515 4391 passeriae
532 4343 599 4390 6666.
612 4351 666 4402 pag.
678 4344 721 4391 666
735 4352 804 4405 seqq.
