2796 5064
248 411 319 463 mr.
335 406 386 463 tu.
404 409 443 461 ns
460 408 559 462 sensu
575 410 668 462 rain.
685 410 766 462 cuc.
783 408 897 462 imru.
915 412 1010 462 uiro.
1027 410 1097 463 aur.
1114 412 1138 463 r.
1192 388 1260 463 tui

152 530 227 603 binc
243 556 276 603 s.
300 529 516 630 Epiphanius
541 529 689 603 ostendit
718 529 816 605 laicis
842 530 1037 604 bominibus
1061 531 1263 605 indiscrimi-

146 646 248 718 natim
274 645 450 731 omnibus,
473 661 551 745 post
579 645 702 744 prioris
728 645 881 744 coniugis
899 664 1037 721 mortem
1065 645 1260 722 interdictas

144 786 209 834 non
243 786 323 834 esse
340 759 508 835 secundas
534 762 686 860 nuptias,
716 788 757 834 ne
783 762 826 835 iis
856 762 992 862 quidem
1017 763 1164 862 exceptis
1190 789 1262 836 ma·

145 876 230 963 ritis,
254 877 315 975 qui
333 874 377 949 ob
403 875 573 975 propriam
600 876 672 948 sivo
698 875 853 948 adulterii
880 876 951 950 sive
976 876 1114 950 alterius
1139 877 1259 974 llagitii

142 988 325 1088 culpama
356 1015 418 1062 sua
448 989 552 1089 priori
575 990 719 1087 coniuge
747 990 894 1090 separati
920 989 1082 1076 fuissent,
1106 1007 1163 1064 aut
1193 1007 1262 1065 stu·

142 1104 235 1177 dium
263 1104 421 1203 publicae
446 1103 672 1203 poenitentiae
698 1119 940 1201 percurrerent.

213 1220 280 1292 llis
305 1217 499 1292 notionibus
524 1216 734 1318 praemissis,
760 1245 801 1290 ex
825 1218 927 1292 allato
952 1218 1144 1293 testimonio
1168 1243 1259 1292 com·

142 1333 294 1431 perimus
322 1358 352 1404 s.
373 1331 601 1431 Epiphanium
618 1331 738 1405 docere
756 1334 790 1404 l.
806 1330 895 1405 Solis
914 1332 1120 1432 presbyteris
1138 1348 1171 1405 et
1191 1332 1262 1405 dia-

140 1448 237 1522 oonis
252 1447 447 1520 interdictas
465 1446 572 1520 luisse
583 1446 749 1520 secundas
767 1448 901 1546 nuptias
919 1463 994 1547 post
1008 1448 1129 1546 prioris
1146 1449 1261 1521 uxoris

141 1562 291 1649 obitum;
310 1563 344 1634 Ξ.
361 1559 425 1636 bas
450 1588 543 1650 uero,
569 1578 718 1662 spectata
743 1564 912 1636 communi
932 1562 1123 1660 fragilitate,
1151 1563 1261 1636 bomi-

142 1677 246 1751 nibus
264 1675 363 1751 laicis
376 1676 523 1751 indultas
535 1703 624 1764 esse;
643 1680 677 1750 3.
694 1693 728 1751 et
745 1677 809 1751 boc
822 1677 955 1751 etiamsi
968 1677 1125 1750 alteruter
1138 1677 1262 1751 coniux

138 1793 307 1867 adulterio
333 1809 392 1867 aut
414 1792 481 1867 ulio
506 1793 646 1867 erimine
670 1820 708 1868 se
737 1793 1054 1880 commaculaverit,
1082 1818 1123 1867 ac
1147 1794 1261 1868 diror-

141 1910 224 1982 tium
239 1907 286 1982 ab
299 1908 402 1982 altero
423 1908 549 1996 lecerit,
570 1909 861 2010 poenitentiaeque
874 1909 973 1982 luerit
986 1909 1160 1996 addictus,
1183 1926 1261 2008 post

141 2040 283 2098 mortem
307 2023 446 2097 ulterius
470 2024 641 2122 coniugis3
665 2028 698 2097 l.
728 2042 780 2099 ast
808 2025 911 2099 altero
941 2025 1053 2098 adbuc
1079 2024 1262 2123 superstite

141 2165 247 2214 nouus
281 2139 419 2236 iungere
450 2139 585 2239 nuptias
618 2139 713 2212 nefas
743 2167 838 2227 esso;
868 2145 902 2213 li.
933 2157 1034 2240 atque
1058 2140 1142 2214 baec
1166 2140 1259 2214 evin-

140 2282 218 2329 cere
243 2254 440 2328 auctoritate
457 2253 628 2355 Apostoli,
650 2256 708 2355 qui
726 2256 839 2329 viduis
857 2256 1017 2355 permittit
1034 2281 1156 2329 novum
1181 2281 1262 2329 con-

139 2368 293 2467 iugium,
313 2385 346 2443 et
366 2370 495 2443 incesto
513 2368 687 2445 Corinthio
704 2371 836 2444 veniam
860 2398 900 2444 ac
923 2371 1161 2470 poenitentiam
1181 2385 1259 2468 post

142 2483 271 2558 delicta
297 2483 467 2582 indulgen
497 2489 530 2558 6.
560 2487 735 2559 confirmat
761 2487 895 2559 demum
914 2489 1002 2560 hanc
1020 2487 1205 2560 doctrinam
1224 2502 1258 2558 et

141 2599 275 2700 praxim
298 2599 461 2673 ecclesiae
485 2600 657 2675 orientalis
684 2602 894 2701 praesertim,
920 2601 996 2675 aliis
1021 2601 1256 2699 argumentis,

142 2713 274 2813 quibus
298 2715 446 2788 ostendit
469 2718 516 2788 ita
541 2717 613 2789 lieri
639 2743 679 2789 ex
704 2717 851 2817 quadam
884 2742 963 2814 erga
997 2716 1178 2788 humanam
1204 2713 1258 2785 in-

143 2829 338 2902 firmitatem
369 2828 597 2927 indulgentia,
619 2858 661 2903 ne
686 2831 719 2902 in
752 2848 867 2930 stupra
888 2858 927 2904 ac
952 2830 1118 2903 adulteria
1142 2856 1183 2901 ex
1205 2856 1262 2902 no-

145 2945 357 3019 vatianorum
383 2944 506 3018 duritie
531 2946 608 3045 quis
634 2946 815 3033 incideret,
846 2947 999 3046 adeoque
1023 2945 1069 3018 ita
1093 2944 1261 3042 explicare

144 3057 231 3131 illud
257 3060 295 3131 iu
319 3059 455 3132 Domino
481 3061 632 3134 eiusdem
653 3061 818 3160 Apostoli.

217 3173 268 3246 lix
294 3173 349 3247 bis
375 3190 465 3275 patet
488 3174 590 3248 verba
615 3175 686 3262 illa,
707 3202 794 3276 quae
813 3177 921 3275 prima
947 3175 1055 3249 ironte
1080 3173 1261 3248 difficulta-

143 3306 212 3363 tem
231 3289 402 3363 lacessere
425 3290 599 3363 videntur:
623 3292 704 3363 Cum
722 3294 883 3364 occasione
906 3292 1023 3389 aliqua
1038 3292 1146 3389 stupri
1165 3289 1262 3362 odul-

140 3407 292 3503 icriipue,
309 3420 366 3477 aut
391 3405 526 3479 alterius
550 3407 675 3507 flupitii
698 3433 771 3479 curu
799 3434 836 3479 ec
857 3406 1034 3480 diuortium
1061 3407 1174 3505 sacerd
1197 3421 1258 3480 etc.

142 3519 285 3618 intelligi
303 3519 427 3594 debere
443 3521 486 3594 de
502 3520 645 3596 divortio
672 3539 770 3596 antea
794 3523 881 3596 lacto
898 3548 974 3596 cum
991 3522 1152 3619 coniuge,
1173 3546 1261 3621 quae

140 3636 221 3707 dein
248 3651 301 3709 est
325 3636 502 3724 deluncta,
531 3653 568 3709 ut
593 3636 763 3710 declarant
787 3664 875 3738 quae
908 3637 1099 3709 immediate
1125 3661 1261 3735 praece·

140 3749 239 3824 dunt:
253 3752 294 3823 Si
309 3753 364 3823 cui
377 3766 505 3825 mortuo
517 3778 584 3826 uuo
600 3779 663 3825 nou
682 3752 824 3853 sufficit:
846 3754 895 3826 sic
912 3752 1037 3852 pariter
1055 3751 1121 3824 alia
1139 3751 1256 3825 verba:

139 4019 198 4057 com
221 4004 310 4057 mem
327 4006 484 4058 abecclcsiae
494 4007 620 4058 liminibus
641 4011 776 4058 arceantur.
784 4011 837 4058 iios
854 4010 927 4059 etiam
944 4006 974 4058 de
991 4006 1044 4056 uiro
1060 4006 1085 4055 in
1105 4004 1254 4068 poenitentia

139 4086 221 4150 posito
236 4085 332 4150 placuit
345 4086 494 4138 observari.»
509 4087 664 4138 celebratum
674 4101 748 4151 porro
765 4092 802 4138 est
820 4089 866 4137 boo
883 4087 1015 4137 concilium
1026 4099 1066 4135 an.
1079 4093 1132 4136 3³⁰.
1145 4083 1256 4147 adeoque

137 4170 197 4218 ante
217 4166 491 4230 epiphaniumque
512 4168 582 4217 iacile
604 4168 682 4231 potuit
702 4162 861 4231 Epiphanius,
881 4169 924 4230 qui
944 4168 973 4216 in
991 4166 1092 4217 ccclesia
1109 4178 1195 4228 graecu
1216 4164 1260 4215 iio·

139 4245 217 4310 rebat,
228 4249 256 4297 et
273 4246 298 4295 iu
310 4258 361 4310 qus
378 4246 499 4297 eiusmodi
513 4247 644 4311 disciplina
661 4260 709 4297 non
730 4247 865 4308 obtinebat,
878 4246 909 4297 ad
929 4248 995 4296 bunc
1011 4245 1127 4296 missiae
1147 4244 1258 4296 occiden-

137 4328 196 4379 utu
213 4329 323 4390 morou
334 4327 453 4389 alludere,
472 4341 579 4391 wmque
601 4328 626 4379 iu
645 4326 752 4379 adducto
770 4328 824 4379 loco
843 4341 925 4379 arcere
940 4327 971 4378 ab
990 4326 1092 4379 ecclesis
1112 4338 1207 4389 pascu.

1113 4407 1134 4438 lt
