2796 5064
112 351 180 422 350
255 371 316 422 ιιι.
334 369 381 423 ιιι.
399 369 485 422 sscr.
503 369 633 422 rursm.
654 371 694 422 nr
716 370 828 424 mnus.
849 371 946 424 uara.
963 372 1088 425 cnusr.

80 564 83 571 ,
112 487 254 562 relatum
269 513 291 561 u
307 513 337 561 s.
355 486 560 588 Hieronymo
577 487 613 560 in
635 487 779 588 epistola
802 489 848 563 ad
864 487 1052 564 Oceanum.
1075 491 1138 564 Ast
1162 517 1228 565 eam

109 603 276 704 poenituit
293 602 379 677 adeo
407 602 568 678 facinoris
592 602 669 691 sui,
693 620 731 678 ut
757 630 823 679 non
853 605 1059 681 dubitaverit
1081 633 1120 681 se
1145 634 1230 680 raam

112 718 292 793 inclamare
310 718 344 790 in
366 718 522 816 ingressu
539 718 701 794 basilicae
714 718 955 807 lateranensis,
973 722 1136 797 universo
1149 722 1231 796 clero

112 833 305 936 populoque
323 859 461 909 romano
480 851 666 935 spectante.
688 837 739 908 Ex
755 862 824 936 qno
841 836 927 910 facto
945 835 1233 938 deprehendimus

111 977 213 1051 quam
248 951 430 1025 inveterata
454 977 494 1024 ac
525 951 621 1024 firma
655 951 755 1026 suerit
784 952 819 1024 in
851 950 995 1027 ecclesia
1028 979 1172 1026 romana
1196 955 1232 1027 de

111 1064 306 1141 omnimoda
325 1064 623 1140 indissolubilitate
647 1066 838 1165 coniugalis
862 1066 1015 1156 vinculi,
1054 1069 1161 1143 etiam
1193 1071 1232 1142 iu·

11 1246 14 1253 .
112 1181 316 1256 terreniente
340 1179 530 1267 adulterio,
560 1181 713 1258 doctrina
741 1208 782 1256 ac
806 1182 952 1257 traditio.

196 1295 259 1370 llis
286 1295 388 1394 igitur
413 1294 595 1382 dimissis,
623 1310 661 1369 ut
691 1297 883 1396 incoeptum
909 1323 1123 1373 resumamus
1151 1299 1228 1383 iter,

113 1411 291 1487 recolenda
317 1411 415 1486 nobis
437 1425 620 1511 supersunt
643 1411 866 1500 documenta,
886 1439 975 1513 quae
1000 1439 1022 1485 a
1048 1412 1166 1488 seculo
1180 1414 1227 1485 Vl.

112 1543 146 1603 et
160 1526 323 1627 deinceps
341 1527 526 1602 afferuntur
543 1526 615 1601 sive
632 1553 695 1626 pro
713 1527 869 1603 absoluta
888 1528 1037 1625 coniugii
1056 1528 1227 1612 firmitate,

112 1644 185 1718 sive
207 1660 324 1718 contra
348 1642 512 1717 eamdem.

542 1858 752 1917 ARTICULUS
771 1859 808 1914 ll.

127 2031 170 2092 De
183 2047 271 2093 sensu
283 2031 463 2092 uadlttonalt
476 2033 554 2092 elrca
567 2031 853 2093 indissolubtlltutem
874 2031 1025 2092 chrtsttanl
1038 2035 1218 2094 matrimoutl

296 2129 330 2188 ln
348 2143 438 2189 eausa
458 2127 594 2188 adulterit
614 2144 632 2189 a
652 2128 749 2189 seculo
770 2128 822 2190 vl.
843 2134 873 2188 et
892 2128 1037 2205 deinceps.

197 2337 297 2411 Haud
322 2336 507 2412 diffitemur
537 2336 747 2413 salebrosum
772 2353 806 2410 et
830 2336 979 2436 scopulis
1004 2337 1154 2413 obsitam
1176 2364 1232 2414 nos

113 2453 245 2552 ingredi
269 2454 359 2527 viam
390 2453 472 2526 dum
497 2452 699 2528 documenta
730 2451 960 2527 ecclesiastica
987 2451 1032 2524 de
1063 2455 1232 2555 proposita

112 2570 310 2671 quaestione
341 2570 529 2669 expendere
561 2568 788 2668 aggredimur.
823 2569 956 2642 Certum
983 2569 1158 2669 siquidem
1187 2585 1232 2643 est

115 2686 275 2787 pleraque
300 2686 510 2773 testimonia,
541 2712 629 2786 quae
650 2686 693 2759 de
719 2686 783 2759 hoc
810 2702 1007 2783 argumento
1029 2712 1049 2759 a
1069 2702 1167 2760 sento
1183 2712 1231 2760 eo

113 2801 237 2875 clasiae
262 2800 376 2874 seculo
400 2817 433 2874 et
456 2802 617 2900 deinceps
640 2827 716 2874 sese
736 2800 913 2885 exhibent,
935 2816 1050 2898 aperte
1068 2827 1131 2900 pro
1150 2801 1232 2874 auita

113 2916 266 2991 doctrina
294 2916 491 2990 decertare:
520 2942 635 2990 verum
661 2943 723 2990 nec
746 2916 869 2990 desunt
896 2915 1118 3003 documenta,
1149 2941 1231 3016 quae

113 3048 171 3105 aut
194 3058 328 3130 gravem
347 3033 519 3105 lacessunt
535 3032 766 3105 difficultatem
785 3047 899 3105 contra
922 3030 1229 3103 indissolubilitatis

113 3147 319 3234 doctrinam,
349 3148 530 3221 autetiam
556 3146 604 3218 illi
631 3150 766 3246 penitus
791 3147 964 3220 adversari
986 3145 1157 3219 videntur.
1187 3146 1229 3217 lia

114 3288 182 3360 qua
208 3288 269 3359 par
292 3277 345 3334 est
368 3261 547 3335 sedulitate
574 3262 707 3358 singula
733 3262 775 3334 ad
799 3262 957 3334 trutinam
984 3261 1225 3333 revocabimus.

114 3376 348 3474 Perspicuitati
375 3377 547 3449 studentes
574 3377 609 3447 in
640 3376 726 3449 duas
751 3376 853 3449 ueluti
879 3376 1007 3449 classes
1032 3374 1228 3448 documenta

114 3491 198 3564 baec
222 3491 425 3590 partiemur,
460 3517 580 3590 nempe
605 3492 639 3564 in
667 3509 757 3564 certa
782 3508 814 3564 et
840 3489 1015 3562 indubia.
1045 3491 1113 3562 Sed
1139 3490 1227 3590 prius

113 3604 371 3692 caederemus,
392 3631 480 3705 quae
497 3622 587 3679 certo
604 3632 664 3706 pro
686 3606 825 3704 antiqua
851 3620 941 3677 stant
958 3605 1142 3691 sententia,
1163 3621 1227 3676 tum

114 3719 337 3818 vero1casive
362 3719 486 3793 dubiae
503 3720 731 3805 auctoritatis,
753 3720 825 3792 sive
844 3719 968 3792 dubiae
990 3719 1226 3818 interpretatio-

115 3837 188 3920 nis,
215 3864 303 3935 quae
328 3838 404 3911 ideo
430 3863 491 3911 nos
521 3838 658 3910 minime
684 3838 869 3922 contraria,
900 3835 966 3925 ,sed
992 3836 1105 3934 potius
1129 3832 1224 3906 dubia

114 3952 337 4053 appellamus.
