2796 5064
145 346 190 418 82
324 368 385 420 tta.
403 366 452 419 nr.
470 365 599 418 areni.
618 366 656 416 or
675 365 770 417 utra.
788 365 910 417 canter.
928 366 1076 419 urrrrrr.

136 503 223 562 stum
236 501 402 574 vocasset,
416 501 516 585 prout
528 485 651 560 dicitur
668 484 711 558 de
725 484 919 585 polygamia
932 485 1152 573 simultanea,
1164 485 1260 563 adeo

143 630 210 704 que
234 628 274 675 ex
300 600 366 676 hoc
392 601 468 703 ipso
493 617 585 675 textu
611 616 704 701 patet
723 601 861 700 nuptias
887 601 1056 677 secundas
1079 603 1263 703 permissas

138 718 265 805 luisse,
287 743 349 790 nec
374 743 477 817 posse
503 743 564 816 per
585 743 662 791 sese
682 716 858 789 damnari:
880 727 1028 790 attamen
1054 718 1116 817 qui
1144 744 1262 792 secuu-

138 833 201 906 das
228 833 365 932 nuptias
390 833 507 907 ineunt
527 831 759 930 Athenagoras
789 831 957 931 improbat
980 833 1072 933 quod
1109 833 1181 934 ipsi
1214 834 1264 907 di·

140 948 281 1023 scedant
308 946 352 1020 ab
380 974 421 1022 ea
446 947 650 1022 matrimonii
680 947 822 1034 ratione,
846 973 950 1047 quam
975 947 1068 1022 Deus
1098 946 1144 1021 ab
1170 948 1265 1023 initio

140 1062 351 1149 instituerat,
377 1062 459 1135 dum
484 1062 619 1136 unicam
645 1062 738 1135 Adae
767 1088 906 1136 uxorem
932 1062 1084 1137 condidit
1113 1079 1149 1137 et
1174 1063 1263 1164 quod

139 1179 264 1279 prioris
289 1177 414 1253 vinculi
434 1177 528 1253 obliti
550 1178 739 1252 videantur.
763 1177 867 1256 Nulla,
887 1177 990 1275 igitur
1007 1179 1194 1254 sufficienti
1213 1206 1265 1254 ra·

141 1295 231 1369 tione
264 1294 497 1369 Tillem'ontius
529 1295 724 1394 suspicatus
759 1310 812 1367 est
841 1293 1090 1392 Athenagoram
1126 1294 1196 1369 hac
1226 1295 1266 1368 de

139 1437 244 1485 causa
265 1412 504 1486 montanistica
525 1409 600 1484 labe
623 1409 782 1484 inlectam
804 1411 895 1507 (25).
915 1408 1005 1497 Quin
1023 1410 1138 1512 potius
1158 1410 1265 1485 innuit

139 1525 259 1599 saltem
286 1525 450 1600 indirecte
473 1552 587 1599 veram
612 1524 776 1599 ecclesiae
801 1524 988 1599 doctrinam
1020 1527 1110 1622 (26).

212 1642 246 1713 S.
269 1641 430 1715 irenaeus
448 1641 575 1740 pariter
599 1642 767 1715 secundas
790 1658 824 1715 et
848 1640 1026 1716 ulteriores
1051 1643 1193 1743 nuptias
1219 1669 1264 1717 re-

141 1756 304 1857 probasse
330 1755 426 1830 visus
451 1774 503 1830 est
528 1756 609 1829 dum
627 1755 745 1831 scribit
765 1757 1030 1832 «Samaritanae
1047 1756 1098 1829 illi
1125 1783 1265 1858 praera-

140 1873 308 1960 ricatrici,
334 1899 422 1973 quae
441 1874 474 1945 in
494 1899 561 1946 uno
586 1873 659 1948 viro
681 1899 747 1947 non
775 1873 919 1961 mansit,
943 1873 1004 1948 sed
1025 1872 1193 1948 lomicata
1213 1889 1265 1947 est

140 1989 174 2062 in
202 1975 318 2062 multis
337 1989 464 2091 nuptiis
494 1992 608 2086 (2Ἶ).»
625 1989 687 2064 Ast
705 2015 759 2064 res
781 2006 833 2063 ast
853 1988 998 2062 maxime
1015 1988 1161 2077 incerta,
1187 2014 1262 2063 cum

140 2105 234 2177 iuxta
259 2104 440 2178 nonnullos
462 2120 574 2205 patres
592 2121 625 2178 et
644 2105 843 2204 interpretes
864 2105 1016 2204 quinque
1042 2105 1174 2203 priores
1198 2102 1260 2179 viri

141 2217 265 2292 luerint
296 2217 435 2316 legitimi
464 2220 561 2314 (28),
587 2219 680 2292 iuxta
705 2218 790 2293 alios
818 2243 896 2293 vero
921 2217 1086 2304 adulteri,
1118 2243 1181 2291 seu
1207 2217 1266 2292 lor

144 2334 287 2421 nicarii,
312 2334 358 2406 ita
387 2349 425 2407 ut
451 2332 510 2406 illa
535 2335 570 2405 in
601 2334 791 2408 meretricio
816 2348 960 2433 quaestu
986 2358 1025 2407 ac
1050 2330 1195 2405 libidine
1219 2332 1266 2406 ri-

147 2451 255 2537 xerit,
278 2477 339 2524 seu
357 2449 401 2522 ab
419 2450 487 2523 illis
514 2451 691 2551 repudiata
718 2451 817 2524 luerit
841 2452 930 2546 (29).
953 2448 1168 2549 Quapropter
1194 2448 1267 2522 ideo

145 2593 174 2638 s.
199 2567 358 2639 Irenaeus
385 2566 524 2664 scripsit
544 2566 741 2640 fornicatam
759 2566 1003 2638 samaritanam
1021 2565 1056 2635 in
1075 2563 1195 2637 multis
1211 2590 1267 2636 nu·

146 2681 249 2781 ptiis,
272 2707 337 2755 non
364 2680 456 2780 quod
482 2681 652 2753 censuerit
677 2681 872 2777 illegitimas
897 2680 1082 2778 generatim
1109 2705 1190 2753 esse
1216 2704 1268 2752 sc-

144 2799 274 2872 cundas
292 2812 326 2870 et
341 2797 518 2871 ulteriores
532 2798 684 2896 nuptias,
702 2797 762 2870 sed
784 2797 875 2897 quod
892 2796 1086 2895 illegitimas
1104 2820 1145 2868 ac
1164 2795 1266 2870 sorni·

142 2913 253 2988 carias
271 2913 513 2987 existimaverit
526 2912 722 2986 nominatim
738 2912 846 2985 luisse
860 2938 947 3011 quas
962 2912 1019 2985 illa
1033 2911 1158 2985 inierat
1175 2914 1264 3008 (30).

219 3031 276 3104 Sic
306 3030 408 3105 etiam
435 3030 534 3130 quasi
563 3029 787 3129 improbantis
807 3029 855 3100 uti
878 3028 1070 3125 illegitimas
1100 3027 1270 3102 secundas

145 3147 282 3245 nuptias
309 3148 430 3220 lustini
452 3147 591 3220 allatum
615 3145 700 3219 solet
718 3146 752 3217 in
772 3144 918 3217 medium
949 3143 1083 3216 allerri:
1109 3142 1270 3230 «Quem-

146 3259 330 3334 admodum
364 3262 464 3334 etiam
495 3262 554 3360 qui
585 3288 625 3334 ex
657 3262 730 3358 lege
755 3261 905 3334 bumana
931 3260 1118 3357 digamiam
1151 3260 1270 3334 ineunt

218 3455 268 3518 (tt)
286 3455 423 3505 Memotres
436 3468 507 3519 pour
518 3456 633 3506 serviro
650 3455 729 3507 l'ktst.
743 3455 833 3507 eccles.
848 3458 907 3505 tom.
919 3459 950 3506 ll.
968 3456 1100 3505 ret-secat.
1114 3467 1178 3505 sous
1202 3454 1270 3506 (ἐω-

142 3547 240 3597 persar
261 3537 337 3586 Marc
352 3534 441 3586 naret.
453 3538 505 3587 aot.
520 3539 561 3587 lx.
574 3551 598 3600 p.
614 3542 668 3586 aaa.

218 3615 269 3677 (26)
282 3616 321 3667 cl.
340 3618 434 3667 Maian.
454 3616 480 3667 in
496 3621 548 3668 not.
565 3616 639 3668 adh.
659 3619 706 3669 loc.

218 3698 268 3760 (υ)
286 3697 339 3747 tio.
350 3700 394 3747 111.
414 3700 489 3748 cont.
500 3698 600 3749 naeres.
613 3712 667 3763 cap.
679 3700 755 3749 ΠΗ.
768 3698 806 3748 ed.
822 3698 936 3748 llassneti
947 3697 1007 3747 alias
1021 3700 1085 3747 xlx.
1103 3710 1129 3746 n.
1149 3706 1173 3748 2.

218 3775 323 3838 (28)(1(
341 3775 455 3827 Toletum
469 3777 495 3826 in
514 3778 539 3826 b.
558 3778 606 3829 loc.

188 3902 193 3909 .
218 3856 268 3918 (ta)
284 3856 323 3906 cl.
342 3856 477 3909 Maldonat
488 3860 513 3908 et
520 3857 623 3908 calmet.

222 3935 274 3998 (³0)
289 3938 368 3998 Atque
385 3936 419 3985 ita
429 3937 530 4000 exponit
540 3938 601 3988 baec
616 3951 636 3987 s.
650 3939 743 3989 Irenaei
760 3937 833 3987 rerba
849 3937 1025 3987 Ferardentiua
1040 3936 1127 3987 dicens
1142 3939 1228 3988 annot.
1242 3937 1268 3987 ln

144 4015 209 4064 bunc
226 4016 273 4066 loc.
288 4036 300 4057 «ι
313 4017 368 4067 Non
380 4016 500 4067 secundas
515 4018 554 4068 vol
573 4018 658 4069 tertias
681 4019 782 4068 damnet
798 4016 909 4081 nuptias:
921 4017 964 4068 sed
981 4018 1117 4067 multorum
1135 4016 1267 4069 adulterio·

147 4109 201 4145 rum
213 4110 280 4147 ream
291 4097 463 4148 samaritidem
475 4098 599 4162 inlelligit.
615 4120 626 4143 n
638 4102 722 4163 Neque
734 4099 822 4149 abhoc
837 4111 910 4149 sensu
927 4098 1023 4148 abludit
1037 4097 1154 4150 Grabius.
1170 4100 1204 4149 Bt
1212 4109 1272 4148 aare

147 4175 273 4238 quomodo
292 4177 414 4239 potuisset
429 4191 449 4226 s.
465 4180 580 4229 Irenaaua
601 4179 719 4228 damnare
738 4179 763 4229 in
788 4178 941 4228 Samaritana
962 4177 1125 4240 polygamiam
1149 4177 1268 4227 successi·

149 4268 205 4305 vam
229 4259 285 4305 anta
304 4257 526 4320 promulgationem
541 4259 601 4320 legis
617 4260 787 4321 evangelicae,
807 4273 864 4308 cnm
882 4260 907 4308 in
925 4259 1002 4308 reteri
1022 4260 1077 4309 test.
1092 4258 1267 4310 concederetur

147 4333 222 4383 etiam
237 4335 374 4399 poligamia
389 4337 550 4387 simultanea?
