2796 5064
234 340 303 410 tit
379 360 440 411 ιιι.
458 359 505 410 ιιι.
523 357 610 427 anor.
627 356 757 411 atrurn.
775 355 816 406 nr
829 354 940 406 unies.
957 354 1055 416 utra,
1072 352 1200 407 eumer.

232 479 422 581 Siquidem,
442 494 480 552 ut
502 475 738 550 animadvertit
763 475 919 560 Pontius,
939 500 980 546 ea
999 472 1210 571 significatio
1228 497 1294 546 non
1307 473 1345 546 al·

233 595 305 669 licit
317 590 647 668 indissolubilitatem
667 588 871 662 matrimonii
884 604 943 662 aut
955 586 1278 676 dissolubilitatcm,
1298 587 1348 662 sed

233 708 368 808 signum
395 723 447 780 est
471 733 491 778 a
517 704 710 805 posteriori,
739 730 781 777 ex
804 728 872 803 quo
897 701 1090 800 colligimus
1122 729 1202 776 eam
1234 701 1349 777 solubi-

234 823 360 897 litatcm
387 846 559 908 cessasse,
589 837 647 892 aut
673 843 888 918 permanere;
910 831 964 890 ast
987 816 1080 916 quod
1102 817 1348 891 matrimonium

234 936 280 1010 sit
291 963 354 1010 nec
367 962 409 1009 ne
426 935 569 1009 solubile
587 933 622 1006 id
640 933 787 1033 pendere
804 931 847 1004 ab
865 931 1075 1004 institutione
1092 929 1225 1006 Christi
1244 934 1345 1027 (tlt).

235 1051 323 1125 lluie
348 1051 450 1149 igitur
474 1049 698 1123 insistendum
723 1064 792 1134 est,
819 1073 859 1121 eo
884 1046 937 1120 vel
962 1046 1072 1143 magis
1099 1047 1198 1146 quod
1216 1073 1280 1120 non
1296 1046 1349 1119 de-

235 1166 375 1254 fuerint,
404 1166 462 1266 qui
493 1165 723 1238 existimarent
753 1162 1001 1236 matrimonium
1032 1161 1141 1234 etiam
1172 1178 1279 1235 ratum
1306 1162 1348 1234 si-

235 1282 397 1379 gnificare
422 1282 581 1355 unionem
608 1279 734 1353 Christi
761 1304 828 1351 non
855 1277 965 1351 solum
987 1302 1064 1351 cum
1085 1277 1223 1367 anima,
1245 1304 1349 1352 varum

235 1396 337 1471 etiam
363 1421 438 1469 cum
464 1395 627 1482 ecclesia,
656 1421 733 1468 cum
760 1393 885 1467 Paulus
909 1392 1036 1491 Ephes.
1067 1393 1107 1465 V.
1136 1394 1299 1467 unionem
1320 1393 1352 1464 il

238 1510 305 1584 lam
335 1508 491 1584 indicans
516 1507 608 1582 dicat
631 1509 809 1582 universe:
837 1508 907 1581 Hor.
935 1522 1181 1580 sacramentum
1206 1535 1351 1607 magnum

236 1641 295 1699 cst.
315 1626 388 1724 Ego
406 1640 516 1698 cutem
540 1625 612 1697 dico
638 1627 673 1696 r'rt
700 1625 830 1697 Christo
856 1638 887 1695 et
911 1625 947 1695 r'a
971 1623 1131 1708 ccclesia5
1162 1625 1350 1722 praesertim

239 1767 317 1817 cum
342 1766 410 1815 non
435 1741 535 1815 modo
569 1738 741 1826 fidelium,
770 1738 832 1813 sed
862 1739 963 1812 etiam
989 1738 1213 1813 matrimonia
1242 1739 1351 1812 inlide-

239 1856 340 1945 lium,
368 1857 474 1930 multo
498 1882 578 1930 vero
608 1855 717 1954 magis
747 1853 960 1929 matrimonia
989 1853 1219 1928 hebraeorum
1249 1854 1351 1955 aliquo

239 1970 339 2046 modo
364 1973 522 2045 unionem
547 1970 674 2044 Christi
700 1996 776 2043 cum
801 1968 962 2057 ecclesia,
992 1971 1182 2044 autetiam
1200 1972 1350 2046 unionem

238 2085 486 2186 hypostaticam
517 2085 760 2182 significarent.
791 2084 957 2170 Quocirca
985 2110 1052 2158 non
1083 2084 1224 2159 videtur
1255 2085 1350 2160 solida

237 2200 306 2274 dici
332 2226 435 2300 posse
464 2199 541 2273 ideo
570 2200 655 2275 solvi
687 2199 937 2275 matrimonium
970 2215 1097 2287 ratum,
1133 2202 1222 2301 quia
1252 2201 1349 2276 solum

239 2314 412 2412 significat
433 2315 592 2387 unionem
620 2313 745 2387 Christi
772 2340 849 2387 cum
874 2315 987 2388 anima
1016 2314 1294 2417 uniuscuiusque
1318 2316 1350 2388 li·

238 2427 338 2502 dalis.

311 2545 374 2619 llis
400 2561 593 2647 propterea,
623 2547 768 2647 aliisque
793 2545 958 2620 eiusmodi
986 2548 1099 2620 minus
1127 2549 1234 2622 certis
1262 2573 1349 2645 argu·

239 2662 361 2735 mentis
379 2660 550 2749 dimissis,
571 2690 613 2736 ne
631 2664 817 2736 infirmetur
833 2663 944 2762 potius
963 2688 1065 2762 quam
1083 2663 1284 2737 adstruatur
1295 2663 1351 2735 thr-

239 2778 308 2865 sis,
325 2779 382 2852 hic
394 2779 519 2852 sistunt
532 2806 651 2876 graves
671 2780 815 2877 theologi
835 2780 869 2850 in
886 2806 948 2852 sua
967 2779 1158 2877 protuenda
1176 2781 1348 2863 sententia,

238 2923 307 2995 qua
332 2896 500 2969 affirmant
524 2923 624 2997 posse
641 2923 795 2971 romanos
816 2897 990 2996 pontifices
1007 2897 1280 2971 extraordinaria
1301 2922 1350 2998 po·

239 3028 358 3086 testate
383 3011 449 3085 sihi
468 3039 488 3084 a
505 3012 639 3087 Christo
666 3039 844 3099 concessa,
874 3040 949 3088 cum
976 3039 1062 3112 opus
1088 3012 1210 3101 suerit,
1235 3014 1351 3088 solvere

239 3128 431 3225 coniugium
459 3145 567 3202 ratum
595 3128 758 3201 fidelium.

738 3363 774 3458 g.
806 3361 847 3430 u.

387 3530 521 3593 Utriusque
536 3534 669 3582 sententiae
685 3535 883 3594 argumentorum
901 3531 1022 3581 discussio
1036 3532 1062 3580 ct
1074 3530 1215 3582 conclusio.

313 3691 482 3763 Hactenus
508 3692 709 3790 praecipuos
737 3708 888 3765 auctores
918 3692 975 3791 qui
1003 3716 1062 3790 pro
1094 3690 1260 3764 alterutra
1288 3691 1352 3789 opi·

240 3808 340 3880 nione
357 3807 529 3880 decertant
547 3834 614 3879 una
632 3833 707 3879 oum
724 3807 916 3905 praecipuis
935 3806 1143 3902 argumentis
1159 3807 1288 3906 quihus
1301 3830 1353 3906 pro

239 3948 302 3994 sua
327 3924 454 4022 quique
472 3922 559 3995 thesi
585 3938 725 3994 utuntur
741 3925 775 3993 in
794 3922 941 3994 medium
960 3921 1157 4007 attulimus;
1180 3947 1273 3993 nunc
1293 3923 1353 3992 iam

240 4064 376 4111 neccsse
402 4055 454 4112 est
478 4066 517 4112 aa
545 4039 631 4112 inter
657 4066 693 4112 se
719 4040 885 4126 conferre,
915 4055 1091 4112 uteorum
1115 4038 1187 4112 vim
1215 4037 1261 4110 ad
1292 4062 1354 4139 pro

241 4151 387 4225 handum
418 4154 626 4251 detegamus.
649 4156 704 4228 Sic
732 4155 822 4227 enim
851 4155 923 4240 liet,
952 4169 989 4225 ut
1017 4153 1155 4227 lucilius
1185 4155 1354 4229 veritatem

313 4322 379 4380 (tto)
395 4322 449 4371 tib.
463 4325 482 4371 1,
495 4336 548 4386 cap.
567 4326 629 4372 xlv.
