2796 5064
236 351 308 425 eti
380 372 443 424 uus.
459 370 509 426 ni.
524 371 612 424 sacr.
628 370 747 422 surm
779 370 820 422 nu
835 370 950 423 mnam.
966 371 1065 426 nra.
1078 371 1209 426 maier.

306 487 356 563 Ex
367 488 576 591 praefatione
586 503 679 589 patet
690 487 779 562 bane
790 486 1021 563 collectionem
1033 487 1237 565 adornatam
1249 491 1350 567 fnisse

233 603 426 707 aquodam
451 603 640 693 sacerdote,
668 603 728 705 qui
755 604 946 703 Discipulos
967 605 1199 681 limirensium
1229 633 1352 682 nuncu-

232 735 351 824 patur,
370 722 499 821 quique
514 719 661 795 affirmat
677 720 858 795 maximam
875 719 979 795 huius
996 721 1110 822 operis
1127 737 1262 823 partem
1277 749 1353 799 eon-

232 835 354 911 sectam
378 860 455 912 esse
479 861 520 910 ex
543 834 844 937 responsionibus,
864 860 952 937 quas
975 835 1069 911 iuxta
1092 837 1285 927 veridicam
1308 838 1354 913 la-

232 977 348 1039 mam,
379 950 575 1026 Theodorus
604 951 742 1026 dederat
766 951 962 1054 presbytero
986 952 1080 1027 boda
1100 954 1221 1050 (iti).
1238 952 1353 1042 Quoad

232 1062 373 1144 alteram
397 1092 478 1142 uero
502 1083 656 1168 partem,
684 1093 759 1144 eam
788 1068 888 1143 raiert
911 1068 1086 1170 accepisse
1110 1094 1153 1143 ex
1178 1069 1352 1172 suspensis

232 1183 419 1273 Theodori,
441 1209 529 1284 qnae
547 1183 636 1258 idem
649 1184 744 1259 Eoda
762 1199 935 1259 mutuatus
952 1183 1061 1260 fuerat
1076 1210 1119 1258 ex
1136 1184 1251 1260 libello
1267 1189 1353 1262 &ci-

233 1315 339 1374 ternm
361 1325 383 1375 a
407 1300 555 1400 quodam
579 1299 753 1374 sacerdote
775 1299 938 1376 conlecto.

305 1413 440 1489 Certum
466 1413 609 1516 proinde
631 1414 766 1491 videtur
781 1441 822 1489 ex
840 1415 1003 1491 hactenus
1019 1414 1190 1515 expositis
1207 1415 1352 1492 Theudo-

232 1554 307 1606 rum
332 1546 503 1605 auctorem
528 1556 596 1606 non
620 1531 728 1606 luisse
750 1532 998 1606 Paenitentieli'a
1017 1530 1111 1633 quod
1137 1531 1209 1633 ipsi
1234 1532 1351 1606 adscri-

231 1645 343 1736 bitur,
363 1672 404 1723 ea
420 1646 495 1721 sola
510 1645 554 1722 de
569 1671 691 1734 causa,
712 1647 803 1747 quod
820 1645 979 1721 exhibeat
995 1646 1072 1720 eine
1093 1672 1265 1748 responsa
1280 1647 1351 1722 data

231 1759 503 1863 quaestionibus,
519 1785 608 1862 qnae
624 1758 675 1834 illi
692 1760 884 1862 propositae
899 1759 1050 1848 fuerant3
1070 1758 1182 1836 mnlto
1197 1786 1279 1836 sero
1295 1762 1350 1837 nni·

233 1903 299 1951 nus
324 1902 401 1951 esse
424 1891 595 1952 auctorem
617 1876 751 1952 illarum
774 1877 926 1951 omnium
942 1874 1181 1951 collectionum
1200 1875 1283 1979 plns
1297 1876 1352 1951 mi·

234 2015 342 2065 nusae
361 1988 572 2092 pleniorum,
593 2016 683 2092 quae
699 1991 763 2065 snb
780 1990 933 2065 eiusdem
951 1992 1089 2065 nomine
1101 1989 1275 2068 Theodori
1291 1989 1352 2066 rol

232 2119 330 2204 gatae
348 2119 429 2178 sunt
443 2107 556 2202 (263).
570 2104 660 2180 letae
676 2131 795 2182 omnes
811 2104 1026 2180 collectiones
1043 2103 1176 2180 nullam
1193 2130 1347 2208 nmquam

194 2206 197 2211 ⁵
231 2218 466 2296 anctoritatem
490 2218 661 2321 publicam
685 2234 804 2296 neone
828 2235 927 2308 sunt,
946 2219 1008 2296 sed
1024 2219 1164 2297 inomni
1189 2221 1349 2299 collectio·

233 2360 294 2408 nes
313 2334 481 2434 pmuatae,
498 2360 560 2409 neo
572 2362 735 2437 umquam
752 2336 922 2426 sancitae,
938 2335 1023 2438 quin
1042 2337 1148 2411 etiam
1166 2363 1240 2413 non
1256 2335 1347 2412 semel

232 2449 420 2525 contrariae
443 2450 630 2525 canombus
657 2451 793 2552 publica
816 2452 1014 2527 auctoritate
1038 2451 1251 2528 constitutis.

305 2564 365 2638 iil.
396 2564 491 2651 Quae
515 2590 593 2638 cum
618 2565 666 2638 ita
691 2565 781 2654 sint,
810 2565 1050 2665 inquirendum
1075 2565 1179 2641 tertio
1204 2579 1345 2670 superest

234 2681 277 2756 de
294 2706 375 2757 vera
395 2680 562 2756 Theodori
588 2680 756 2758 sententia
779 2681 870 2756 circa
893 2678 1198 2758 dissolubilitatem
1223 2699 1282 2760 aut
1302 2681 1345 2755 in

305 2903 372 2968 (tiit)
390 2906 427 2955 iio
440 2903 598 2968 praelationis
609 2902 697 2953 verbe:
709 2921 722 2947 ι
731 2904 827 2953 Horum
837 2902 912 2966 igitur
923 2901 1056 2952 maximum
1067 2903 1164 2966 partem
1176 2899 1344 2953 temnimus

231 2985 359 3050 neriioquo
375 2984 461 3035 baiae
476 2983 608 3035 memoriae
621 2983 689 3033 Euda
700 2981 826 3047 presbyter
842 2982 1004 3046 cognomento
1018 2981 1177 3033 Christianus
1192 2995 1209 3033 n
1222 2977 1343 3035 emenii

231 3065 340 3116 mlistite
349 3064 480 3116 Theodoro
490 3063 618 3114 sciscitans
627 3063 775 3127 accepissem

304 3144 370 3207 (tet)
385 3144 458 3195 Tales
468 3145 538 3195 sunl:
551 3143 677 3208 capitula
689 3143 858 3195 Doclenunc
871 3140 1046 3208 spaeianliasd
1058 3141 1096 3192 iia
1103 3140 1189 3195 dictas
1198 3141 1343 3208 requiem

230 3223 396 3287 discutientes.
404 3224 492 3274 omnia
504 3223 613 3287 capitula
621 3223 786 3285 bucheriano,
798 3223 818 3273 si
830 3235 872 3274 sex
882 3222 1004 3287 excipias,
1016 3223 1176 3287 munior
1186 3223 1214 3273 in
1224 3222 1345 3274 Poenlieti·

231 3302 291 3354 ticli
304 3301 437 3353 Theodori.
451 3302 505 3352 iiia
515 3301 615 3366 insuper
625 3302 738 3353 collectio
751 3303 877 3354 omninoa
888 3302 1039 3353 iiaeberiann
1051 3300 1223 3366 independens
1232 3300 1343 3354 munitur

230 3383 256 3433 in
267 3382 353 3434 redire
362 3383 500 3432 monacensi
512 3384 537 3433 et
549 3382 687 3446 parisiensi,
697 3396 809 3447 quaeque
819 3385 916 3434 mostni
928 3386 1129 3447 lincamenta
1139 3381 1345 3448 omniaprepaim

231 3464 271 3512 iar
283 3462 309 3511 in
320 3460 386 3511 dicio
399 3461 594 3512 poenitentiali.
608 3465 635 3512 in
652 3462 779 3513 codicibus
795 3461 938 3513 memoratis
958 3462 1019 3513 baec
1037 3461 1149 3526 capitula
1171 3462 1344 3515 mseribnntare

232 3543 349 3593 conones
360 3542 476 3604 Greoom
481 3555 567 3605 popae
577 3542 651 3593 urbis
662 3546 770 3604 Romae,
780 3544 854 3606 atque
864 3542 889 3592 in
897 3540 1024 3593 codicibus
1032 3541 1217 3606 posterioribus
1226 3561 1233 3592 ε
1244 3545 1344 3605 limos·

229 3623 315 3672 siena
333 3622 450 3684 dreocrd
465 3623 503 3671 lii.
515 3622 713 3685 quaestionibus
728 3625 878 3686 insustint.
891 3624 952 3672 item
964 3621 1160 3673 Paenitenttele
1176 3622 1246 3687 qood
1257 3619 1345 3673 sunus

231 3701 310 3753 codex
327 3699 572 3765 mersenburgensis,
584 3715 689 3752 necnon
702 3702 815 3754 eniieetio
831 3715 895 3767 quae
910 3701 1014 3754 habetur
1026 3701 1153 3754 inradies
1168 3704 1276 3766 codem
1290 3709 1344 3764 quit

229 3781 330 3845 vulgata
340 3783 398 3832 sont
410 3793 426 3831 a
440 3780 655 3832 wassersebieben
667 3783 728 3833 tom.
741 3783 772 3832 ii.
786 3789 807 3833 i.
820 3795 834 3832 e
845 3788 868 3833 i.
879 3784 904 3833 et
913 3784 946 3833 li.
961 3788 983 3833 i.
993 3783 1018 3832 et
1028 3785 1053 3833 i.
1064 3783 1119 3833 iiaa
1127 3782 1290 3835 collectiones
1300 3792 1344 3845 net·

230 3860 288 3912 inde
297 3874 327 3912 ae
336 3860 444 3926 capitula
454 3860 636 3919 dacherianaet
645 3874 751 3912 mounes
760 3862 870 3926 Gregorii
881 3861 1016 3914 anteriores
1027 3863 1269 3916 suntPoeniientinli
1276 3861 1343 3913 ineu

230 3940 299 4005 dori;
309 3941 464 3992 inordinatus
474 3941 532 3992 sunt
543 3943 568 3991 et
578 3941 707 4006 connisus,
719 3956 783 4006 quae
793 3942 905 3995 monceio
916 3943 1012 4007 eiiecit,
1025 3944 1053 3994 ut
1069 3957 1136 3995 nova
1152 3943 1295 4010 compilatio
1306 3952 1342 3991 nu

231 4019 343 4073 mbectio
353 4021 508 4084 systemaiica
518 4022 543 4072 et
554 4020 626 4085 plena
637 4022 810 4084 conficeretur,
821 4036 884 4086 qnae
892 4021 939 4074 aub
950 4023 1051 4074 nomine
1061 4024 1267 4076 poenitentialis
1276 4020 1342 4075 M

229 4099 290 4152 olori
302 4100 436 4164 generatim
456 4099 573 4164 adoptata
591 4103 636 4150 est.
649 4104 685 4150 En
696 4101 735 4152 iuis
749 4101 936 4154 collectionibus
953 4103 1017 4153 inter
1032 4114 1060 4154 ae
1074 4105 1228 4169 comparatis
1251 4099 1342 4154 muntii

230 4182 288 4230 sunt
298 4181 390 4243 mutus,
401 4193 464 4243 quos
475 4179 501 4229 in
512 4178 622 4229 medium
634 4179 715 4230 attuli.
727 4181 838 4233 emp,
846 4183 890 4232 W.
901 4183 933 4232 Η.
944 4181 1165 4234 wassersenienen
1175 4183 1241 4248 prol.
1252 4179 1341 4234 inrisit

231 4257 357 4308 universit.
370 4258 478 4309 liailens.
488 4258 514 4308 in
524 4271 565 4322 op.
577 4270 652 4322 gerni.
662 4258 771 4310 melinas
780 4259 983 4324 poenitentiales
997 4258 1124 4315 musice
1140 4258 1340 4316 memiensis

233 4336 377 4391 introduci.
391 4337 627 4391 nniurocenina.
638 4337 725 4392 iiaiiee
742 4346 810 4392 isat.
822 4351 880 4405 pag.
890 4344 917 4393 ii
928 4352 998 4407 seua
