2796 5064
215 351 286 421 itt
360 370 424 420 nur.
442 369 490 438 ur.
508 366 596 418 sacr.
614 365 745 416 narrar.
762 366 803 415 nr
816 365 930 415 rrvnrss.
950 365 1046 416 utre.
1068 364 1193 415 eumer.

171 566 180 583 ,
214 490 367 591 syriaca,
389 484 542 568 arabica,
559 483 771 582 aethiopica,
792 484 947 584 persica,
970 509 1061 582 quae
1078 483 1123 556 ad
1143 508 1250 556 unam
1270 509 1342 556 om·

215 631 277 680 nes
300 602 470 679 eiusmodi
497 599 681 675 versiculos
702 599 862 674 exhibent
878 602 967 695 (26).
998 598 1130 685 Quibus
1155 599 1186 672 si
1213 597 1342 672 addan·

215 737 270 793 tur
294 718 429 792 codices
454 741 572 790 omnes
597 715 748 790 melioris
778 729 897 801 notae,
925 713 1052 813 quihus
1077 712 1246 786 editiones
1281 739 1341 786 seu

216 833 389 908 versiones
415 831 552 905 criticae
576 830 761 905 adornatae
788 845 868 903 sunt
892 829 976 904 Novi
1005 829 1237 915 Testamenti,
1268 854 1343 927 pro-

217 947 304 1023 lecto
325 946 426 1047 plena
451 945 696 1018 demonstratio
724 944 767 1018 de
792 945 912 1017 horum
937 941 1181 1018 versiculorum
1204 943 1345 1016 authen·

219 1063 266 1137 tia
290 1078 432 1160 exurget
460 1062 550 1156 (27).
582 1058 704 1133 Fuisse
727 1085 807 1133 vcro
829 1059 937 1159 primo
958 1059 993 1131 in
1019 1057 1195 1156 evangelia
1218 1059 1346 1158 quibus

218 1176 406 1263 ebionitae,
434 1174 593 1250 nazaraei
620 1201 660 1248 ac
681 1174 882 1249 cerinthiani
906 1173 1085 1247 utebantur
1109 1173 1258 1247 insertos
1283 1174 1344 1248 hos

217 1292 430 1377 versiculos,
459 1317 501 1364 er
533 1289 660 1390 quihus
692 1305 811 1389 postea
840 1289 1037 1387 irrepserint
1068 1287 1104 1360 in
1131 1288 1345 1386 evangelium

218 1407 396 1495 Matthaei,
418 1405 534 1480 sabula
558 1421 631 1492 est,
657 1431 719 1478 nec
738 1403 809 1477 ullo
830 1403 1030 1478 documento
1054 1401 1207 1476 suffulta.
1235 1402 1345 1490 Quum

219 1523 351 1598 iamdiu
374 1522 543 1598 eiusmodi
564 1519 739 1619 evangelia
759 1519 937 1620 perierint,
958 1518 1017 1618 qui
1042 1518 1107 1593 hoc
1125 1518 1276 1616 lingunt,
1295 1519 1347 1592 di·

218 1639 335 1714 vinare
361 1652 520 1735 satagunt
543 1637 632 1732 (28).

296 1756 331 1826 2.
362 1755 430 1827 Nec
454 1753 565 1850 magis
590 1752 725 1824 firmum
749 1766 802 1824 est
825 1749 918 1850 quod
939 1749 1120 1824 Paolusius
1143 1748 1273 1849 aliique
1293 1775 1347 1822 au·

223 1885 374 1956 tument,
401 1867 531 1943 verba:
560 1867 606 1939 Et
630 1867 691 1965 qui
714 1866 887 1939 dimissam
916 1865 1069 1951 decerit,
1099 1865 1271 1938 odultcrm
1298 1866 1347 1936 in·

222 2000 313 2059 serta
340 1985 458 2058 luisse.
484 1983 647 2069 Quamvis
665 1983 757 2056 enim
774 1982 939 2055 laoeamm
956 2007 1059 2081 penes
1084 1979 1217 2081 aliquot
1236 1997 1345 2081 patres

220 2099 324 2174 verba
349 2099 432 2172 haec
458 2124 526 2174 non
552 2098 692 2198 reperiri
709 2100 805 2194 (29),
827 2115 886 2171 aut
910 2098 1012 2170 etiam
1033 2097 1068 2169 iu
1093 2095 1271 2171 nonnullis
1295 2122 1347 2171 co·

221 2213 354 2290 dinibus
380 2214 585 2300 desiderari,
607 2240 675 2287 non
698 2214 779 2287 inde
803 2231 915 2287 tamen
939 2213 1060 2287 conlici
1083 2228 1217 2312 potest,
1243 2239 1287 2287 ea
1301 2228 1346 2286 ut

223 2345 301 2431 pote
325 2329 526 2428 interpolata
551 2355 629 2403 esse
655 2329 851 2403 reiicienda.
890 2326 1036 2402 Obstant
1063 2327 1236 2428 siquidem
1267 2353 1346 2430 quo·

223 2447 336 2519 minue
350 2446 384 2518 id
398 2445 616 2518 admittamus
630 2461 829 2543 argumenta
841 2445 956 2519 emnia
965 2444 1093 2545 quihus
1105 2445 1344 2543 genuinitatem

223 2561 324 2636 trium
340 2561 584 2636 versiculorum
601 2560 868 2648 vindicavimus,
891 2587 980 2662 quae
997 2561 1097 2634 etiam
1116 2577 1273 2660 pugnant
1289 2586 1342 2662 pro

222 2676 380 2754 versiculi
408 2677 488 2750 noni
516 2677 718 2774 integritate.
735 2678 823 2749 Sane
850 2677 1020 2751 cernimus
1045 2676 1237 2752 clausulam
1264 2678 1346 2752 hanc

223 2793 316 2894 apud
340 2792 427 2867 alios
451 2791 701 2867 vetustissimos
727 2807 841 2892 patres
867 2791 1032 2891 reperiri,
1053 2793 1255 2866 nominatim
1274 2816 1344 2867 vero

223 2907 316 3009 apud
340 2907 564 3006 Theophilum
588 2905 853 2994 antiochenum,
884 2908 1049 2981 Iustinum
1072 2908 1145 2995 ht,
1174 2907 1345 2982 Tertullia-

225 3049 326 3110 num,
355 3048 499 3123 quorum
525 3021 717 3098 testimonia
734 3021 929 3109 attulimus;
959 3038 1028 3096 tum
1047 3024 1148 3097 etiam
1165 3024 1261 3123 apud
1280 3023 1346 3097 Cle·

225 3154 370 3213 mentem
395 3139 510 3225 alen,
539 3140 597 3239 qui
625 3140 674 3213 ait
696 3164 873 3238 expresse:
898 3137 965 3226 Qut
981 3154 1089 3211 autem
1112 3139 1289 3214 dimissam
1303 3164 1346 3213 oo

305 3440 356 3504 (tc)
372 3440 411 3493 ct.
434 3442 458 3491 in
479 3442 622 3505 Polyglottis
641 3443 816 3493 waltonianie.

304 3520 355 3584 (27)
370 3522 409 3572 ci.
427 3521 500 3572 iiiiiii
516 3522 720 3586 Proleoomcnon
740 3526 768 3573 in
787 3525 820 3573 N.
841 3525 869 3574 Τ.
885 3526 948 3587 part.
962 3525 1007 3574 lli.
1020 3537 1066 3574 nec
1085 3536 1136 3574 non
1156 3525 1251 3576 Christ.
1267 3524 1347 3576 nano.

229 3600 308 3653 liconii
318 3604 428 3652 careri.
440 3604 501 3653 crit.
510 3601 543 3652 de
552 3606 673 3666 concinis
685 3603 816 3654 librorum
828 3605 863 3654 Ν.
877 3606 905 3655 Τ.
919 3603 1085 3656 lectionibus.
1096 3605 1276 3657 amstelodami
1289 3611 1350 3658 rtet.

308 3682 357 3745 (28)
373 3683 411 3733 ct.
426 3687 446 3733 l.
460 3687 488 3733 Α.
502 3683 607 3734 Fabricii
630 3682 717 3734 codex
733 3684 900 3748 apocryphus
924 3687 958 3735 Ν.
978 3688 1005 3735 Τ.
1030 3685 1148 3749 amburgi
1171 3691 1242 3739 tica.
1258 3690 1317 3738 torn.
1334 3687 1350 3735 1.

227 3775 283 3825 pag.
296 3768 349 3813 aas.
363 3764 466 3813 Neritia
481 3765 507 3813 et
518 3761 677 3826 fracmenta
689 3762 888 3828 eocnoeltorom
899 3765 968 3827 (XL.
982 3764 1047 3828 sere)
1062 3767 1289 3832 apocryphorum.

303 3841 353 3904 (tc)
368 3842 407 3893 cl.
420 3842 548 3893 Sabathier
559 3843 606 3893 loc.
621 3844 664 3894 cit.
678 3842 720 3893 uhi
732 3845 842 3894 recenset
852 3857 894 3894 sex
905 3843 1003 3895 codices
1014 3846 1039 3895 in
1049 3847 1141 3908 quibus
1150 3859 1250 3897 comma
1264 3847 1311 3897 hoc
1321 3857 1350 3896 re

229 3921 317 3972 licetur
327 3934 347 3971 s.
358 3923 443 3972 Germ.
461 3930 483 3973 ι.
497 3920 571 3971 corb.
587 3931 608 3972 1.
623 3923 698 3973 corb.
714 3931 737 3974 a.
759 3924 867 3973 claram.
890 3925 1031 3988 cantabrig.
1055 3939 1075 3975 s.
1089 3927 1155 3976 coil.
1169 3927 1265 3977 ethim
1277 3928 1349 3977 Mont.

228 4014 250 4052 a.
267 4003 352 4050 Germ.
366 4008 389 4051 a.
407 4002 432 4051 s.
444 4013 502 4050 vero
514 4001 662 4064 Augustinus
682 4002 744 4053 ibid.
761 4002 800 4053 bis
811 4003 903 4068 allegat
923 4003 988 4053 hunc
1007 4005 1102 4053 textum
1120 4003 1173 4055 sic:
1192 4008 1265 4057 Etsi
1276 4006 1351 4057 uttan

228 4079 355 4141 danem,
374 4079 741 4141 mocchotunvelstocercm
753 4080 878 4141 donent,
899 4082 1065 4132 adulterium
1073 4085 1224 4134 committit.
1234 4085 1350 4135 ciccum

230 4159 948 4222 necennensium.nnumannt,13crolini1ser.turn
969 4163 995 4211 in
1013 4163 1082 4212 term
1103 4175 1192 4225 graeco
1211 4176 1287 4226 quem
1307 4164 1350 4227 ipse

230 4237 355 4300 vulgavit,
374 4241 430 4289 tum
445 4237 582 4289 inversione
601 4238 678 4289 latina
687 4240 931 4302 antehieronyrniana
941 4240 1002 4291 haec
1016 4241 1127 4291 clausola
1139 4244 1281 4295 constanter
1290 4253 1347 4305 reor

230 4315 302 4367 ritur.
323 4316 362 4367 ci.
377 4317 450 4367 etiarn
468 4317 590 4369 variantes
611 4317 727 4369 lectiones
741 4332 804 4382 quas
824 4318 878 4385 ipse
898 4320 990 4384 proteri
1010 4320 1036 4371 in
1053 4321 1178 4373 huncloc.
