2796 5064
153 412 223 484 ιιι
281 434 360 484 -ιιι,
381 432 429 484 ιιι.
450 433 538 485 srer.
559 432 690 484 rurum.
711 432 993 495 remorsurum.
1009 433 1136 485 enum.

152 526 221 626 tarn
247 550 441 629 Tertulliani
467 566 638 639 mentem,
665 550 725 651 qui
750 549 874 625 hocin
898 549 972 624 loco
1003 549 1049 625 de
1076 548 1266 650 exceptione

151 665 325 755 adulterii,
350 665 394 739 de
416 691 485 767 qua
502 665 592 767 apud
610 665 816 739 llatthaeum
834 663 979 738 necdum
995 663 1203 739 mentionem
1224 664 1267 736 in·

112 870 116 877 1
152 782 295 870 iecerat,
323 781 383 857 sed
408 781 523 855 adhuc
548 780 696 855 instabat
721 779 824 854 textui
855 781 983 868 Lucae,
1012 797 1051 853 ut
1078 778 1267 855 ostenderet

151 897 351 971 adulterium
376 896 502 996 patrari
527 895 572 969 ab
595 922 653 983 eo,
682 895 741 996 qui
770 896 887 968 illicite
908 895 1083 978 dimissam
1098 922 1163 994 pro
1184 894 1266 968 iudi·

150 1012 253 1085 miscc
274 1012 414 1098 duceres,
438 1008 569 1084 adulter
592 1027 660 1096 est,
687 1011 810 1112 quibus
837 1011 1031 1085 immediate
1048 1009 1186 1084 subdit:
1205 1036 1266 1082 me·

150 1143 204 1200 oet
223 1131 310 1202 enim
327 1130 590 1213 matrimooim
620 1127 706 1228 quod
730 1155 794 1201 ooo
814 1129 877 1200 rite
896 1127 1096 1226 diremptum
1120 1141 1189 1212 est,
1210 1151 1264 1200 seu

149 1243 241 1343 quod
269 1242 416 1317 solutum
443 1242 673 1317 tantummodo
697 1259 750 1316 est
773 1241 885 1343 quoad
903 1257 1012 1316 torum
1030 1256 1064 1316 et
1088 1240 1263 1314 habitatio

148 1385 247 1446 nem;
269 1358 334 1433 hoc
354 1384 433 1433 vero
456 1359 675 1433 confirmatur
694 1386 734 1433 ex
753 1358 1012 1459 insequentibus
1035 1358 1115 1433 eius
1131 1355 1259 1432 uerbis:

147 1488 295 1547 monente
319 1477 546 1558 matrimonio,
573 1475 692 1547 nubere
711 1474 911 1548 adulterium
931 1490 990 1548 est.

223 1589 260 1660 Si
287 1589 402 1691 itaque
425 1589 653 1664 Tertullianus
678 1593 811 1691 quoties
830 1589 874 1664 de
897 1588 1114 1664 matrimonio
1139 1588 1260 1663 locutus

148 1720 220 1793 est,
250 1705 348 1780 toties
373 1704 458 1778 illud
483 1704 686 1793 insolubile,
707 1730 769 1778 seu
799 1720 848 1778 ut'
867 1705 942 1806 ipse
966 1703 1039 1792 ait,
1059 1702 1259 1778 individuum

151 1819 345 1921 praedicat;
367 1821 396 1894 si
422 1821 559 1896 unicam
583 1819 795 1895 dimissionis
821 1846 960 1895 causam
982 1819 1159 1916 assignat,
1179 1817 1259 1892 nimi-

149 1964 224 2010 rum
247 1936 469 2024 adulterium,
497 1936 750 2038 propterquod
776 1937 975 2013 dimissione
1000 1935 1107 2010 etiam
1132 1951 1254 2019 seouu,

149 2051 297 2124 inculcat
314 2076 510 2150 permanere
527 2043 743 2150 coniugium:
764 2051 795 2125 si
813 2052 965 2150 insuper,
985 2077 1065 2125 cnm
1082 2050 1171 2125 baec
1189 2048 1257 2125 scri·

26 2216 29 2220 -
149 2166 263 2253 beret,
296 2167 364 2239 iam
388 2182 460 2241 erat
484 2167 690 2241 montanista
715 2166 881 2256 allectus,
915 2167 1071 2268 adeoque
1103 2162 1257 2242 contendit

148 2306 260 2381 neque
291 2297 536 2380 postmortem
569 2309 671 2383 posse
702 2282 815 2355 iterari
843 2282 1006 2381 nuptias,
1039 2281 1167 2355 mirum
1195 2303 1256 2380 pre

149 2395 236 2470 lecto
253 2412 305 2470 est
325 2395 412 2471 velle
433 2411 549 2470 contra
569 2396 818 2496 apertissimam
835 2396 910 2470 eius
929 2413 1077 2470 mentem
1094 2413 1130 2471 ct
1150 2391 1254 2471 doctfr

147 2538 225 2584 nam
252 2511 492 2585 Tertullianum
520 2513 671 2613 prolerre
690 2528 863 2612 tamquam
888 2513 1134 2614 approbantem
1158 2509 1252 2584 metri

148 2628 298 2700 monium
326 2627 417 2727 quod
443 2643 522 2728 post
546 2628 740 2702 alterutrius
771 2628 926 2726 coniugis
956 2628 1163 2701 adulterium
1190 2650 1252 2700 eon-

144 2744 334 2818 traberetur
350 2743 664 2843 (ll).Quapropter
680 2731 837 2816 omnibus
857 2744 920 2816 rite
937 2743 1131 2844 perpensis,
1153 2739 1251 2816 merito

144 2883 207 2931 noe
232 2886 309 2932 eum
338 2860 425 2931 inter
451 2874 553 2931 testes
579 2875 613 2932 et
636 2874 821 2932 assertores
843 2857 1130 2958 locupletissimos
1153 2855 1248 2930 eatho

147 2973 232 3048 licae
258 2975 432 3050 doctrinae
452 2973 496 3047 do
522 2974 820 3049 indissolubilitate
844 2975 993 3074 coniugii
1012 2975 1048 3047 in
1076 2973 1152 3073 lege
1168 2997 1248 3048 eurr

145 3088 254 3186 gelica
281 3089 555 3163 adnumeremus.

219 3205 316 3277 Nunc
341 3204 476 3278 tandem
503 3205 592 3280 addo
618 3232 685 3278 non
711 3204 821 3280 solum
846 3205 1112 3293 Tertullianum,
1138 3195 1245 3280 sedvel

144 3319 255 3417 ipsum
282 3320 482 3393 Marcionem
511 3336 627 3395 testem
655 3348 733 3395 esse
754 3322 929 3395 doctrinae
953 3322 990 3393 in
1012 3321 1160 3396 ecclesia
1176 3341 1245 3392 rect-

143 3450 232 3532 ptae,
257 3461 359 3533 quam
374 3462 641 3534 propugnamus.
654 3437 739 3509 Nam
752 3437 782 3510 si
796 3437 943 3510 Marcion
965 3435 1141 3511 Christum
1159 3427 1245 3533 Moysi

140 3549 346 3622 contrarium
373 3551 470 3624 ellert
496 3577 536 3623 ex
561 3576 602 3624 eo
619 3552 748 3650 capite,
769 3552 860 3650 quod
878 3552 1033 3627 Christus
1054 3544 1245 3652 prohibuerit

216 3735 268 3797 (tt)
281 3736 351 3794 Quae
361 3748 418 3785 cum
430 3735 464 3785 itu
476 3748 503 3785 se
512 3734 632 3796 iubeant,
643 3736 726 3786 mirari
738 3737 822 3787 subest
832 3735 957 3802 quomodo
966 3738 1002 3786 lo.
1010 3735 1156 3787 Gerberdee
1166 3729 1243 3786 louet

141 3813 166 3877 §.
178 3819 232 3866 579.
245 3815 270 3864 in
285 3814 394 3865 medium
406 3815 481 3865 allato
493 3816 635 3866 testimonio
647 3831 676 3867 ex
690 3816 733 3867 lib.
745 3820 788 3867 lv.
799 3818 944 3869 Tertulliani
958 3821 1046 3867 contra
1064 3813 1243 3869 nomismati-

140 3907 156 3944 ι
173 3893 245 3944 nobis
255 3894 381 3956 discusso,
393 3895 500 3946 scribere
518 3898 640 3960 potuerit:
656 3918 667 3940 ιι
677 3897 826 3948 liuiusdicti
836 3900 914 3948 tonte
925 3900 964 3948 eet
979 3895 1244 3960 euidentimtsirlss

138 3977 249 4033 senensis
261 3974 303 4024 tib.
314 3977 358 4024 Vt.
369 3975 488 4025 Biblioth.
497 3974 581 4025 adnot.
595 3984 634 4026 ιι.
646 3991 700 4040 pag.
710 3982 764 4027 tes.
773 3977 955 4027 Tertullianum
971 3977 1063 4027 reserat
1074 3978 1101 4028 in
1111 3979 1242 4029 dm&

139 4068 208 4118 rurn,
223 4055 266 4120 qui
282 4058 355 4106 certe
373 4059 399 4107 et
416 4056 571 4108 tndubttote
589 4057 737 4108 adratione
751 4060 892 4123 uirtusque
906 4056 1030 4122 repudii,
1046 4059 1097 4109 bec
1112 4062 1163 4118 ert,
1173 4070 1191 4107 e
1201 4061 1241 4105 cot·

140 4135 261 4186 tubernto
271 4138 297 4186 et
307 4149 324 4185 e
337 4137 468 4187 connubio
479 4137 613 4188 licentiam
621 4138 796 4202 praeorante
807 4142 882 4188 Porro
892 4140 977 4188 Sirrtus
987 4143 1114 4202 aeoemb,
1123 4152 1171 4190 non
1179 4140 1241 4187 tanti¹

138 4228 169 4264 ex
187 4216 287 4280 proprie
306 4214 443 4277 meantia,
463 4230 527 4279 qnae
545 4217 587 4266 iric
605 4217 742 4268 alieruntnr
763 4219 879 4282 protulit,
897 4218 1038 4282 etquidem
1050 4233 1101 4270 non
1113 4220 1240 4275 rtrew

138 4294 311 4358 haesimtone,
321 4299 350 4346 nt
364 4309 421 4346 eum
437 4296 525 4361 legenti
537 4299 637 4362 patebit.
650 4301 703 4350 iton
715 4298 790 4363 igitur
799 4313 831 4351 eo
843 4299 978 4351 eotdeetto
989 4304 1120 4365 permotus
1128 4300 1240 4363 αι,φῦ
1293 4300 1295 4363 ξ

139 4375 160 4424 ri
171 4375 315 4428 Gerberdut
327 4375 431 4440 ellium.
1291 4370 1295 4381 ¹
