<?xml version="1.0" encoding="UTF-8"?>
<!DOCTYPE html PUBLIC "-//W3C//DTD XHTML 1.0 Transitional//EN"
    "http://www.w3.org/TR/xhtml1/DTD/xhtml1-transitional.dtd">
<html xmlns="http://www.w3.org/1999/xhtml" xml:lang="en" lang="en">
 <head>
  <title>
</title>
<meta http-equiv="Content-Type" content="text/html;charset=utf-8" />
  <meta name='ocr-system' content='tesseract 3.04.00' />
  <meta name='ocr-capabilities' content='ocr_page ocr_carea ocr_par ocr_line ocrx_word'/>
</head>
<body>
  <div class='ocr_page' id='page_1' title='image "./dematrimoniochr01perrgoog_0312.png"; bbox 0 0 2796 5064; ppageno 0'>
   <div class='ocr_carea' id='block_1_1' title="bbox 233 355 1233 429">
    <p class='ocr_par' dir='ltr' id='par_1_1' title="bbox 233 355 1233 429">
     <span class='ocr_line' id='line_1_1' title="bbox 233 355 1233 429; baseline -0.002 0"><span class='ocrx_word' id='word_1_1' title='bbox 233 378 305 429; x_wconf 77' lang='lat' dir='ltr'><strong>etr.</strong></span> <span class='ocrx_word' id='word_1_2' title='bbox 325 376 374 428; x_wconf 92' lang='grc' dir='ltr'><strong>ιιι.</strong></span> <span class='ocrx_word' id='word_1_3' title='bbox 386 376 427 426; x_wconf 79' lang='grc' dir='ltr'><strong>ιιι</strong></span> <span class='ocrx_word' id='word_1_4' title='bbox 443 375 540 427; x_wconf 82' lang='lat' dir='ltr'><strong>senso</strong></span> <span class='ocrx_word' id='word_1_5' title='bbox 553 376 644 427; x_wconf 85' lang='lat' dir='ltr'><strong>rmn.</strong></span> <span class='ocrx_word' id='word_1_6' title='bbox 661 374 744 427; x_wconf 85' lang='lat' dir='ltr'><strong>orac.</strong></span> <span class='ocrx_word' id='word_1_7' title='bbox 760 374 872 427; x_wconf 82' lang='lat' dir='ltr'><strong>incise.</strong></span> <span class='ocrx_word' id='word_1_8' title='bbox 890 376 1067 428; x_wconf 63' lang='lat' dir='ltr'><strong>utranam</strong></span> <span class='ocrx_word' id='word_1_9' title='bbox 1083 378 1107 427; x_wconf 90' lang='lat' dir='ltr'><strong>t.</strong></span> <span class='ocrx_word' id='word_1_10' title='bbox 1164 355 1233 427; x_wconf 79' lang='lat' dir='ltr'><strong>lit</strong></span> 
     </span>
    </p>
   </div>
   <div class='ocr_carea' id='block_1_2' title="bbox 124 492 1246 3819">
    <p class='ocr_par' dir='ltr' id='par_1_2' title="bbox 124 492 1245 3330">
     <span class='ocr_line' id='line_1_2' title="bbox 196 492 1238 593; baseline -0.001 -26"><span class='ocrx_word' id='word_1_11' title='bbox 196 494 302 570; x_wconf 82' lang='lat' dir='ltr'><strong>linito</strong></span> <span class='ocrx_word' id='word_1_12' title='bbox 318 519 397 568; x_wconf 88' lang='lat' dir='ltr'><strong>vero</strong></span> <span class='ocrx_word' id='word_1_13' title='bbox 413 493 525 567; x_wconf 89' lang='lat' dir='ltr'><strong>minus</strong></span> <span class='ocrx_word' id='word_1_14' title='bbox 543 492 728 568; x_wconf 88' lang='lat' dir='ltr'><strong>adversarii</strong></span> <span class='ocrx_word' id='word_1_15' title='bbox 747 521 776 568; x_wconf 89' lang='lat' dir='ltr'><strong>s.</strong></span> <span class='ocrx_word' id='word_1_16' title='bbox 799 495 846 568; x_wconf 92' lang='lat' dir='ltr'><strong>lo.</strong></span> <span class='ocrx_word' id='word_1_17' title='bbox 864 493 1144 593; x_wconf 83' lang='lat' dir='ltr'><strong>Chrysostomum</strong></span> <span class='ocrx_word' id='word_1_18' title='bbox 1169 493 1238 567; x_wconf 88' lang='lat' dir='ltr'><strong>sibi</strong></span> 
     </span>
     <span class='ocr_line' id='line_1_3' title="bbox 128 608 1241 710; baseline -0.003 -25"><span class='ocrx_word' id='word_1_19' title='bbox 128 610 236 685; x_wconf 80' lang='lat' dir='ltr'><strong>favere</strong></span> <span class='ocrx_word' id='word_1_20' title='bbox 261 608 418 683; x_wconf 89' lang='lat' dir='ltr'><strong>arbitrari</strong></span> <span class='ocrx_word' id='word_1_21' title='bbox 444 624 597 710; x_wconf 80' lang='lat' dir='ltr'><strong>possunt,</strong></span> <span class='ocrx_word' id='word_1_22' title='bbox 613 609 705 709; x_wconf 91' lang='lat' dir='ltr'><strong>quod</strong></span> <span class='ocrx_word' id='word_1_23' title='bbox 730 610 765 681; x_wconf 90' lang='lat' dir='ltr'><strong>in</strong></span> <span class='ocrx_word' id='word_1_24' title='bbox 791 609 848 683; x_wconf 89' lang='lat' dir='ltr'><strong>cit.</strong></span> <span class='ocrx_word' id='word_1_25' title='bbox 871 636 971 683; x_wconf 86' lang='lat' dir='ltr'><strong>serm</strong></span> <span class='ocrx_word' id='word_1_26' title='bbox 993 611 1042 682; x_wconf 85' lang='lat' dir='ltr'><strong>De</strong></span> <span class='ocrx_word' id='word_1_27' title='bbox 1060 610 1168 683; x_wconf 79' lang='lat' dir='ltr'><strong>libello</strong></span> <span class='ocrx_word' id='word_1_28' title='bbox 1192 636 1241 682; x_wconf 85' lang='lat' dir='ltr'><strong>re·</strong></span> 
     </span>
     <span class='ocr_line' id='line_1_4' title="bbox 124 723 1239 825; baseline 0.002 -28"><span class='ocrx_word' id='word_1_29' title='bbox 124 725 221 824; x_wconf 75' lang='lat' dir='ltr'><strong>pedii</strong></span> <span class='ocrx_word' id='word_1_30' title='bbox 243 723 436 824; x_wconf 77' lang='lat' dir='ltr'><strong>scripserit:</strong></span> <span class='ocrx_word' id='word_1_31' title='bbox 463 725 580 797; x_wconf 74' lang='lat' dir='ltr'><strong>«Nam</strong></span> <span class='ocrx_word' id='word_1_32' title='bbox 605 724 634 798; x_wconf 90' lang='lat' dir='ltr'><strong>si</strong></span> <span class='ocrx_word' id='word_1_33' title='bbox 660 724 691 798; x_wconf 93' lang='lat' dir='ltr'><strong>is</strong></span> <span class='ocrx_word' id='word_1_34' title='bbox 717 725 775 825; x_wconf 91' lang='lat' dir='ltr'><strong>qui</strong></span> <span class='ocrx_word' id='word_1_35' title='bbox 801 725 922 798; x_wconf 89' lang='lat' dir='ltr'><strong>mortui</strong></span> <span class='ocrx_word' id='word_1_36' title='bbox 944 724 1111 822; x_wconf 81' lang='lat' dir='ltr'><strong>coniugis,</strong></span> <span class='ocrx_word' id='word_1_37' title='bbox 1139 725 1239 799; x_wconf 92' lang='lat' dir='ltr'><strong>cuius</strong></span> 
     </span>
     <span class='ocr_line' id='line_1_5' title="bbox 124 839 1241 941; baseline -0.004 -26"><span class='ocrx_word' id='word_1_38' title='bbox 124 866 264 916; x_wconf 86' lang='lat' dir='ltr'><strong>uxorem</strong></span> <span class='ocrx_word' id='word_1_39' title='bbox 303 839 448 941; x_wconf 88' lang='lat' dir='ltr'><strong>accepit,</strong></span> <span class='ocrx_word' id='word_1_40' title='bbox 485 839 667 938; x_wconf 81' lang='lat' dir='ltr'>imaginem</span> <span class='ocrx_word' id='word_1_41' title='bbox 705 839 953 913; x_wconf 77' lang='lat' dir='ltr'><strong>recumbentem</strong></span> <span class='ocrx_word' id='word_1_42' title='bbox 991 840 1136 927; x_wconf 83' lang='lat' dir='ltr'><strong>viderit,</strong></span> <span class='ocrx_word' id='word_1_43' title='bbox 1165 839 1241 913; x_wconf 86' lang='lat' dir='ltr'><strong>affi-</strong></span> 
     </span>
     <span class='ocr_line' id='line_1_6' title="bbox 124 955 1241 1056; baseline -0.001 -26"><span class='ocrx_word' id='word_1_44' title='bbox 124 956 211 1031; x_wconf 90' lang='lat' dir='ltr'><strong>eitur</strong></span> <span class='ocrx_word' id='word_1_45' title='bbox 235 955 353 1056; x_wconf 89' lang='lat' dir='ltr'><strong>aliquo</strong></span> <span class='ocrx_word' id='word_1_46' title='bbox 384 955 496 1043; x_wconf 89' lang='lat' dir='ltr'><strong>modo,</strong></span> <span class='ocrx_word' id='word_1_47' title='bbox 526 972 559 1029; x_wconf 89' lang='lat' dir='ltr'><strong>et</strong></span> <span class='ocrx_word' id='word_1_48' title='bbox 584 955 730 1053; x_wconf 80' lang='lat' dir='ltr'><strong>grauiter</strong></span> <span class='ocrx_word' id='word_1_49' title='bbox 755 955 835 1041; x_wconf 81' lang='lat' dir='ltr'><strong>iert3</strong></span> <span class='ocrx_word' id='word_1_50' title='bbox 857 981 897 1028; x_wconf 94' lang='lat' dir='ltr'><strong>ac</strong></span> <span class='ocrx_word' id='word_1_51' title='bbox 923 955 951 1028; x_wconf 88' lang='lat' dir='ltr'><strong>si</strong></span> <span class='ocrx_word' id='word_1_52' title='bbox 977 956 1142 1029; x_wconf 84' lang='lat' dir='ltr'><strong>viventem</strong></span> <span class='ocrx_word' id='word_1_53' title='bbox 1168 981 1241 1029; x_wconf 90' lang='lat' dir='ltr'><strong>ma-</strong></span> 
     </span>
     <span class='ocr_line' id='line_1_7' title="bbox 124 1069 1241 1170; baseline -0.003 -27"><span class='ocrx_word' id='word_1_54' title='bbox 124 1071 227 1143; x_wconf 89' lang='lat' dir='ltr'><strong>ritum</strong></span> <span class='ocrx_word' id='word_1_55' title='bbox 246 1071 361 1143; x_wconf 82' lang='lat' dir='ltr'><strong>videat</strong></span> <span class='ocrx_word' id='word_1_56' title='bbox 381 1070 457 1143; x_wconf 88' lang='lat' dir='ltr'><strong>eius</strong></span> <span class='ocrx_word' id='word_1_57' title='bbox 482 1070 660 1170; x_wconf 88' lang='lat' dir='ltr'><strong>quae-sibi</strong></span> <span class='ocrx_word' id='word_1_58' title='bbox 686 1069 857 1144; x_wconf 90' lang='lat' dir='ltr'><strong>cohabitat</strong></span> <span class='ocrx_word' id='word_1_59' title='bbox 883 1073 1004 1165; x_wconf 82' lang='lat'><strong>(138),</strong></span> <span class='ocrx_word' id='word_1_60' title='bbox 1035 1069 1168 1169; x_wconf 89' lang='lat' dir='ltr'><strong>qualem</strong></span> <span class='ocrx_word' id='word_1_61' title='bbox 1194 1069 1241 1142; x_wconf 84' lang='lat' dir='ltr'><strong>vi·</strong></span> 
     </span>
     <span class='ocr_line' id='line_1_8' title="bbox 125 1184 1238 1285; baseline -0.001 -26"><span class='ocrx_word' id='word_1_62' title='bbox 125 1202 192 1259; x_wconf 89' lang='lat' dir='ltr'><strong>tum</strong></span> <span class='ocrx_word' id='word_1_63' title='bbox 216 1184 316 1282; x_wconf 79' lang='lat' dir='ltr'><strong>aget?</strong></span> <span class='ocrx_word' id='word_1_64' title='bbox 335 1184 409 1271; x_wconf 82' lang='lat' dir='ltr'><strong>Quo</strong></span> <span class='ocrx_word' id='word_1_65' title='bbox 439 1206 537 1285; x_wconf 93' lang='lat' dir='ltr'><strong>pacto</strong></span> <span class='ocrx_word' id='word_1_66' title='bbox 571 1186 777 1282; x_wconf 82' lang='lat' dir='ltr'><strong>ingredietur</strong></span> <span class='ocrx_word' id='word_1_67' title='bbox 807 1184 965 1259; x_wconf 77' lang='lat' dir='ltr'><strong>domum?</strong></span> <span class='ocrx_word' id='word_1_68' title='bbox 996 1184 1070 1269; x_wconf 82' lang='lat' dir='ltr'><strong>Quo</strong></span> <span class='ocrx_word' id='word_1_69' title='bbox 1099 1184 1238 1271; x_wconf 92' lang='lat' dir='ltr'><strong>animo,</strong></span> 
     </span>
     <span class='ocr_line' id='line_1_9' title="bbox 124 1300 1242 1400; baseline -0.001 -28"><span class='ocrx_word' id='word_1_70' title='bbox 124 1300 253 1400; x_wconf 89' lang='lat' dir='ltr'><strong>quibus</strong></span> <span class='ocrx_word' id='word_1_71' title='bbox 277 1300 385 1374; x_wconf 89' lang='lat' dir='ltr'><strong>oculis</strong></span> <span class='ocrx_word' id='word_1_72' title='bbox 400 1301 529 1374; x_wconf 85' lang='lat' dir='ltr'><strong>videbit</strong></span> <span class='ocrx_word' id='word_1_73' title='bbox 553 1301 644 1373; x_wconf 89' lang='lat' dir='ltr'><strong>iilius</strong></span> <span class='ocrx_word' id='word_1_74' title='bbox 670 1327 806 1374; x_wconf 82' lang='lat' dir='ltr'><strong>uxorem</strong></span> <span class='ocrx_word' id='word_1_75' title='bbox 827 1300 948 1374; x_wconf 77' lang='lat' dir='ltr'><strong>suam?</strong></span> <span class='ocrx_word' id='word_1_76' title='bbox 971 1302 1041 1372; x_wconf 92' lang='lat' dir='ltr'><strong>imo</strong></span> <span class='ocrx_word' id='word_1_77' title='bbox 1062 1326 1174 1400; x_wconf 88' lang='lat' dir='ltr'><strong>neque</strong></span> <span class='ocrx_word' id='word_1_78' title='bbox 1200 1300 1242 1372; x_wconf 93' lang='lat' dir='ltr'><strong>il-</strong></span> 
     </span>
     <span class='ocr_line' id='line_1_10' title="bbox 127 1414 1243 1516; baseline 0 -30"><span class='ocrx_word' id='word_1_79' title='bbox 127 1414 206 1502; x_wconf 88' lang='lat' dir='ltr'><strong>iius,</strong></span> <span class='ocrx_word' id='word_1_80' title='bbox 224 1441 336 1513; x_wconf 90' lang='lat' dir='ltr'><strong>neque</strong></span> <span class='ocrx_word' id='word_1_81' title='bbox 361 1442 457 1488; x_wconf 90' lang='lat' dir='ltr'><strong>suam</strong></span> <span class='ocrx_word' id='word_1_82' title='bbox 475 1417 563 1490; x_wconf 87' lang='lat' dir='ltr'><strong>iuste</strong></span> <span class='ocrx_word' id='word_1_83' title='bbox 580 1417 658 1516; x_wconf 89' lang='lat' dir='ltr'><strong>quis</strong></span> <span class='ocrx_word' id='word_1_84' title='bbox 679 1416 778 1489; x_wconf 87' lang='lat' dir='ltr'><strong>talem</strong></span> <span class='ocrx_word' id='word_1_85' title='bbox 798 1415 958 1515; x_wconf 87' lang='lat' dir='ltr'><strong>appellet:</strong></span> <span class='ocrx_word' id='word_1_86' title='bbox 988 1415 1138 1488; x_wconf 72' lang='lat' dir='ltr'><strong>odra-ltere</strong></span> <span class='ocrx_word' id='word_1_87' title='bbox 1157 1417 1243 1487; x_wconf 82' lang='lat' dir='ltr'><strong>enim</strong></span> 
     </span>
     <span class='ocr_line' id='line_1_11' title="bbox 125 1529 1242 1629; baseline -0.001 -28"><span class='ocrx_word' id='word_1_88' title='bbox 125 1531 252 1602; x_wconf 78' lang='lat' dir='ltr'><strong>cullius</strong></span> <span class='ocrx_word' id='word_1_89' title='bbox 277 1544 325 1601; x_wconf 80' lang='lat' dir='ltr'><strong>est</strong></span> <span class='ocrx_word' id='word_1_90' title='bbox 348 1558 433 1602; x_wconf 84' lang='lat' dir='ltr'><strong>ocor</strong></span> <span class='ocrx_word' id='word_1_91' title='bbox 460 1534 598 1627; x_wconf 75' lang='grc'>(139).»</span> <span class='ocrx_word' id='word_1_92' title='bbox 615 1532 664 1603; x_wconf 82' lang='lat' dir='ltr'><strong>Ex</strong></span> <span class='ocrx_word' id='word_1_93' title='bbox 681 1532 805 1629; x_wconf 91' lang='lat' dir='ltr'><strong>quibus</strong></span> <span class='ocrx_word' id='word_1_94' title='bbox 826 1532 1004 1629; x_wconf 84' lang='lat' dir='ltr'><strong>postremis</strong></span> <span class='ocrx_word' id='word_1_95' title='bbox 1026 1529 1137 1603; x_wconf 90' lang='lat' dir='ltr'><strong>verbis</strong></span> <span class='ocrx_word' id='word_1_96' title='bbox 1162 1555 1242 1602; x_wconf 91' lang='lat' dir='ltr'><strong>con-</strong></span> 
     </span>
     <span class='ocr_line' id='line_1_12' title="bbox 127 1644 1242 1745; baseline -0.002 -27"><span class='ocrx_word' id='word_1_97' title='bbox 127 1644 268 1718; x_wconf 79' lang='lat' dir='ltr'><strong>cludant</strong></span> <span class='ocrx_word' id='word_1_98' title='bbox 293 1645 386 1719; x_wconf 82' lang='lat' dir='ltr'><strong>iuxta</strong></span> <span class='ocrx_word' id='word_1_99' title='bbox 406 1673 435 1719; x_wconf 92' lang='lat' dir='ltr'><strong>s.</strong></span> <span class='ocrx_word' id='word_1_100' title='bbox 453 1647 642 1733; x_wconf 88' lang='lat' dir='ltr'><strong>Doctorem,</strong></span> <span class='ocrx_word' id='word_1_101' title='bbox 667 1673 760 1719; x_wconf 85' lang='lat' dir='ltr'><strong>reum</strong></span> <span class='ocrx_word' id='word_1_102' title='bbox 791 1646 926 1745; x_wconf 91' lang='lat' dir='ltr'><strong>quidem</strong></span> <span class='ocrx_word' id='word_1_103' title='bbox 947 1645 1041 1717; x_wconf 87' lang='lat' dir='ltr'><strong>ilium</strong></span> <span class='ocrx_word' id='word_1_104' title='bbox 1066 1645 1137 1718; x_wconf 86' lang='lat' dir='ltr'><strong>fieri</strong></span> <span class='ocrx_word' id='word_1_105' title='bbox 1156 1705 1164 1733; x_wconf 95' lang='lat'><strong>,</strong></span> <span class='ocrx_word' id='word_1_106' title='bbox 1182 1645 1242 1745; x_wconf 91' lang='lat' dir='ltr'><strong>qui</strong></span> 
     </span>
     <span class='ocr_line' id='line_1_13' title="bbox 127 1759 1243 1858; baseline 0.001 -26"><span class='ocrx_word' id='word_1_107' title='bbox 127 1786 266 1833; x_wconf 84' lang='lat' dir='ltr'><strong>uxorem</strong></span> <span class='ocrx_word' id='word_1_108' title='bbox 286 1776 417 1858; x_wconf 88' lang='lat' dir='ltr'><strong>praeter</strong></span> <span class='ocrx_word' id='word_1_109' title='bbox 432 1786 570 1833; x_wconf 90' lang='lat' dir='ltr'><strong>causam</strong></span> <span class='ocrx_word' id='word_1_110' title='bbox 588 1759 818 1833; x_wconf 82' lang='lat' dir='ltr'><strong>fornicationis</strong></span> <span class='ocrx_word' id='word_1_111' title='bbox 838 1759 1019 1846; x_wconf 89' lang='lat' dir='ltr'><strong>dimiserit;</strong></span> <span class='ocrx_word' id='word_1_112' title='bbox 1036 1776 1151 1833; x_wconf 89' lang='lat' dir='ltr'><strong>contra</strong></span> <span class='ocrx_word' id='word_1_113' title='bbox 1163 1784 1243 1833; x_wconf 83' lang='lat' dir='ltr'><strong>vero</strong></span> 
     </span>
     <span class='ocr_line' id='line_1_14' title="bbox 128 1873 1240 1974; baseline 0 -28"><span class='ocrx_word' id='word_1_114' title='bbox 128 1873 157 1946; x_wconf 88' lang='lat' dir='ltr'><strong>si</strong></span> <span class='ocrx_word' id='word_1_115' title='bbox 183 1874 249 1947; x_wconf 88' lang='lat' dir='ltr'><strong>hac</strong></span> <span class='ocrx_word' id='word_1_116' title='bbox 267 1874 310 1947; x_wconf 91' lang='lat' dir='ltr'><strong>de</strong></span> <span class='ocrx_word' id='word_1_117' title='bbox 326 1900 429 1948; x_wconf 90' lang='lat' dir='ltr'><strong>causa</strong></span> <span class='ocrx_word' id='word_1_118' title='bbox 451 1902 523 1947; x_wconf 90' lang='lat' dir='ltr'><strong>eam</strong></span> <span class='ocrx_word' id='word_1_119' title='bbox 538 1875 776 1974; x_wconf 83' lang='lat' dir='ltr'><strong>repudiaverit,</strong></span> <span class='ocrx_word' id='word_1_120' title='bbox 800 1874 981 1946; x_wconf 89' lang='lat' dir='ltr'><strong>immunem</strong></span> <span class='ocrx_word' id='word_1_121' title='bbox 1006 1899 1084 1946; x_wconf 90' lang='lat' dir='ltr'><strong>osse</strong></span> <span class='ocrx_word' id='word_1_122' title='bbox 1103 1900 1240 1974; x_wconf 87' lang='lat' dir='ltr'><strong>prorsus</strong></span> 
     </span>
     <span class='ocr_line' id='line_1_15' title="bbox 128 1988 1240 2089; baseline 0.002 -29"><span class='ocrx_word' id='word_1_123' title='bbox 128 1989 319 2076; x_wconf 89' lang='lat' dir='ltr'><strong>acrimine,</strong></span> <span class='ocrx_word' id='word_1_124' title='bbox 341 1990 403 2062; x_wconf 90' lang='lat' dir='ltr'><strong>etsi</strong></span> <span class='ocrx_word' id='word_1_125' title='bbox 420 1989 522 2062; x_wconf 88' lang='lat' dir='ltr'><strong>aliam</strong></span> <span class='ocrx_word' id='word_1_126' title='bbox 539 1990 683 2076; x_wconf 78' lang='lat' dir='ltr'><strong>duxerit,</strong></span> <span class='ocrx_word' id='word_1_127' title='bbox 705 1989 785 2089; x_wconf 93' lang='lat' dir='ltr'><strong>quia</strong></span> <span class='ocrx_word' id='word_1_128' title='bbox 805 1989 839 2062; x_wconf 93' lang='lat' dir='ltr'><strong>id</strong></span> <span class='ocrx_word' id='word_1_129' title='bbox 856 1988 1021 2061; x_wconf 90' lang='lat' dir='ltr'><strong>Dominus</strong></span> <span class='ocrx_word' id='word_1_130' title='bbox 1043 1989 1115 2061; x_wconf 89' lang='lat' dir='ltr'><strong>fieri</strong></span> <span class='ocrx_word' id='word_1_131' title='bbox 1138 2014 1240 2088; x_wconf 91' lang='lat' dir='ltr'><strong>posse</strong></span> 
     </span>
     <span class='ocr_line' id='line_1_16' title="bbox 129 2102 1243 2204; baseline 0.002 -29"><span class='ocrx_word' id='word_1_132' title='bbox 129 2102 193 2177; x_wconf 90' lang='lat' dir='ltr'><strong>hoc</strong></span> <span class='ocrx_word' id='word_1_133' title='bbox 220 2104 256 2175; x_wconf 92' lang='lat' dir='ltr'><strong>in</strong></span> <span class='ocrx_word' id='word_1_134' title='bbox 282 2130 365 2177; x_wconf 91' lang='lat' dir='ltr'><strong>casu</strong></span> <span class='ocrx_word' id='word_1_135' title='bbox 389 2104 506 2178; x_wconf 81' lang='lat' dir='ltr'><strong>edixit.</strong></span> <span class='ocrx_word' id='word_1_136' title='bbox 536 2105 656 2178; x_wconf 87' lang='lat' dir='ltr'><strong>Verum</strong></span> <span class='ocrx_word' id='word_1_137' title='bbox 687 2105 716 2178; x_wconf 93' lang='lat' dir='ltr'><strong>si</strong></span> <span class='ocrx_word' id='word_1_138' title='bbox 742 2106 971 2204; x_wconf 84' lang='lat' dir='ltr'><strong>expendamus</strong></span> <span class='ocrx_word' id='word_1_139' title='bbox 998 2103 1159 2177; x_wconf 88' lang='lat' dir='ltr'><strong>orationis</strong></span> <span class='ocrx_word' id='word_1_140' title='bbox 1192 2130 1243 2177; x_wconf 89' lang='lat' dir='ltr'><strong>se·</strong></span> 
     </span>
     <span class='ocr_line' id='line_1_17' title="bbox 129 2217 1242 2319; baseline 0.002 -30"><span class='ocrx_word' id='word_1_141' title='bbox 129 2217 237 2303; x_wconf 75' lang='lat' dir='ltr'><strong>mem,</strong></span> <span class='ocrx_word' id='word_1_142' title='bbox 278 2217 403 2316; x_wconf 88' lang='lat' dir='ltr'><strong>patebit</strong></span> <span class='ocrx_word' id='word_1_143' title='bbox 435 2219 511 2292; x_wconf 92' lang='lat' dir='ltr'><strong>ideo</strong></span> <span class='ocrx_word' id='word_1_144' title='bbox 544 2246 574 2292; x_wconf 88' lang='lat' dir='ltr'><strong>s.</strong></span> <span class='ocrx_word' id='word_1_145' title='bbox 614 2220 772 2293; x_wconf 92' lang='lat' dir='ltr'><strong>loannem</strong></span> <span class='ocrx_word' id='word_1_146' title='bbox 807 2218 1037 2319; x_wconf 83' lang='lat' dir='ltr'><strong>Chrysostom.</strong></span> <span class='ocrx_word' id='word_1_147' title='bbox 1069 2217 1242 2291; x_wconf 88' lang='lat' dir='ltr'><strong>mulierem</strong></span> 
     </span>
     <span class='ocr_line' id='line_1_18' title="bbox 130 2333 1244 2434; baseline 0.002 -28"><span class='ocrx_word' id='word_1_148' title='bbox 130 2333 319 2406; x_wconf 88' lang='lat' dir='ltr'><strong>adulteram</strong></span> <span class='ocrx_word' id='word_1_149' title='bbox 345 2333 471 2408; x_wconf 89' lang='lat' dir='ltr'><strong>nullius</strong></span> <span class='ocrx_word' id='word_1_150' title='bbox 489 2360 625 2408; x_wconf 83' lang='lat' dir='ltr'><strong>uxorem</strong></span> <span class='ocrx_word' id='word_1_151' title='bbox 650 2335 791 2421; x_wconf 81' lang='lat' dir='ltr'><strong>dixisse,</strong></span> <span class='ocrx_word' id='word_1_152' title='bbox 812 2334 902 2434; x_wconf 92' lang='lat' dir='ltr'><strong>quod</strong></span> <span class='ocrx_word' id='word_1_153' title='bbox 930 2359 991 2407; x_wconf 91' lang='lat' dir='ltr'><strong>nec</strong></span> <span class='ocrx_word' id='word_1_154' title='bbox 1016 2333 1137 2432; x_wconf 89' lang='lat' dir='ltr'><strong>prioris</strong></span> <span class='ocrx_word' id='word_1_155' title='bbox 1167 2360 1244 2432; x_wconf 89' lang='lat' dir='ltr'><strong>pro—</strong></span> 
     </span>
     <span class='ocr_line' id='line_1_19' title="bbox 130 2448 1245 2550; baseline 0.002 -30"><span class='ocrx_word' id='word_1_156' title='bbox 130 2449 203 2548; x_wconf 87' lang='lat' dir='ltr'><strong>prie</strong></span> <span class='ocrx_word' id='word_1_157' title='bbox 229 2448 277 2522; x_wconf 89' lang='lat' dir='ltr'><strong>sit</strong></span> <span class='ocrx_word' id='word_1_158' title='bbox 299 2475 402 2537; x_wconf 82' lang='lat' dir='ltr'><strong>uxor,</strong></span> <span class='ocrx_word' id='word_1_159' title='bbox 430 2451 490 2550; x_wconf 88' lang='lat' dir='ltr'><strong>qui</strong></span> <span class='ocrx_word' id='word_1_160' title='bbox 515 2477 589 2523; x_wconf 90' lang='lat' dir='ltr'><strong>eam</strong></span> <span class='ocrx_word' id='word_1_161' title='bbox 624 2449 776 2537; x_wconf 89' lang='lat' dir='ltr'><strong>dimisit,</strong></span> <span class='ocrx_word' id='word_1_162' title='bbox 806 2476 867 2523; x_wconf 91' lang='lat' dir='ltr'><strong>nec</strong></span> <span class='ocrx_word' id='word_1_163' title='bbox 896 2449 1051 2537; x_wconf 90' lang='lat' dir='ltr'><strong>alterius,</strong></span> <span class='ocrx_word' id='word_1_164' title='bbox 1072 2450 1132 2549; x_wconf 91' lang='lat' dir='ltr'><strong>qui</strong></span> <span class='ocrx_word' id='word_1_165' title='bbox 1169 2466 1245 2549; x_wconf 88' lang='lat' dir='ltr'><strong>post</strong></span> 
     </span>
     <span class='ocr_line' id='line_1_20' title="bbox 130 2562 1243 2652; baseline 0.001 -17"><span class='ocrx_word' id='word_1_166' title='bbox 130 2562 224 2636; x_wconf 88' lang='lat' dir='ltr'><strong>iliam</strong></span> <span class='ocrx_word' id='word_1_167' title='bbox 250 2562 484 2638; x_wconf 87' lang='lat' dir='ltr'><strong>dimissionem</strong></span> <span class='ocrx_word' id='word_1_168' title='bbox 503 2565 657 2639; x_wconf 86' lang='lat' dir='ltr'><strong>adulterii</strong></span> <span class='ocrx_word' id='word_1_169' title='bbox 676 2591 794 2652; x_wconf 90' lang='lat' dir='ltr'><strong>causa,</strong></span> <span class='ocrx_word' id='word_1_170' title='bbox 820 2565 971 2638; x_wconf 88' lang='lat' dir='ltr'><strong>eamdem</strong></span> <span class='ocrx_word' id='word_1_171' title='bbox 997 2564 1141 2637; x_wconf 88' lang='lat' dir='ltr'><strong>duxerit.</strong></span> <span class='ocrx_word' id='word_1_172' title='bbox 1170 2566 1243 2638; x_wconf 92' lang='lat' dir='ltr'><strong>Non</strong></span> 
     </span>
     <span class='ocr_line' id='line_1_21' title="bbox 130 2678 1245 2782; baseline 0.001 -31"><span class='ocrx_word' id='word_1_173' title='bbox 130 2679 272 2779; x_wconf 88' lang='lat' dir='ltr'><strong>prioris,</strong></span> <span class='ocrx_word' id='word_1_174' title='bbox 299 2679 381 2778; x_wconf 89' lang='lat' dir='ltr'><strong>quia</strong></span> <span class='ocrx_word' id='word_1_175' title='bbox 406 2707 480 2753; x_wconf 91' lang='lat' dir='ltr'><strong>eam</strong></span> <span class='ocrx_word' id='word_1_176' title='bbox 505 2708 526 2755; x_wconf 89' lang='lat' dir='ltr'><strong>a</strong></span> <span class='ocrx_word' id='word_1_177' title='bbox 552 2708 589 2754; x_wconf 93' lang='lat' dir='ltr'><strong>se</strong></span> <span class='ocrx_word' id='word_1_178' title='bbox 615 2680 757 2782; x_wconf 88' lang='lat' dir='ltr'><strong>repulit,</strong></span> <span class='ocrx_word' id='word_1_179' title='bbox 779 2707 886 2781; x_wconf 89' lang='lat' dir='ltr'><strong>neque</strong></span> <span class='ocrx_word' id='word_1_180' title='bbox 912 2679 1057 2778; x_wconf 89' lang='lat' dir='ltr'><strong>amplius</strong></span> <span class='ocrx_word' id='word_1_181' title='bbox 1083 2678 1131 2751; x_wconf 92' lang='lat' dir='ltr'><strong>uti</strong></span> <span class='ocrx_word' id='word_1_182' title='bbox 1161 2704 1245 2752; x_wconf 86' lang='lat' dir='ltr'><strong>uxo-</strong></span> 
     </span>
     <span class='ocr_line' id='line_1_22' title="bbox 130 2792 1242 2890; baseline -0.002 -24"><span class='ocrx_word' id='word_1_183' title='bbox 130 2819 201 2866; x_wconf 89' lang='lat' dir='ltr'><strong>rem</strong></span> <span class='ocrx_word' id='word_1_184' title='bbox 227 2795 403 2890; x_wconf 81' lang='lat' dir='ltr'><strong>agnoscit,</strong></span> <span class='ocrx_word' id='word_1_185' title='bbox 435 2813 494 2869; x_wconf 91' lang='lat' dir='ltr'><strong>aut</strong></span> <span class='ocrx_word' id='word_1_186' title='bbox 517 2822 594 2870; x_wconf 91' lang='lat' dir='ltr'><strong>cum</strong></span> <span class='ocrx_word' id='word_1_187' title='bbox 619 2822 659 2869; x_wconf 90' lang='lat' dir='ltr'><strong>ea</strong></span> <span class='ocrx_word' id='word_1_188' title='bbox 688 2794 883 2870; x_wconf 82' lang='lat' dir='ltr'><strong>cohabitare</strong></span> <span class='ocrx_word' id='word_1_189' title='bbox 907 2795 1075 2880; x_wconf 88' lang='lat' dir='ltr'><strong>sustinet;</strong></span> <span class='ocrx_word' id='word_1_190' title='bbox 1104 2819 1171 2866; x_wconf 91' lang='lat' dir='ltr'><strong>non</strong></span> <span class='ocrx_word' id='word_1_191' title='bbox 1194 2792 1242 2866; x_wconf 89' lang='lat' dir='ltr'><strong>al·</strong></span> 
     </span>
     <span class='ocr_line' id='line_1_23' title="bbox 130 2909 1244 3010; baseline -0.002 -27"><span class='ocrx_word' id='word_1_192' title='bbox 130 2910 257 2997; x_wconf 89' lang='lat' dir='ltr'><strong>terius,</strong></span> <span class='ocrx_word' id='word_1_193' title='bbox 282 2911 364 3008; x_wconf 89' lang='lat' dir='ltr'><strong>quia</strong></span> <span class='ocrx_word' id='word_1_194' title='bbox 391 2911 482 2986; x_wconf 82' lang='lat' dir='ltr'><strong>iuxta</strong></span> <span class='ocrx_word' id='word_1_195' title='bbox 507 2911 723 2985; x_wconf 89' lang='lat' dir='ltr'><strong>christianam</strong></span> <span class='ocrx_word' id='word_1_196' title='bbox 750 2912 871 3010; x_wconf 78' lang='lat' dir='ltr'><strong>legem,</strong></span> <span class='ocrx_word' id='word_1_197' title='bbox 894 2910 951 3009; x_wconf 90' lang='lat' dir='ltr'><strong>qui</strong></span> <span class='ocrx_word' id='word_1_198' title='bbox 975 2909 1169 2995; x_wconf 87' lang='lat' dir='ltr'><strong>dimissam,</strong></span> <span class='ocrx_word' id='word_1_199' title='bbox 1196 2909 1244 2981; x_wconf 86' lang='lat' dir='ltr'><strong>vi-</strong></span> 
     </span>
     <span class='ocr_line' id='line_1_24' title="bbox 130 3023 1240 3123; baseline -0.002 -25"><span class='ocrx_word' id='word_1_200' title='bbox 130 3041 231 3100; x_wconf 78' lang='lat' dir='ltr'><strong>vente</strong></span> <span class='ocrx_word' id='word_1_201' title='bbox 256 3024 369 3099; x_wconf 88' lang='lat' dir='ltr'><strong>adhuc</strong></span> <span class='ocrx_word' id='word_1_202' title='bbox 392 3026 604 3113; x_wconf 87' lang='lat' dir='ltr'><strong>dimittente,</strong></span> <span class='ocrx_word' id='word_1_203' title='bbox 633 3027 788 3114; x_wconf 85' lang='lat' dir='ltr'><strong>duxerit,</strong></span> <span class='ocrx_word' id='word_1_204' title='bbox 823 3026 1029 3100; x_wconf 89' lang='lat' dir='ltr'><strong>moechatur.</strong></span> <span class='ocrx_word' id='word_1_205' title='bbox 1059 3024 1168 3123; x_wconf 74' lang='lat' dir='ltr'><strong>Atque</strong></span> <span class='ocrx_word' id='word_1_206' title='bbox 1192 3023 1240 3096; x_wconf 90' lang='lat' dir='ltr'><strong>ita</strong></span> 
     </span>
     <span class='ocr_line' id='line_1_25' title="bbox 131 3139 1244 3241; baseline 0 -28"><span class='ocrx_word' id='word_1_207' title='bbox 131 3140 189 3228; x_wconf 91' lang='lat' dir='ltr'><strong>iit,</strong></span> <span class='ocrx_word' id='word_1_208' title='bbox 214 3156 254 3213; x_wconf 91' lang='lat' dir='ltr'><strong>ut</strong></span> <span class='ocrx_word' id='word_1_209' title='bbox 285 3142 437 3216; x_wconf 87' lang='lat' dir='ltr'><strong>neutrius</strong></span> <span class='ocrx_word' id='word_1_210' title='bbox 462 3143 508 3216; x_wconf 91' lang='lat' dir='ltr'><strong>sit</strong></span> <span class='ocrx_word' id='word_1_211' title='bbox 531 3169 634 3231; x_wconf 81' lang='lat' dir='ltr'><strong>uxor,</strong></span> <span class='ocrx_word' id='word_1_212' title='bbox 658 3169 723 3217; x_wconf 92' lang='lat' dir='ltr'><strong>non</strong></span> <span class='ocrx_word' id='word_1_213' title='bbox 749 3143 849 3216; x_wconf 92' lang='lat' dir='ltr'><strong>unius</strong></span> <span class='ocrx_word' id='word_1_214' title='bbox 874 3141 913 3214; x_wconf 83' lang='lat' dir='ltr'><strong>dc</strong></span> <span class='ocrx_word' id='word_1_215' title='bbox 941 3142 1040 3241; x_wconf 77' lang='lat' dir='ltr'><strong>scoto,</strong></span> <span class='ocrx_word' id='word_1_216' title='bbox 1067 3167 1133 3214; x_wconf 92' lang='lat' dir='ltr'><strong>non</strong></span> <span class='ocrx_word' id='word_1_217' title='bbox 1161 3139 1244 3213; x_wconf 90' lang='lat' dir='ltr'><strong>alte-</strong></span> 
     </span>
     <span class='ocr_line' id='line_1_26' title="bbox 131 3256 371 3330; baseline 0.004 -1"><span class='ocrx_word' id='word_1_218' title='bbox 131 3257 201 3330; x_wconf 85' lang='lat' dir='ltr'><strong>rius</strong></span> <span class='ocrx_word' id='word_1_219' title='bbox 223 3256 263 3328; x_wconf 84' lang='lat' dir='ltr'><strong>de</strong></span> <span class='ocrx_word' id='word_1_220' title='bbox 289 3258 371 3330; x_wconf 82' lang='lat' dir='ltr'><strong>iure.</strong></span> 
     </span>
    </p>

    <p class='ocr_par' dir='ltr' id='par_1_3' title="bbox 131 3370 1246 3819">
     <span class='ocr_line' id='line_1_27' title="bbox 205 3370 1245 3471; baseline -0.001 -27"><span class='ocrx_word' id='word_1_221' title='bbox 205 3370 296 3456; x_wconf 84' lang='lat' dir='ltr'><strong>Quin</strong></span> <span class='ocrx_word' id='word_1_222' title='bbox 318 3370 430 3471; x_wconf 87' lang='lat' dir='ltr'><strong>potius</strong></span> <span class='ocrx_word' id='word_1_223' title='bbox 449 3399 490 3445; x_wconf 85' lang='lat' dir='ltr'><strong>ex</strong></span> <span class='ocrx_word' id='word_1_224' title='bbox 514 3372 570 3447; x_wconf 91' lang='lat' dir='ltr'><strong>his</strong></span> <span class='ocrx_word' id='word_1_225' title='bbox 587 3373 699 3446; x_wconf 87' lang='lat' dir='ltr'><strong>verbis</strong></span> <span class='ocrx_word' id='word_1_226' title='bbox 725 3398 848 3447; x_wconf 82' lang='lat' dir='ltr'><strong>novum</strong></span> <span class='ocrx_word' id='word_1_227' title='bbox 866 3372 996 3470; x_wconf 80' lang='lat' dir='ltr'><strong>exurgit</strong></span> <span class='ocrx_word' id='word_1_228' title='bbox 1013 3386 1245 3468; x_wconf 82' lang='lat' dir='ltr'><strong>argumentum</strong></span> 
     </span>
     <span class='ocr_line' id='line_1_28' title="bbox 131 3486 1246 3588; baseline 0 -28"><span class='ocrx_word' id='word_1_229' title='bbox 131 3513 192 3586; x_wconf 92' lang='lat' dir='ltr'><strong>pro</strong></span> <span class='ocrx_word' id='word_1_230' title='bbox 209 3487 357 3584; x_wconf 83' lang='lat' dir='ltr'><strong>genuina</strong></span> <span class='ocrx_word' id='word_1_231' title='bbox 379 3514 408 3560; x_wconf 90' lang='lat' dir='ltr'><strong>s.</strong></span> <span class='ocrx_word' id='word_1_232' title='bbox 442 3487 671 3588; x_wconf 86' lang='lat' dir='ltr'><strong>Chrysostomi</strong></span> <span class='ocrx_word' id='word_1_233' title='bbox 697 3488 863 3561; x_wconf 86' lang='lat' dir='ltr'><strong>sententia</strong></span> <span class='ocrx_word' id='word_1_234' title='bbox 892 3487 934 3560; x_wconf 91' lang='lat' dir='ltr'><strong>de</strong></span> <span class='ocrx_word' id='word_1_235' title='bbox 960 3486 1114 3561; x_wconf 88' lang='lat' dir='ltr'><strong>absoluta</strong></span> <span class='ocrx_word' id='word_1_236' title='bbox 1138 3486 1246 3560; x_wconf 88' lang='lat' dir='ltr'><strong>indis-</strong></span> 
     </span>
     <span class='ocr_line' id='line_1_29' title="bbox 131 3600 1246 3700; baseline -0.002 -24"><span class='ocrx_word' id='word_1_237' title='bbox 131 3600 339 3676; x_wconf 88' lang='lat' dir='ltr'><strong>solubilitate</strong></span> <span class='ocrx_word' id='word_1_238' title='bbox 363 3602 509 3699; x_wconf 79' lang='lat' dir='ltr'><strong>coniugii</strong></span> <span class='ocrx_word' id='word_1_239' title='bbox 536 3604 636 3676; x_wconf 90' lang='lat' dir='ltr'><strong>etiam</strong></span> <span class='ocrx_word' id='word_1_240' title='bbox 654 3605 689 3675; x_wconf 93' lang='lat' dir='ltr'><strong>in</strong></span> <span class='ocrx_word' id='word_1_241' title='bbox 706 3631 789 3678; x_wconf 90' lang='lat' dir='ltr'><strong>casu</strong></span> <span class='ocrx_word' id='word_1_242' title='bbox 815 3603 981 3677; x_wconf 88' lang='lat' dir='ltr'><strong>adulterii.</strong></span> <span class='ocrx_word' id='word_1_243' title='bbox 1011 3603 1045 3674; x_wconf 88' lang='lat' dir='ltr'><strong>Si</strong></span> <span class='ocrx_word' id='word_1_244' title='bbox 1063 3602 1153 3675; x_wconf 90' lang='lat' dir='ltr'><strong>enim</strong></span> <span class='ocrx_word' id='word_1_245' title='bbox 1171 3602 1246 3700; x_wconf 91' lang='lat' dir='ltr'><strong>ipse</strong></span> 
     </span>
     <span class='ocr_line' id='line_1_30' title="bbox 131 3715 1246 3819; baseline -0.004 -28"><span class='ocrx_word' id='word_1_246' title='bbox 131 3716 314 3791; x_wconf 87' lang='lat' dir='ltr'><strong>arbitratus</strong></span> <span class='ocrx_word' id='word_1_247' title='bbox 340 3734 431 3791; x_wconf 90' lang='lat' dir='ltr'><strong>esset</strong></span> <span class='ocrx_word' id='word_1_248' title='bbox 462 3735 596 3819; x_wconf 88' lang='lat' dir='ltr'><strong>propter</strong></span> <span class='ocrx_word' id='word_1_249' title='bbox 629 3720 827 3793; x_wconf 86' lang='lat' dir='ltr'><strong>adulterium</strong></span> <span class='ocrx_word' id='word_1_250' title='bbox 866 3719 1036 3793; x_wconf 85' lang='lat' dir='ltr'><strong>vinculum</strong></span> <span class='ocrx_word' id='word_1_251' title='bbox 1070 3715 1246 3814; x_wconf 79' lang='lat' dir='ltr'><strong>coniugale</strong></span> 
     </span>
    </p>
   </div>
   <div class='ocr_carea' id='block_1_3' title="bbox 133 4009 1244 4398">
    <p class='ocr_par' dir='ltr' id='par_1_4' title="bbox 133 4009 1244 4318">
     <span class='ocr_line' id='line_1_31' title="bbox 202 4009 1244 4078; baseline -0.004 -16"><span class='ocrx_word' id='word_1_252' title='bbox 202 4012 270 4073; x_wconf 79' lang='lat' dir='ltr'><strong>(tta)</strong></span> <span class='ocrx_word' id='word_1_253' title='bbox 289 4010 326 4062; x_wconf 77' lang='lat' dir='ltr'><strong>Ari</strong></span> <span class='ocrx_word' id='word_1_254' title='bbox 343 4011 473 4064; x_wconf 80' lang='lat' dir='ltr'><strong>clariorem</strong></span> <span class='ocrx_word' id='word_1_255' title='bbox 496 4014 570 4065; x_wconf 85' lang='lat' dir='ltr'><strong>huius</strong></span> <span class='ocrx_word' id='word_1_256' title='bbox 581 4014 629 4065; x_wconf 90' lang='lat' dir='ltr'><strong>loci</strong></span> <span class='ocrx_word' id='word_1_257' title='bbox 646 4014 841 4078; x_wconf 81' lang='lat' dir='ltr'><strong>intelligentiam,</strong></span> <span class='ocrx_word' id='word_1_258' title='bbox 853 4013 1096 4064; x_wconf 81' lang='lat' dir='ltr'><strong>animadvertendum</strong></span> <span class='ocrx_word' id='word_1_259' title='bbox 1110 4013 1156 4073; x_wconf 88' lang='lat' dir='ltr'><strong>eet,</strong></span> <span class='ocrx_word' id='word_1_260' title='bbox 1177 4009 1244 4073; x_wconf 85' lang='lat' dir='ltr'><strong>quod</strong></span> 
     </span>
     <span class='ocr_line' id='line_1_32' title="bbox 133 4092 1244 4158; baseline -0.001 -15"><span class='ocrx_word' id='word_1_261' title='bbox 133 4105 162 4143; x_wconf 77' lang='lat' dir='ltr'><strong>ea</strong></span> <span class='ocrx_word' id='word_1_262' title='bbox 180 4106 248 4156; x_wconf 81' lang='lat' dir='ltr'><strong>quae</strong></span> <span class='ocrx_word' id='word_1_263' title='bbox 269 4093 309 4143; x_wconf 86' lang='lat' dir='ltr'><strong>hic</strong></span> <span class='ocrx_word' id='word_1_264' title='bbox 330 4092 392 4144; x_wconf 84' lang='lat' dir='ltr'><strong>‹ltett</strong></span> <span class='ocrx_word' id='word_1_265' title='bbox 404 4108 425 4145; x_wconf 85' lang='lat' dir='ltr'><strong>s.</strong></span> <span class='ocrx_word' id='word_1_266' title='bbox 435 4097 471 4145; x_wconf 90' lang='lat' dir='ltr'><strong>lo.</strong></span> <span class='ocrx_word' id='word_1_267' title='bbox 484 4095 671 4158; x_wconf 76' lang='lat' dir='ltr'><strong>chrysostomus</strong></span> <span class='ocrx_word' id='word_1_268' title='bbox 686 4094 718 4146; x_wconf 84' lang='lat' dir='ltr'><strong>de</strong></span> <span class='ocrx_word' id='word_1_269' title='bbox 732 4095 842 4145; x_wconf 76' lang='lat' dir='ltr'><strong>defuncti</strong></span> <span class='ocrx_word' id='word_1_270' title='bbox 854 4095 901 4145; x_wconf 84' lang='lat' dir='ltr'><strong>riri</strong></span> <span class='ocrx_word' id='word_1_271' title='bbox 921 4094 1044 4158; x_wconf 77' lang='lat' dir='ltr'><strong>imagine,</strong></span> <span class='ocrx_word' id='word_1_272' title='bbox 1059 4092 1194 4144; x_wconf 75' lang='lat' dir='ltr'><strong>dictasint</strong></span> <span class='ocrx_word' id='word_1_273' title='bbox 1213 4092 1244 4143; x_wconf 60' lang='lat' dir='ltr'><strong>sis</strong></span> 
     </span>
     <span class='ocr_line' id='line_1_33' title="bbox 135 4172 1244 4239; baseline -0.003 -17"><span class='ocrx_word' id='word_1_274' title='bbox 135 4172 285 4223; x_wconf 87' lang='lat' dir='ltr'><strong>militudinis</strong></span> <span class='ocrx_word' id='word_1_275' title='bbox 307 4175 399 4236; x_wconf 79' lang='lat' dir='ltr'><strong>gralia3</strong></span> <span class='ocrx_word' id='word_1_276' title='bbox 415 4177 443 4224; x_wconf 82' lang='lat' dir='ltr'><strong>ut</strong></span> <span class='ocrx_word' id='word_1_277' title='bbox 465 4175 539 4225; x_wconf 89' lang='lat' dir='ltr'><strong>animi</strong></span> <span class='ocrx_word' id='word_1_278' title='bbox 555 4188 626 4225; x_wconf 87' lang='lat' dir='ltr'><strong>sensa</strong></span> <span class='ocrx_word' id='word_1_279' title='bbox 642 4175 762 4239; x_wconf 82' lang='lat' dir='ltr'><strong>exprimat</strong></span> <span class='ocrx_word' id='word_1_280' title='bbox 780 4176 857 4237; x_wconf 86' lang='lat' dir='ltr'><strong>illius,</strong></span> <span class='ocrx_word' id='word_1_281' title='bbox 868 4175 912 4238; x_wconf 84' lang='lat' dir='ltr'><strong>qui</strong></span> <span class='ocrx_word' id='word_1_282' title='bbox 934 4173 1022 4224; x_wconf 83' lang='lat' dir='ltr'><strong>uiderit</strong></span> <span class='ocrx_word' id='word_1_283' title='bbox 1040 4172 1168 4222; x_wconf 85' lang='lat' dir='ltr'><strong>mulierem</strong></span> <span class='ocrx_word' id='word_1_284' title='bbox 1187 4184 1203 4219; x_wconf 90' lang='lat' dir='ltr'><strong>a</strong></span> <span class='ocrx_word' id='word_1_285' title='bbox 1218 4185 1244 4219; x_wconf 82' lang='lat' dir='ltr'><strong>er</strong></span> 
     </span>
     <span class='ocr_line' id='line_1_34' title="bbox 133 4251 943 4318; baseline 0.001 -16"><span class='ocrx_word' id='word_1_286' title='bbox 133 4251 261 4302; x_wconf 83' lang='lat' dir='ltr'><strong>dimissam</strong></span> <span class='ocrx_word' id='word_1_287' title='bbox 275 4252 308 4302; x_wconf 85' lang='lat' dir='ltr'><strong>cb</strong></span> <span class='ocrx_word' id='word_1_288' title='bbox 328 4253 492 4315; x_wconf 83' lang='lat' dir='ltr'><strong>adulterium,</strong></span> <span class='ocrx_word' id='word_1_289' title='bbox 514 4255 539 4303; x_wconf 94' lang='lat' dir='ltr'><strong>in</strong></span> <span class='ocrx_word' id='word_1_290' title='bbox 562 4254 663 4305; x_wconf 86' lang='lat' dir='ltr'><strong>alterius</strong></span> <span class='ocrx_word' id='word_1_291' title='bbox 683 4255 827 4318; x_wconf 67' lang='lat' dir='ltr'><strong>potetatem</strong></span> <span class='ocrx_word' id='word_1_292' title='bbox 842 4254 943 4304; x_wconf 67' lang='lat' dir='ltr'><strong>vennae.</strong></span> 
     </span>
    </p>

    <p class='ocr_par' dir='ltr' id='par_1_5' title="bbox 201 4332 775 4398">
     <span class='ocr_line' id='line_1_35' title="bbox 201 4332 775 4398; baseline 0 -15"><span class='ocrx_word' id='word_1_293' title='bbox 201 4332 270 4394; x_wconf 74' lang='lat' dir='ltr'><strong>(tte)</strong></span> <span class='ocrx_word' id='word_1_294' title='bbox 283 4335 342 4384; x_wconf 83' lang='lat' dir='ltr'><strong>Loc.</strong></span> <span class='ocrx_word' id='word_1_295' title='bbox 353 4333 396 4384; x_wconf 88' lang='lat' dir='ltr'><strong>cit.</strong></span> <span class='ocrx_word' id='word_1_296' title='bbox 408 4347 438 4384; x_wconf 82' lang='lat' dir='ltr'><strong>en</strong></span> <span class='ocrx_word' id='word_1_297' title='bbox 449 4336 509 4384; x_wconf 90' lang='lat' dir='ltr'><strong>tom.</strong></span> <span class='ocrx_word' id='word_1_298' title='bbox 527 4335 570 4384; x_wconf 90' lang='lat' dir='ltr'><strong>lll.</strong></span> <span class='ocrx_word' id='word_1_299' title='bbox 582 4349 607 4385; x_wconf 92' lang='lat' dir='ltr'><strong>n.</strong></span> <span class='ocrx_word' id='word_1_300' title='bbox 620 4342 642 4386; x_wconf 80' lang='lat' dir='ltr'><strong>t.</strong></span> <span class='ocrx_word' id='word_1_301' title='bbox 654 4347 709 4398; x_wconf 74' lang='lat' dir='ltr'><strong>pag.</strong></span> <span class='ocrx_word' id='word_1_302' title='bbox 721 4338 775 4388; x_wconf 78' lang='lat'><strong>207.</strong></span> 
     </span>
    </p>
   </div>
   <div class='ocr_carea' id='block_1_4' title="bbox 0 0 1413 5064">
    <p class='ocr_par' dir='ltr' id='par_1_6' title="bbox 0 0 1413 5064">
     <span class='ocr_line' id='line_1_36' title="bbox 0 0 1413 5064; baseline 0 0"><span class='ocrx_word' id='word_1_303' title='bbox 0 0 1413 5064; x_wconf 95' lang='lat' dir='ltr'><strong> </strong></span> 
     </span>
    </p>
   </div>
  </div>
 </body>
</html>
