2796 5064
235 355 314 430 ett-
354 368 921 431 commensurationem.
941 365 1182 425 rauracense.

171 522 172 526 ’
232 497 318 575 forte
335 518 601 596 possumusque
613 493 743 568 ratione
759 489 1255 590 nonnullommconoiliomm,
1267 514 1347 589 quiae

234 612 348 713 perid
366 610 527 710 temporis
545 609 713 683 celebrata
737 624 818 683 suut
841 624 943 708 atque
966 606 1010 681 ab
1035 604 1103 681 his
1119 603 1282 679 sensibus
1298 603 1347 679 de

233 728 362 802 clinare
382 726 559 812 videntur,
579 725 649 799 sint
671 723 910 822 intelligenda,
930 723 1014 823 quin
1031 748 1200 820 cogamur
1215 747 1257 797 ea
1272 736 1348 794 um-

232 858 336 942 quam
349 868 372 916 a
384 840 553 915 communi
568 840 674 941 perid
688 839 904 939 temporisne
918 852 1051 938 recepta
1062 836 1348 912 doetrinadiseor-

233 954 350 1031 dantia
375 955 532 1030 abiicere.

728 1088 766 1188 a.
794 1085 855 1160 ιιι.

364 1239 573 1291 Documentomur
588 1236 664 1290 medll
678 1238 738 1290 Aarl
754 1239 821 1289 elren
839 1235 1081 1289 ledlttolubtlltutatu
1097 1234 1216 1302 eonlugd

436 1320 462 1371 tn
476 1332 535 1372 cusu
551 1318 667 1371 adulterii
682 1322 710 1370 et
722 1318 897 1371 difficulatem
913 1330 978 1384 quic
992 1319 1080 1371 coum
1095 1330 1153 1370 earn

623 1401 783 1464 opponuntur
800 1397 920 1462 cpierlsts.

303 1546 365 1620 Sin
387 1545 504 1619 minus
533 1544 666 1633 omnia,
694 1543 786 1646 quod
818 1544 892 1617 lieri
916 1544 973 1617 rix
999 1555 1135 1642 potest,
1176 1541 1345 1643 praecipue

231 1658 352 1734 saltem
377 1685 419 1733 ax
442 1657 682 1734 aeclesiasticis
706 1657 920 1745 auctoribus,
953 1655 1102 1730 romanis
1133 1655 1345 1755 pontificibm

231 1790 334 1876 atque
364 1773 516 1849 conciliis
546 1773 747 1847 documenta
768 1790 789 1861 ,'
809 1797 899 1872 quae
927 1770 994 1845 huo
1022 1769 1220 1844 referuntur
1248 1768 1345 1844 attuli

230 1914 328 1978 mus,
356 1905 458 1991 atque
483 1888 722 1963 discussimus.
750 1887 876 1963 luserit
901 1911 990 1961 nunc
1014 1910 1056 1959 ea
1082 1884 1174 1959 inter
1198 1910 1240 1959 se
1266 1910 1345 1959 com

231 2030 372 2104 parare,
398 2019 438 2078 ut
461 2003 606 2077 fructum
631 2002 753 2075 exinde
770 2001 982 2100 colligamus.

303 2117 376 2191 lam
399 2142 479 2192 uero
503 2142 592 2217 qnae
617 2117 849 2192 recensuimus
876 2113 1070 2190 insecandi
1089 2112 1199 2189 huius
1220 2111 1344 2189 articuli

229 2230 268 2329 g.
288 2229 316 2303 l.
337 2230 584 2332 patefaciente
607 2229 742 2306 saeculo
770 2228 936 2305 ccclesiae
958 2229 1011 2302 vl.
1033 2243 1068 2303 et
1092 2226 1260 2331 deinceps
1288 2242 1345 2301 trs·

231 2343 358 2418 ditione
385 2359 547 2446 perpetua
576 2361 742 2421 seruatam
770 2360 886 2421 sancte
919 2343 1027 2419 luisse
1058 2343 1345 2442 euangelicamct

229 2458 450 2558 apostolicam
482 2460 668 2535 doctrinam
699 2460 742 2532 da
772 2458 930 2533 absoluta
959 2458 1109 2556 coniugii
1145 2457 1342 2541 christiani,

230 2575 331 2648 etiam
361 2577 601 2651 interueniente
628 2574 804 2662 adulterio,
833 2575 1003 2647 firmitate.
1030 2575 1174 2647 Constat
1198 2575 1290 2647 enim
1312 2598 1345 2645 er

228 2690 385 2764 adductis
410 2690 620 2765 documentis
642 2691 731 2765 benc
748 2717 882 2791 semper
898 2705 932 2763 et
953 2689 1143 2763 doctrinam
1166 2704 1201 2764 et
1224 2688 1346 2788 praxim

228 2804 381 2902 viguisse
409 2804 494 2879 nulli
523 2808 596 2880 viro
620 2833 682 2880 seu
707 2805 839 2879 mulieri
866 2821 943 2906 post
968 2806 1091 2879 lactum
1118 2802 1346 2879 fornicatiouis

228 2944 333 2996 causa
363 2923 605 3023 separationem
632 2923 683 2996 las
713 2921 897 3021 aliquando
925 2921 1055 3008 luisse,
1084 2920 1194 2995 altem
1222 2921 1346 2995 virente

229 3036 390 3133 coniuge,
418 3036 522 3111 alium
549 3038 621 3111 siva
646 3037 805 3110 maritum
829 3038 902 3111 sive
931 3062 1070 3111 uxorem
1100 3035 1207 3110 aliam
1238 3061 1346 3136 super·

230 3147 408 3237 inducara;
430 3150 617 3224 doctrinam
640 3177 720 3225 vero
746 3151 832 3226 hanc
858 3167 892 3225 ct
916 3151 1045 3252 praxim
1072 3151 1203 3252 pariter
1224 3163 1347 3224 constat

230 3262 384 3337 innixam
403 3265 525 3362 iugiter
549 3267 657 3339 luisse
681 3282 751 3339 tum
770 3266 945 3364 Evangelii
971 3281 1043 3339 tum
1060 3266 1220 3367 Apostoli
1242 3280 1347 3340 aucto·

229 3376 330 3449 ritati.
352 3378 403 3451 Ad
424 3379 512 3453 hanc
537 3381 626 3454 enim
653 3398 812 3482 perpetuo
830 3380 1021 3482 appellant,
1042 3381 1104 3481 qui
1121 3380 1347 3456 omnimodam

231 3488 559 3568 indissolubilitatem
577 3494 876 3594 proclamaverunt.
898 3495 996 3569 Levis
1019 3494 1220 3569 eorumdem
1243 3495 1348 3594 inspe

229 3604 296 3678 ctio
321 3604 493 3677 cordatum
519 3609 673 3707 quamvis
698 3607 854 3681 lectorem
882 3609 1057 3683 certiorem
1084 3608 1201 3683 faciet.

302 3719 421 3805 Quoad
445 3721 549 3794 dubia
579 3722 806 3810 documenta,
840 3750 929 3822 quaa
954 3724 990 3795 in
1020 3725 1240 3826 paragrapho
1266 3725 1349 3797 inse·

229 3835 344 3932 quenti
370 3837 523 3934 exposita
544 3852 623 3910 sunt
641 3837 758 3910 sedulo
774 3853 827 3911 cst
843 3838 1208 3929 animadvertendum,
1226 3839 1349 3939 aliquot

228 3948 366 4036 axillis,
383 3950 418 4021 in
436 3951 560 4052 quibus
578 3952 721 4027 adversa
737 3953 891 4027 doctrina
910 3953 1054 4027 traditur
1070 3954 1203 4030 dubiae
1218 3952 1349 4029 omuino

229 4084 305 4134 esse
329 4064 536 4137 auctoritatis
562 4081 676 4167 utpote
701 4066 791 4140 adita
816 4068 860 4140 ab
887 4068 1054 4168 imperitis
1072 4069 1295 4153 auctoribus,
1314 4090 1348 4139 ac

230 4172 315 4248 falso
329 4176 405 4250 aliis
419 4178 606 4281 adscripta,
627 4181 817 4254 cuiusmodi
837 4196 917 4255 sunt
931 4182 1134 4256 canlllllll.
1144 4182 1276 4285 Synodi
1291 4178 1348 4255 sub

230 4288 364 4363 nomine
397 4318 425 4364 s.
449 4292 581 4367 Patrieii
608 4294 861 4371 hibernensium
887 4297 1030 4398 apostoli
1056 4298 1244 4397 vulgatam
1266 4319 1346 4399 quet
