2796 5064
168 178 237 249 23⁰
318 199 548 251 corruatur.
570 198 700 249 straus.
719 198 759 248 ns
774 196 888 247 metm.
904 196 1000 249 asra.
1021 196 1147 249 samar.

166 316 310 391 vincitur
324 316 455 391 vivente
482 315 554 390 viro
575 315 629 389 cui
648 314 800 389 subiecta
818 330 1002 415 ast,eoquc
1019 328 1166 399 mortuo,
1185 315 1275 387 omni

166 428 301 505 vinomo
324 427 482 516 solvitur3
503 430 549 503 ita
575 430 731 502 nimirum
757 454 817 528 per
832 445 971 503 mertem
987 426 1115 503 Christi
1144 426 1276 502 iudaica

167 568 251 641 gens
274 540 415 617 liberata
437 558 490 616 est
513 569 534 616 a
556 541 640 640 legis
667 542 835 617 mosaicae
861 543 952 641 iugo.
972 542 1278 617 Animadvertimus

170 672 340 756 praeterea
356 657 420 731 hoc
437 657 472 730 in
496 658 568 733 loco
585 684 772 733 sermonem
789 684 866 733 esse
885 658 928 732 de
944 657 1171 745 matrimonio,
1189 655 1279 756 qnod

168 789 434 847 consummatum
446 790 586 859 vocant,
601 788 638 846 ut
652 787 741 872 patet
758 788 828 847 tum
845 798 886 846 ex
903 798 954 870 gr.
975 796 1058 847 voce
1076 753 1278 871 ὕπανδρος,

168 910 236 985 qua
260 885 473 985 significatur
490 885 741 986 quodammodo
757 886 968 973 concubitus,
985 900 1056 961 tum
1074 911 1117 961 ex
1133 911 1175 960 eo
1191 883 1279 984 quod

167 1000 337 1101 sequitur:
366 1003 398 1073 si
419 1002 521 1101 [card
545 1027 618 1073 cum
641 1002 708 1074 clio
731 1003 814 1076 ciro.

239 1115 371 1205 Quibus
388 1117 521 1215 positis,
541 1115 681 1190 dubium
700 1132 847 1205 nonest,
867 1117 951 1218 quin
968 1114 1152 1217 Apostolus
1168 1112 1279 1187 verbis

168 1230 279 1307 allatis
295 1230 487 1330 siguificare
504 1230 694 1319 intenderit,
709 1258 776 1305 uon
794 1232 960 1331 disrumpi
978 1228 1185 1305 matrimonii
1202 1253 1281 1303 con·

170 1345 325 1419 summati
348 1344 539 1432 vinculum,
564 1345 713 1444 adeoque
733 1346 824 1420 haud
848 1370 948 1447 posse
965 1369 1102 1419 uxorem
1119 1342 1166 1417 ad
1183 1342 1279 1427 aliae,

170 1460 346 1559 supposito
370 1461 471 1533 stiam
492 1459 647 1533 adulterii
673 1461 815 1558 flagitio,
837 1461 980 1536 transire
1006 1458 1156 1559 nuptias,
1177 1457 1282 1532 donec

168 1573 315 1649 vincius
337 1574 474 1662 vixerit,
505 1574 548 1646 ad
574 1601 651 1648 eum
678 1565 834 1663 modum,
850 1601 919 1675 quo
937 1574 1048 1648 iudaei
1072 1600 1143 1648 non
1168 1587 1283 1673 potue

169 1704 248 1763 runt
273 1714 312 1765 se
335 1715 356 1763 a
376 1689 461 1787 legis
487 1689 647 1764 servitute
671 1691 837 1778 eximere,
865 1689 1028 1792 quamdiu
1058 1712 1119 1789 per
1144 1703 1282 1762 mortem

169 1803 295 1879 Christi
319 1804 378 1878 illa
399 1831 467 1879 non
485 1805 604 1881 luisset
620 1805 765 1894 abolita,
782 1832 850 1881 non
866 1804 1082 1881 obstantibus
1100 1821 1150 1880 tot
1170 1828 1282 1879 eorum

169 1919 521 2019 praevaricationibus.
539 1920 828 2008 Quemadmodum
853 1921 955 2019 igitur
966 1945 1033 1995 non
1054 1934 1212 2020 poterant
1235 1918 1283 1990 iu-

169 2032 245 2107 daei
271 2060 292 2109 a
321 2032 394 2131 lege
418 2036 521 2109 vetari
545 2037 750 2138 emancipari
776 2036 843 2111 nisi
875 2063 936 2136 per
960 2034 1086 2109 Christi
1116 2048 1279 2115 mortem.

170 2148 221 2223 sic
244 2174 328 2223 uxor
356 2176 538 2250 numquam
568 2151 688 2250 poterit
706 2178 727 2225 a
744 2151 894 2249 coniugii
919 2151 972 2225 sni
990 2148 1125 2225 vinculo
1151 2146 1283 2223 liberari

171 2263 238 2339 nisi
264 2290 325 2364 per
351 2266 462 2338 mariti
489 2264 628 2340 obitum.
657 2266 833 2365 Siquidem
856 2266 892 2340 in
910 2265 976 2342 hoc
1000 2265 1153 2365 praeciae
1176 2262 1284 2339 consi-

170 2378 227 2452 stit
251 2379 352 2453 totius
378 2381 638 2481 comparationis
670 2381 723 2455 vis
748 2397 782 2454 et
807 2407 952 2482 scopus,
986 2407 1045 2454 seu
1077 2395 1117 2451 ut
1144 2393 1281 2463 vocant,

169 2496 419 2593 comparationes
438 2511 607 2594 poectum.
627 2497 696 2569 lam
718 2497 847 2572 verosi
869 2484 1101 2596 exceptionem
1119 2493 1280 2595 aliquam,

171 2607 288 2682 saltem
315 2608 543 2686 fornicationis
562 2626 620 2685 aut
637 2610 807 2697 adulterii,
827 2610 1032 2685 voluerimus
1052 2609 1087 2681 in
1105 2606 1201 2682 hunc
1218 2624 1284 2682 tex·

170 2740 240 2798 tum
266 2724 453 2811 intrudere,
483 2740 542 2796 aut
566 2725 601 2798 in
629 2751 669 2798 eo
698 2724 971 2822 subintelligere,
993 2737 1061 2798 tota
1087 2720 1282 2823 pessumda-

140 2930 144 2938 .
171 2837 415 2938 returdpostoli
431 2838 628 2926 similitudo,
644 2840 713 2916 imo
726 2839 812 2915 lalsa
823 2840 990 2927 evaderet,
1006 2855 1045 2912 ut
1056 2864 1118 2937 per
1128 2862 1169 2911 se
1182 2850 1280 2937 patet.

241 2955 472 3028 Verumtamen
491 2955 524 3026 in
544 2954 617 3052 lege
635 2957 800 3042 mosaica,
822 2971 978 3054 regerunt
994 2952 1181 3028 adversarii
1199 3009 1208 3038 ,
1228 2976 1283 3052 per

171 3068 321 3142 libellum
348 3070 479 3169 repudii
508 3086 636 3169 poterat
660 3071 802 3145 dissolvi
831 3070 1042 3167 coniugium,
1070 3084 1106 3143 et
1127 3068 1175 3143 ad
1200 3068 1283 3141 lianc

172 3182 279 3279 legem
305 3182 426 3256 alludit
450 3184 650 3283 Apostolus;
673 3187 746 3258 eius
773 3186 876 3284 igitur
896 3212 992 3259 mens
1012 3202 1086 3271 est,
1107 3211 1149 3257 ex
1174 3182 1282 3282 rapula

170 3297 306 3397 quidem
327 3325 392 3371 non
419 3297 559 3373 dissolvi
577 3302 769 3398 coniugium
797 3301 862 3376 nisi
889 3319 1011 3387 morte,
1033 3325 1135 3400 posse
1156 3324 1236 3373 vero
1252 3297 1281 3367 in

170 3438 253 3486 casu
269 3415 496 3510 exceptiuncula,
519 3415 756 3489 interveniente
774 3415 901 3489 scilicet
917 3414 1095 3488 adulterio.
1112 3414 1176 3487 Ast
1197 3437 1281 3513 prae·

172 3543 321 3627 terquam
342 3528 444 3627 quod,
459 3529 507 3601 uti
520 3530 746 3618 ostendimus,
763 3532 896 3632 Moyses
915 3557 982 3605 non
1000 3528 1043 3603 ob
1062 3554 1204 3603 causam
1222 3529 1280 3601 lor·

171 3642 349 3715 nicationis
375 3668 435 3715 seu
461 3641 615 3716 adulterii
640 3642 792 3717 libellum
819 3646 950 3744 repudii
976 3644 1049 3718 deri
1073 3642 1278 3744 permiserit,

170 3757 229 3831 scd
256 3755 340 3830 alias
363 3757 407 3830 ob
431 3784 553 3831 causas
574 3758 646 3831 sive
671 3760 833 3859 physicas
860 3761 932 3833 sive
959 3758 1123 3845 morales,
1153 3772 1281 3857 propter

170 3899 256 3972 quas
284 3899 367 3946 uxor
386 3875 527 3970 gratiam
554 3873 644 3973 apud
674 3875 783 3946 virum
812 3900 879 3948 non
903 3875 1080 3960 inveniret,
1105 3871 1282 3972 Apostolus

171 3988 246 4059 heic
263 4004 393 4087 spectat
417 3988 508 4087 quod
534 3989 585 4060 lex
605 4015 664 4089 per
681 4015 718 4062 se
737 3989 900 4088 postulat,
923 4016 990 4064 non
1009 4005 1120 4062 autern
1139 3986 1232 4089 quod
1247 4011 1282 4059 er

171 4103 389 4175 concessione
415 4102 544 4187 liceret,
567 4102 624 4174 illa
647 4130 724 4178 vero
743 4103 794 4177 lex
812 4105 855 4178 ad
881 4131 981 4203 quam
1001 4104 1139 4202 respicit
1164 4129 1207 4178 ea
1225 4118 1282 4175 est.
