2796 5064
267 336 339 391 ιιι.
352 338 400 391 ιιι.
412 340 455 390 nn
465 316 562 391 sisso
577 339 867 393 retentaturus.
882 341 977 392 narr.
991 339 1062 392 ιιι.
1074 342 1097 395 ι.
1186 317 1255 391 289

135 455 224 558 qnod
242 482 312 532 non
330 457 394 532 rite
413 457 617 558 diremptum
631 476 695 534 ost.
708 459 864 535 ldanente
880 459 1093 534 matrimonio
1114 458 1251 547 nubere,

134 571 336 646 ndnlterium
348 589 412 647 est.
426 575 476 646 lta
488 573 517 646 si
533 573 801 648 conditionaliter
813 574 986 673 prohibuit
998 573 1167 648 dimittere
1177 599 1257 648 uxo·

133 714 220 776 rem,
242 690 367 763 nonin
384 705 488 763 totum
506 691 699 789 prohibuit,
719 707 753 764 et
770 691 860 790 quod
879 718 946 765 non
965 689 1139 790 prohibuit
1156 690 1191 762 in
1209 707 1256 764 to·

133 820 213 891 tum,
229 805 387 904 permisit
403 804 500 893 alias,
516 805 575 879 ubi
594 831 697 880 eausa
713 823 821 880 cessat
833 805 877 879 ob
890 832 994 906 quam
1013 805 1199 906 prohibuit.
1214 808 1256 878 Et

133 918 197 992 inm
217 947 287 994 non
306 921 510 994 contrarium
529 922 635 1021 bloysi
654 921 766 1008 docet,
783 921 878 996 cuius
896 938 1111 1021 praeceptum
1131 920 1254 994 alicubi

132 1052 331 1109 conservat:
361 1035 510 1109 nondum
536 1033 614 1110 dico
645 1036 833 1110 confirmat.
856 1036 921 1110 hut
938 1037 967 1111 si
987 1037 1126 1110 omnino
1151 1063 1255 1134 negas

133 1152 281 1250 permitti
301 1150 482 1225 divortium
494 1179 515 1225 n
528 1151 677 1240 Christo,
694 1153 864 1252 quomodo
881 1169 917 1225 tu
936 1152 1073 1250 nuptias
1098 1150 1255 1227 dirimis?

131 1265 194 1338 llec
222 1266 435 1364 coniungens
459 1293 587 1341 marem
603 1283 637 1341 et
654 1267 854 1354 foeminam,
876 1294 938 1342 nee
956 1263 1037 1340 alibi
1055 1266 1253 1340 coniunctos

131 1381 171 1453 td
188 1399 443 1456 sacramentum
455 1382 670 1483 baptismatis
684 1401 717 1459 et
729 1384 956 1458 eucharistiae
967 1384 1168 1471 admittens,
1187 1382 1251 1457 nisi

132 1495 219 1569 inter
248 1525 288 1571 se
320 1499 569 1572 coniuraverint
596 1500 760 1573 adversus
793 1499 935 1573 fructum
967 1498 1183 1600 nuptiarum,
1218 1515 1255 1571 ut

132 1611 298 1685 adversus
323 1613 438 1712 ipsum
457 1613 682 1688 Creatorem?
706 1615 802 1689 Certe
819 1615 904 1716 quid
922 1615 1002 1689 lacit
1018 1615 1108 1714 apud
1126 1631 1159 1688 te
1180 1641 1254 1686 ma-

130 1725 238 1812 ritus,
275 1728 304 1800 si
337 1754 422 1801 uxor
450 1726 524 1802 eius
558 1729 764 1802 commiserit
795 1727 1034 1803 adulterium?
1064 1728 1253 1802 Habebitne

132 1841 253 1916 illam?
270 1843 336 1916 Sed
362 1869 424 1918 nec
449 1861 542 1918 tuum
561 1845 758 1944 Apostolum
781 1846 892 1919 sinere
910 1847 978 1920 scis
997 1844 1154 1942 coniungi
1174 1871 1252 1944 pro-

129 1959 270 2032 stitutae
294 1959 445 2033 membra
463 1960 600 2034 Christi.
622 1961 732 2034 Habet
757 1962 870 2062 itaque
891 1978 923 2035 et
947 1960 1116 2034 Christum
1140 1987 1252 2033 asser-

130 2077 235 2147 torem
265 2074 394 2147 iustitia
420 2075 567 2149 divortii.
591 2076 660 2149 lam
679 2075 758 2150 hinc
776 2076 991 2150 confirmatur
1015 2076 1059 2148 ab
1083 2075 1141 2149 illo
1158 2077 1252 2175 bloy-

129 2214 202 2277 ses,
224 2216 267 2263 ex
285 2190 403 2263 eodem
423 2190 520 2265 titulo
537 2190 722 2291 prohibens
737 2192 932 2292 repudium,
948 2219 1016 2291 quo
1028 2208 1060 2265 et
1073 2191 1245 2276 Christus,

130 2305 156 2379 si
185 2306 361 2379 inuentum
387 2306 545 2380 fueritin
565 2307 705 2380 muliere
722 2309 890 2405 negotium
918 2307 1140 2407 impudicum.
1167 2309 1252 2380 Nam

128 2436 160 2494 et
184 2421 222 2492 in
249 2420 426 2517 evangelio
450 2419 631 2495 Matthaei:
650 2421 718 2508 Qui
747 2423 928 2507 dimiserit,
954 2423 1084 2522 inquit,
1116 2449 1253 2495 onorem

127 2561 223 2609 ruam
244 2539 377 2634 practer
393 2563 527 2611 oausam
544 2538 719 2610 adulterii:
738 2539 822 2637 [coit
838 2563 910 2611 eam
931 2538 1132 2621 adulterari,
1156 2554 1252 2636 utque

129 2653 176 2724 itu
202 2650 338 2724 adulter
361 2667 508 2724 censetur
531 2667 563 2726 et
587 2654 662 2737 illc,
692 2656 751 2752 qui
774 2653 944 2725 dimissam
969 2654 1079 2724 avire
1102 2651 1248 2724 durarit.

127 2764 304 2852 Ceterum,
333 2783 464 2868 praeter
488 2794 529 2842 ex
556 2795 661 2842 eausa
684 2768 861 2855 adulterii,
889 2794 950 2841 nec
967 2766 1103 2840 Creator
1122 2766 1252 2839 disiun-
1310 2752 1313 2755 ’

126 2881 193 2979 git,
210 2882 303 2982 qnod
319 2882 393 2983 ipse
406 2883 535 2957 scilicet
547 2883 739 2970 coniunxit3
760 2884 877 2957 eodem
896 2882 977 2955 alibi
995 2884 1110 2981 Moyse
1127 2882 1249 2955 consti-

126 3010 241 3070 tuente
258 3022 338 3070 eum
356 2997 415 3096 qui
434 3022 475 3069 ex
492 2999 742 3098 compressione
760 2997 1011 3070 matrimonium
1029 2995 1164 3081 lecerat,
1182 3022 1249 3069 non

126 3136 228 3209 posse
254 3108 424 3184 dimittere
449 3138 585 3184 uxorem
604 3114 640 3183 in
658 3138 757 3186 omne
776 3128 920 3212 tempus.
943 3110 1040 3197 Quod
1060 3110 1089 3182 si
1116 3137 1157 3183 ex
1180 3109 1251 3182 vio-

127 3220 233 3300 lentia
260 3241 412 3300 coactum
430 3227 681 3301 matrimonium
701 3228 821 3313 stabit,
843 3242 969 3327 quanto
986 3227 1095 3324 magis
1112 3252 1153 3299 ex
1170 3250 1252 3299 con·

124 3341 298 3415 venientia
329 3342 587 3416 voluntarium?
613 3344 705 3415 Sicut
735 3359 768 3415 et
801 3342 999 3441 prophetiae
1029 3341 1250 3426 auctoritate,

130 3456 276 3530 Uxorem
302 3460 478 3530 iuventutis
505 3473 577 3530 tuae
602 3486 666 3530 non
690 3459 846 3530 dimittes.
870 3457 982 3530 Habes
1012 3457 1126 3556 itaque
1157 3454 1255 3527 Chri·

124 3588 214 3646 stnm
241 3573 331 3646 ultro
348 3573 493 3670 vestigia
509 3572 637 3672 ubique
655 3573 822 3646 Creatoris
840 3573 1011 3646 ineuntem
1031 3588 1099 3643 tam
1124 3574 1159 3643 in
1180 3596 1253 3668 per·

122 3688 280 3761 mundo
297 3689 447 3789 repudio,
469 3716 568 3787 quam
585 3691 621 3760 in
634 3688 845 3787 probibendo.
864 3688 977 3762 Habes
996 3689 1096 3761 etiarn
1122 3687 1254 3785 nuptia·

124 3833 198 3878 rum
225 3831 364 3905 quoquo
389 3805 474 3878 velis
500 3805 603 3879 latere
624 3822 895 3905 prospectorem,
917 3831 1004 3905 quas
1022 3830 1084 3878 nec
1102 3803 1251 3902 separari

123 3919 210 4006 vult,
233 3920 446 4020 prohibendo
471 3920 667 4020 repudium,
689 3947 751 3991 nec
769 3947 844 3991 cum
864 3919 996 3992 macula
1014 3917 1151 4003 haberi,
1173 3931 1253 3988 tunc

126 4034 351 4134 permittendo
365 4035 559 4109 divortium.
572 4033 743 4108 llrubesce
758 4062 823 4106 non
839 4036 1059 4132 coniungens,
1073 4057 1159 4130 quos
1174 4046 1252 4103 tuus

124 4176 263 4251 quoque
279 4148 437 4223 Christus
457 4151 642 4224 coniunxit.
664 4150 834 4223 Erubesce
852 4149 953 4249 etiam
967 4149 1168 4243 disiungens
1183 4148 1252 4216 sine

125 4290 158 4336 oo
181 4266 318 4350 merito,
348 4293 410 4363 quo
436 4265 586 4362 disionqi
611 4266 716 4338 voluit
740 4281 770 4339 et
789 4258 864 4337 teos
885 4265 1035 4336 Christus
1056 4262 1171 4357 (39).»

197 4416 249 4477 (39)
266 4414 449 4479 Ibidttttseq.
1133 4431 1155 4476 ῃ
