<?xml version="1.0" encoding="UTF-8"?>
<!DOCTYPE html PUBLIC "-//W3C//DTD XHTML 1.0 Transitional//EN"
    "http://www.w3.org/TR/xhtml1/DTD/xhtml1-transitional.dtd">
<html xmlns="http://www.w3.org/1999/xhtml" xml:lang="en" lang="en">
 <head>
  <title>
</title>
<meta http-equiv="Content-Type" content="text/html;charset=utf-8" />
  <meta name='ocr-system' content='tesseract 3.04.00' />
  <meta name='ocr-capabilities' content='ocr_page ocr_carea ocr_par ocr_line ocrx_word'/>
</head>
<body>
  <div class='ocr_page' id='page_1' title='image "./dematrimoniochr01perrgoog_0185.png"; bbox 0 0 2796 5064; ppageno 0'>
   <div class='ocr_carea' id='block_1_1' title="bbox 232 343 1232 416">
    <p class='ocr_par' dir='ltr' id='par_1_1' title="bbox 232 343 1232 416">
     <span class='ocr_line' id='line_1_1' title="bbox 232 343 1232 416; baseline -0.002 -2"><span class='ocrx_word' id='word_1_1' title='bbox 232 343 302 414; x_wconf 74' lang='lat'><strong>184</strong></span> <span class='ocrx_word' id='word_1_2' title='bbox 352 364 416 416; x_wconf 82' lang='grc' dir='ltr'><strong>ιιι.</strong></span> <span class='ocrx_word' id='word_1_3' title='bbox 436 363 484 414; x_wconf 91' lang='grc' dir='ltr'><strong>ιιι.</strong></span> <span class='ocrx_word' id='word_1_4' title='bbox 506 361 593 413; x_wconf 81' lang='lat' dir='ltr'><strong>sacr.</strong></span> <span class='ocrx_word' id='word_1_5' title='bbox 614 361 746 412; x_wconf 77' lang='lat' dir='ltr'><strong>uxrem.</strong></span> <span class='ocrx_word' id='word_1_6' title='bbox 765 362 805 411; x_wconf 82' lang='lat' dir='ltr'><strong>uu</strong></span> <span class='ocrx_word' id='word_1_7' title='bbox 824 360 936 412; x_wconf 81' lang='lat' dir='ltr'><strong>morsa.</strong></span> <span class='ocrx_word' id='word_1_8' title='bbox 959 361 1055 413; x_wconf 78' lang='lat' dir='ltr'><strong>mm.</strong></span> <span class='ocrx_word' id='word_1_9' title='bbox 1072 359 1197 413; x_wconf 79' lang='lat' dir='ltr'><strong>eausr.</strong></span> <span class='ocrx_word' id='word_1_10' title='bbox 1229 384 1232 395; x_wconf 84' lang='lat'>-</span> 
     </span>
    </p>
   </div>
   <div class='ocr_carea' id='block_1_2' title="bbox 230 480 1344 699">
    <p class='ocr_par' dir='ltr' id='par_1_2' title="bbox 230 480 1344 699">
     <span class='ocr_line' id='line_1_2' title="bbox 230 480 1344 583; baseline -0.003 -26"><span class='ocrx_word' id='word_1_11' title='bbox 230 510 332 583; x_wconf 83' lang='lat' dir='ltr'>gnam</span> <span class='ocrx_word' id='word_1_12' title='bbox 357 481 584 568; x_wconf 80' lang='lat' dir='ltr'>revocavisse,</span> <span class='ocrx_word' id='word_1_13' title='bbox 613 481 734 581; x_wconf 88' lang='lat' dir='ltr'><strong>iusque</strong></span> <span class='ocrx_word' id='word_1_14' title='bbox 759 480 939 580; x_wconf 89' lang='lat' dir='ltr'><strong>antiquum</strong></span> <span class='ocrx_word' id='word_1_15' title='bbox 956 480 1070 554; x_wconf 90' lang='lat' dir='ltr'><strong>debito</strong></span> <span class='ocrx_word' id='word_1_16' title='bbox 1087 480 1218 554; x_wconf 82' lang='lat' dir='ltr'><strong>honore</strong></span> <span class='ocrx_word' id='word_1_17' title='bbox 1234 505 1344 580; x_wconf 87' lang='lat' dir='ltr'><strong>prose-</strong></span> 
     </span>
     <span class='ocr_line' id='line_1_3' title="bbox 231 594 1341 699; baseline -0.002 -29"><span class='ocrx_word' id='word_1_18' title='bbox 231 614 372 699; x_wconf 93' lang='lat' dir='ltr'><strong>quutum</strong></span> <span class='ocrx_word' id='word_1_19' title='bbox 386 622 462 670; x_wconf 88' lang='lat' dir='ltr'><strong>curn</strong></span> <span class='ocrx_word' id='word_1_20' title='bbox 476 594 699 669; x_wconf 75' lang='lat' dir='ltr'><strong>sanctioribus</strong></span> <span class='ocrx_word' id='word_1_21' title='bbox 714 620 841 668; x_wconf 89' lang='lat' dir='ltr'><strong>morum</strong></span> <span class='ocrx_word' id='word_1_22' title='bbox 857 594 1042 695; x_wconf 81' lang='lat' dir='ltr'><strong>praeceptis</strong></span> <span class='ocrx_word' id='word_1_23' title='bbox 1058 621 1118 694; x_wconf 93' lang='lat' dir='ltr'><strong>pro</strong></span> <span class='ocrx_word' id='word_1_24' title='bbox 1133 610 1286 694; x_wconf 89' lang='lat' dir='ltr'><strong>tempore</strong></span> <span class='ocrx_word' id='word_1_25' title='bbox 1298 621 1341 668; x_wconf 83' lang='lat' dir='ltr'><strong>re</strong></span> 
     </span>
    </p>
   </div>
   <div class='ocr_carea' id='block_1_3' title="bbox 231 708 1356 4028">
    <p class='ocr_par' dir='ltr' id='par_1_3' title="bbox 231 708 1349 1610">
     <span class='ocr_line' id='line_1_4' title="bbox 231 708 1343 809; baseline -0.004 -24"><span class='ocrx_word' id='word_1_26' title='bbox 231 710 478 785; x_wconf 83' lang='lat' dir='ltr'><strong>conciliavisse.</strong></span> <span class='ocrx_word' id='word_1_27' title='bbox 495 710 668 783; x_wconf 82' lang='lat' dir='ltr'><strong>Rationem</strong></span> <span class='ocrx_word' id='word_1_28' title='bbox 687 735 785 808; x_wconf 88' lang='lat' dir='ltr'><strong>porro</strong></span> <span class='ocrx_word' id='word_1_29' title='bbox 798 708 989 783; x_wconf 90' lang='lat' dir='ltr'><strong>redditurus</strong></span> <span class='ocrx_word' id='word_1_30' title='bbox 1008 735 1113 809; x_wconf 87' lang='lat' dir='ltr'><strong>quaro</strong></span> <span class='ocrx_word' id='word_1_31' title='bbox 1126 709 1231 784; x_wconf 89' lang='lat' dir='ltr'><strong>ceteri</strong></span> <span class='ocrx_word' id='word_1_32' title='bbox 1244 709 1343 784; x_wconf 83' lang='lat' dir='ltr'><strong>Eran-</strong></span> 
     </span>
     <span class='ocr_line' id='line_1_5' title="bbox 231 821 1342 924; baseline -0.004 -25"><span class='ocrx_word' id='word_1_33' title='bbox 231 826 371 924; x_wconf 82' lang='lat' dir='ltr'><strong>gelistae</strong></span> <span class='ocrx_word' id='word_1_34' title='bbox 396 823 498 897; x_wconf 92' lang='lat' dir='ltr'><strong>huius</strong></span> <span class='ocrx_word' id='word_1_35' title='bbox 523 823 729 923; x_wconf 80' lang='lat' dir='ltr'><strong>exceptionis</strong></span> <span class='ocrx_word' id='word_1_36' title='bbox 754 821 881 896; x_wconf 92' lang='lat' dir='ltr'><strong>nullam</strong></span> <span class='ocrx_word' id='word_1_37' title='bbox 910 824 1087 898; x_wconf 88' lang='lat' dir='ltr'><strong>iniecerint</strong></span> <span class='ocrx_word' id='word_1_38' title='bbox 1111 823 1342 911; x_wconf 90' lang='lat' dir='ltr'><strong>mentionem,</strong></span> 
     </span>
     <span class='ocr_line' id='line_1_6' title="bbox 232 937 1348 1040; baseline -0.002 -26"><span class='ocrx_word' id='word_1_39' title='bbox 232 967 273 1014; x_wconf 89' lang='lat' dir='ltr'><strong>ac</strong></span> <span class='ocrx_word' id='word_1_40' title='bbox 293 938 387 1014; x_wconf 90' lang='lat' dir='ltr'><strong>solus</strong></span> <span class='ocrx_word' id='word_1_41' title='bbox 412 966 442 1012; x_wconf 88' lang='lat' dir='ltr'><strong>s.</strong></span> <span class='ocrx_word' id='word_1_42' title='bbox 463 938 649 1012; x_wconf 86' lang='lat' dir='ltr'><strong>Matthaeus</strong></span> <span class='ocrx_word' id='word_1_43' title='bbox 676 965 749 1010; x_wconf 89' lang='lat' dir='ltr'><strong>eam</strong></span> <span class='ocrx_word' id='word_1_44' title='bbox 777 937 914 1025; x_wconf 84' lang='lat' dir='ltr'><strong>referat,</strong></span> <span class='ocrx_word' id='word_1_45' title='bbox 944 937 1125 1038; x_wconf 87' lang='lat' dir='ltr'><strong>respondet</strong></span> <span class='ocrx_word' id='word_1_46' title='bbox 1149 938 1244 1040; x_wconf 89' lang='lat' dir='ltr'><strong>quod</strong></span> <span class='ocrx_word' id='word_1_47' title='bbox 1270 939 1348 1012; x_wconf 87' lang='lat' dir='ltr'><strong>llat-</strong></span> 
     </span>
     <span class='ocr_line' id='line_1_7' title="bbox 233 1051 1344 1151; baseline -0.002 -23"><span class='ocrx_word' id='word_1_48' title='bbox 233 1056 352 1129; x_wconf 86' lang='lat' dir='ltr'><strong>thaeus</strong></span> <span class='ocrx_word' id='word_1_49' title='bbox 371 1054 412 1127; x_wconf 84' lang='lat' dir='ltr'><strong>ad</strong></span> <span class='ocrx_word' id='word_1_50' title='bbox 431 1054 559 1129; x_wconf 92' lang='lat' dir='ltr'><strong>incolas</strong></span> <span class='ocrx_word' id='word_1_51' title='bbox 581 1053 791 1127; x_wconf 85' lang='lat' dir='ltr'><strong>Palaestinae</strong></span> <span class='ocrx_word' id='word_1_52' title='bbox 813 1080 912 1126; x_wconf 92' lang='lat' dir='ltr'><strong>suum</strong></span> <span class='ocrx_word' id='word_1_53' title='bbox 931 1053 1091 1127; x_wconf 87' lang='lat' dir='ltr'><strong>direxerit</strong></span> <span class='ocrx_word' id='word_1_54' title='bbox 1107 1051 1344 1151; x_wconf 80' lang='lat' dir='ltr'><strong>Evangelium,</strong></span> 
     </span>
     <span class='ocr_line' id='line_1_8' title="bbox 233 1167 1348 1267; baseline -0.002 -24"><span class='ocrx_word' id='word_1_55' title='bbox 233 1170 365 1244; x_wconf 89' lang='lat' dir='ltr'><strong>hlareus</strong></span> <span class='ocrx_word' id='word_1_56' title='bbox 389 1195 468 1243; x_wconf 87' lang='lat' dir='ltr'><strong>vero</strong></span> <span class='ocrx_word' id='word_1_57' title='bbox 494 1185 527 1242; x_wconf 91' lang='lat' dir='ltr'><strong>et</strong></span> <span class='ocrx_word' id='word_1_58' title='bbox 551 1168 679 1256; x_wconf 80' lang='lat' dir='ltr'><strong>lucas,</strong></span> <span class='ocrx_word' id='word_1_59' title='bbox 708 1168 765 1267; x_wconf 91' lang='lat' dir='ltr'><strong>qui</strong></span> <span class='ocrx_word' id='word_1_60' title='bbox 794 1167 1008 1267; x_wconf 90' lang='lat' dir='ltr'><strong>potissimum</strong></span> <span class='ocrx_word' id='word_1_61' title='bbox 1035 1167 1078 1240; x_wconf 90' lang='lat' dir='ltr'><strong>ad</strong></span> <span class='ocrx_word' id='word_1_62' title='bbox 1104 1167 1251 1267; x_wconf 78' lang='lat' dir='ltr'><strong>gentiles</strong></span> <span class='ocrx_word' id='word_1_63' title='bbox 1277 1194 1348 1241; x_wconf 88' lang='lat' dir='ltr'><strong>eru·</strong></span> 
     </span>
     <span class='ocr_line' id='line_1_9' title="bbox 233 1282 1349 1384; baseline 0 -27"><span class='ocrx_word' id='word_1_64' title='bbox 233 1284 374 1358; x_wconf 86' lang='lat' dir='ltr'><strong>diendos</strong></span> <span class='ocrx_word' id='word_1_65' title='bbox 405 1310 507 1384; x_wconf 87' lang='lat' dir='ltr'><strong>opera</strong></span> <span class='ocrx_word' id='word_1_66' title='bbox 535 1309 600 1357; x_wconf 87' lang='lat' dir='ltr'><strong>aua</strong></span> <span class='ocrx_word' id='word_1_67' title='bbox 629 1283 865 1369; x_wconf 86' lang='lat' dir='ltr'><strong>instituerunt,</strong></span> <span class='ocrx_word' id='word_1_68' title='bbox 899 1282 993 1355; x_wconf 91' lang='lat' dir='ltr'><strong>haud</strong></span> <span class='ocrx_word' id='word_1_69' title='bbox 1023 1282 1167 1382; x_wconf 90' lang='lat' dir='ltr'><strong>proinde</strong></span> <span class='ocrx_word' id='word_1_70' title='bbox 1199 1309 1243 1356; x_wconf 87' lang='lat' dir='ltr'><strong>ea</strong></span> <span class='ocrx_word' id='word_1_71' title='bbox 1273 1309 1349 1357; x_wconf 89' lang='lat' dir='ltr'><strong>cura</strong></span> 
     </span>
     <span class='ocr_line' id='line_1_10' title="bbox 234 1396 1347 1583; baseline -0.003 -110"><span class='ocrx_word' id='word_1_72' title='bbox 234 1398 345 1474; x_wconf 87' lang='lat' dir='ltr'><strong>allecti</strong></span> <span class='ocrx_word' id='word_1_73' title='bbox 371 1399 511 1486; x_wconf 91' lang='lat' dir='ltr'><strong>luerint,</strong></span> <span class='ocrx_word' id='word_1_74' title='bbox 541 1423 628 1497; x_wconf 88' lang='lat' dir='ltr'><strong>quae</strong></span> <span class='ocrx_word' id='word_1_75' title='bbox 654 1397 777 1470; x_wconf 91' lang='lat' dir='ltr'><strong>iudaici</strong></span> <span class='ocrx_word' id='word_1_76' title='bbox 805 1397 967 1471; x_wconf 89' lang='lat' dir='ltr'><strong>historiae</strong></span> <span class='ocrx_word' id='word_1_77' title='bbox 992 1396 1168 1583; x_wconf 87' lang='lat' dir='ltr'><strong>scriptoris</strong></span> <span class='ocrx_word' id='word_1_78' title='bbox 1195 1398 1347 1498; x_wconf 85' lang='lat' dir='ltr'><strong>proposi·</strong></span> 
     </span>
     <span class='ocr_line' id='line_1_11' title="bbox 235 1514 601 1610; baseline -0.013 -22"><span class='ocrx_word' id='word_1_79' title='bbox 235 1531 321 1589; x_wconf 90' lang='lat' dir='ltr'><strong>tum</strong></span> <span class='ocrx_word' id='word_1_80' title='bbox 330 1514 453 1588; x_wconf 89' lang='lat' dir='ltr'><strong>direxit</strong></span> <span class='ocrx_word' id='word_1_81' title='bbox 474 1514 601 1610; x_wconf 83' lang='lat' dir='ltr'><strong>(ll)</strong></span> 
     </span>
    </p>

    <p class='ocr_par' dir='ltr' id='par_1_4' title="bbox 235 1611 1352 2990">
     <span class='ocr_line' id='line_1_12' title="bbox 308 1611 1350 1729; baseline 0.002 -29"><span class='ocrx_word' id='word_1_82' title='bbox 308 1612 350 1702; x_wconf 80' lang='lat' dir='ltr'><strong>Et</strong></span> <span class='ocrx_word' id='word_1_83' title='bbox 380 1629 464 1702; x_wconf 88' lang='lat' dir='ltr'><strong>haec</strong></span> <span class='ocrx_word' id='word_1_84' title='bbox 495 1625 606 1729; x_wconf 87' lang='lat' dir='ltr'><strong>quoad</strong></span> <span class='ocrx_word' id='word_1_85' title='bbox 632 1637 757 1700; x_wconf 90' lang='lat' dir='ltr'><strong>textum</strong></span> <span class='ocrx_word' id='word_1_86' title='bbox 783 1626 899 1700; x_wconf 89' lang='lat' dir='ltr'><strong>hlatth.</strong></span> <span class='ocrx_word' id='word_1_87' title='bbox 920 1611 958 1698; x_wconf 96' lang='lat' dir='ltr'><strong>V.</strong></span> <span class='ocrx_word' id='word_1_88' title='bbox 981 1629 1038 1699; x_wconf 75' lang='grc'><strong>32.</strong></span> <span class='ocrx_word' id='word_1_89' title='bbox 1064 1653 1166 1727; x_wconf 90' lang='lat' dir='ltr'><strong>quem</strong></span> <span class='ocrx_word' id='word_1_90' title='bbox 1192 1627 1238 1700; x_wconf 87' lang='lat' dir='ltr'><strong>ad</strong></span> <span class='ocrx_word' id='word_1_91' title='bbox 1265 1626 1350 1704; x_wconf 88' lang='lat' dir='ltr'><strong>solos</strong></span> 
     </span>
     <span class='ocr_line' id='line_1_13' title="bbox 235 1741 1349 1844; baseline -0.001 -29"><span class='ocrx_word' id='word_1_92' title='bbox 235 1743 409 1817; x_wconf 89' lang='lat' dir='ltr'><strong>iudaeos</strong></span> <span class='ocrx_word' id='word_1_93' title='bbox 401 1769 476 1843; x_wconf 75' lang='lat' dir='ltr'><strong>ipse</strong></span> <span class='ocrx_word' id='word_1_94' title='bbox 502 1744 653 1844; x_wconf 87' lang='lat' dir='ltr'><strong>spectare</strong></span> <span class='ocrx_word' id='word_1_95' title='bbox 679 1757 849 1829; x_wconf 89' lang='lat' dir='ltr'><strong>autumat;</strong></span> <span class='ocrx_word' id='word_1_96' title='bbox 871 1741 912 1814; x_wconf 89' lang='lat' dir='ltr'><strong>ad</strong></span> <span class='ocrx_word' id='word_1_97' title='bbox 944 1741 1085 1815; x_wconf 89' lang='lat' dir='ltr'><strong>alterum</strong></span> <span class='ocrx_word' id='word_1_98' title='bbox 1115 1767 1196 1815; x_wconf 78' lang='lat' dir='ltr'><strong>voro</strong></span> <span class='ocrx_word' id='word_1_99' title='bbox 1228 1758 1349 1816; x_wconf 89' lang='lat' dir='ltr'><strong>textum</strong></span> 
     </span>
     <span class='ocr_line' id='line_1_14' title="bbox 237 1849 1350 1958; baseline -0.002 -26"><span class='ocrx_word' id='word_1_100' title='bbox 237 1858 354 1932; x_wconf 85' lang='lat' dir='ltr'><strong>hlatth.</strong></span> <span class='ocrx_word' id='word_1_101' title='bbox 375 1859 462 1932; x_wconf 79' lang='lat' dir='ltr'><strong>xlx.</strong></span> <span class='ocrx_word' id='word_1_102' title='bbox 485 1858 631 1958; x_wconf 83' lang='lat' dir='ltr'><strong>V..quod</strong></span> <span class='ocrx_word' id='word_1_103' title='bbox 657 1849 792 1944; x_wconf 83' lang='lat' dir='ltr'><strong>attinet,</strong></span> <span class='ocrx_word' id='word_1_104' title='bbox 823 1857 996 1931; x_wconf 90' lang='lat' dir='ltr'><strong>constituit</strong></span> <span class='ocrx_word' id='word_1_105' title='bbox 1020 1856 1107 1930; x_wconf 89' lang='lat' dir='ltr'><strong>idern</strong></span> <span class='ocrx_word' id='word_1_106' title='bbox 1132 1873 1266 1932; x_wconf 86' lang='lat' dir='ltr'><strong>auctor:</strong></span> <span class='ocrx_word' id='word_1_107' title='bbox 1281 1858 1350 1930; x_wconf 80' lang='lat' dir='ltr'><strong>ullo</strong></span> 
     </span>
     <span class='ocr_line' id='line_1_15' title="bbox 237 1962 1351 2075; baseline 0 -29"><span class='ocrx_word' id='word_1_108' title='bbox 237 1974 312 2049; x_wconf 91' lang='lat' dir='ltr'><strong>loco</strong></span> <span class='ocrx_word' id='word_1_109' title='bbox 336 1999 412 2074; x_wconf 88' lang='lat' dir='ltr'><strong>cap.</strong></span> <span class='ocrx_word' id='word_1_110' title='bbox 432 1974 519 2046; x_wconf 82' lang='lat' dir='ltr'><strong>XlX.</strong></span> <span class='ocrx_word' id='word_1_111' title='bbox 543 1962 577 2045; x_wconf 94' lang='lat' dir='ltr'><strong>in</strong></span> <span class='ocrx_word' id='word_1_112' title='bbox 603 1973 770 2074; x_wconf 89' lang='lat' dir='ltr'><strong>colloquio</strong></span> <span class='ocrx_word' id='word_1_113' title='bbox 800 1999 876 2045; x_wconf 90' lang='lat' dir='ltr'><strong>eum</strong></span> <span class='ocrx_word' id='word_1_114' title='bbox 908 1971 1098 2075; x_wconf 89' lang='lat' dir='ltr'><strong>pharisaeis</strong></span> <span class='ocrx_word' id='word_1_115' title='bbox 1127 1972 1198 2046; x_wconf 92' lang='lat' dir='ltr'><strong>duo</strong></span> <span class='ocrx_word' id='word_1_116' title='bbox 1224 1989 1351 2048; x_wconf 84' lang='lat' dir='ltr'><strong>contre·</strong></span> 
     </span>
     <span class='ocr_line' id='line_1_16' title="bbox 240 2085 1352 2187; baseline 0 -27"><span class='ocrx_word' id='word_1_117' title='bbox 240 2089 292 2161; x_wconf 90' lang='lat' dir='ltr'><strong>ria</strong></span> <span class='ocrx_word' id='word_1_118' title='bbox 315 2115 356 2161; x_wconf 92' lang='lat' dir='ltr'><strong>ex</strong></span> <span class='ocrx_word' id='word_1_119' title='bbox 382 2088 523 2161; x_wconf 84' lang='lat' dir='ltr'><strong>adverso</strong></span> <span class='ocrx_word' id='word_1_120' title='bbox 550 2088 708 2187; x_wconf 89' lang='lat' dir='ltr'><strong>posuisse</strong></span> <span class='ocrx_word' id='word_1_121' title='bbox 732 2087 912 2161; x_wconf 87' lang='lat' dir='ltr'><strong>Dominum</strong></span> <span class='ocrx_word' id='word_1_122' title='bbox 935 2115 942 2173; x_wconf 93' lang='lat'>;</span> <span class='ocrx_word' id='word_1_123' title='bbox 975 2085 1121 2186; x_wconf 89' lang='lat' dir='ltr'><strong>priscam</strong></span> <span class='ocrx_word' id='word_1_124' title='bbox 1147 2103 1181 2160; x_wconf 90' lang='lat' dir='ltr'><strong>et</strong></span> <span class='ocrx_word' id='word_1_125' title='bbox 1205 2086 1253 2160; x_wconf 87' lang='lat' dir='ltr'><strong>ab</strong></span> <span class='ocrx_word' id='word_1_126' title='bbox 1283 2088 1352 2187; x_wconf 92' lang='lat' dir='ltr'><strong>ipso</strong></span> 
     </span>
     <span class='ocr_line' id='line_1_17' title="bbox 239 2199 1352 2303; baseline -0.002 -28"><span class='ocrx_word' id='word_1_127' title='bbox 239 2203 356 2275; x_wconf 91' lang='lat' dir='ltr'><strong>mundi</strong></span> <span class='ocrx_word' id='word_1_128' title='bbox 382 2202 523 2275; x_wconf 73' lang='lat' dir='ltr'><strong>duetore</strong></span> <span class='ocrx_word' id='word_1_129' title='bbox 549 2201 729 2303; x_wconf 88' lang='lat' dir='ltr'><strong>prolectam</strong></span> <span class='ocrx_word' id='word_1_130' title='bbox 754 2201 879 2299; x_wconf 82' lang='lat' dir='ltr'><strong>legem,</strong></span> <span class='ocrx_word' id='word_1_131' title='bbox 908 2216 941 2273; x_wconf 92' lang='lat' dir='ltr'><strong>et</strong></span> <span class='ocrx_word' id='word_1_132' title='bbox 966 2227 1041 2274; x_wconf 90' lang='lat' dir='ltr'><strong>oum</strong></span> <span class='ocrx_word' id='word_1_133' title='bbox 1059 2201 1117 2300; x_wconf 92' lang='lat' dir='ltr'><strong>qui</strong></span> <span class='ocrx_word' id='word_1_134' title='bbox 1136 2199 1253 2290; x_wconf 89' lang='lat' dir='ltr'><strong>medio</strong></span> <span class='ocrx_word' id='word_1_135' title='bbox 1276 2216 1352 2276; x_wconf 87' lang='lat' dir='ltr'><strong>tem·</strong></span> 
     </span>
     <span class='ocr_line' id='line_1_18' title="bbox 240 2315 1348 2416; baseline 0.002 -28"><span class='ocrx_word' id='word_1_136' title='bbox 240 2342 321 2416; x_wconf 89' lang='lat' dir='ltr'><strong>pure</strong></span> <span class='ocrx_word' id='word_1_137' title='bbox 348 2316 498 2402; x_wconf 87' lang='lat' dir='ltr'><strong>invaluit,</strong></span> <span class='ocrx_word' id='word_1_138' title='bbox 520 2343 581 2416; x_wconf 90' lang='lat' dir='ltr'><strong>per</strong></span> <span class='ocrx_word' id='word_1_139' title='bbox 605 2315 708 2390; x_wconf 89' lang='lat' dir='ltr'><strong>llosis</strong></span> <span class='ocrx_word' id='word_1_140' title='bbox 734 2315 976 2414; x_wconf 81' lang='lat' dir='ltr'><strong>indulgentiam</strong></span> <span class='ocrx_word' id='word_1_141' title='bbox 1001 2339 1198 2389; x_wconf 87' lang='lat' dir='ltr'><strong>conoessum</strong></span> <span class='ocrx_word' id='word_1_142' title='bbox 1225 2316 1348 2415; x_wconf 80' lang='lat' dir='ltr'><strong>magis,</strong></span> 
     </span>
     <span class='ocr_line' id='line_1_19' title="bbox 239 2429 1351 2532; baseline -0.002 -28"><span class='ocrx_word' id='word_1_143' title='bbox 239 2459 341 2532; x_wconf 87' lang='lat' dir='ltr'><strong>quam</strong></span> <span class='ocrx_word' id='word_1_144' title='bbox 360 2432 526 2504; x_wconf 86' lang='lat' dir='ltr'><strong>sancitum</strong></span> <span class='ocrx_word' id='word_1_145' title='bbox 545 2457 693 2519; x_wconf 88' lang='lat' dir='ltr'><strong>morem;</strong></span> <span class='ocrx_word' id='word_1_146' title='bbox 715 2447 784 2503; x_wconf 93' lang='lat' dir='ltr'><strong>tum</strong></span> <span class='ocrx_word' id='word_1_147' title='bbox 802 2429 998 2503; x_wconf 75' lang='lat' dir='ltr'><strong>exhibuisse</strong></span> <span class='ocrx_word' id='word_1_148' title='bbox 1014 2429 1176 2518; x_wconf 90' lang='lat' dir='ltr'><strong>lormam,</strong></span> <span class='ocrx_word' id='word_1_149' title='bbox 1196 2429 1351 2530; x_wconf 91' lang='lat' dir='ltr'><strong>adquam</strong></span> 
     </span>
     <span class='ocr_line' id='line_1_20' title="bbox 241 2544 1352 2647; baseline -0.005 -25"><span class='ocrx_word' id='word_1_150' title='bbox 241 2563 442 2622; x_wconf 90' lang='lat' dir='ltr'><strong>sectatorum</strong></span> <span class='ocrx_word' id='word_1_151' title='bbox 475 2544 619 2647; x_wconf 85' lang='lat' dir='ltr'><strong>purioris</strong></span> <span class='ocrx_word' id='word_1_152' title='bbox 650 2573 689 2620; x_wconf 89' lang='lat' dir='ltr'><strong>ac</strong></span> <span class='ocrx_word' id='word_1_153' title='bbox 725 2545 969 2619; x_wconf 84' lang='lat' dir='ltr'><strong>excellentioris</strong></span> <span class='ocrx_word' id='word_1_154' title='bbox 1000 2544 1110 2619; x_wconf 87' lang='lat' dir='ltr'><strong>cultus</strong></span> <span class='ocrx_word' id='word_1_155' title='bbox 1142 2545 1352 2620; x_wconf 88' lang='lat' dir='ltr'><strong>matrimonia</strong></span> 
     </span>
     <span class='ocr_line' id='line_1_21' title="bbox 240 2659 1352 2759; baseline -0.002 -24"><span class='ocrx_word' id='word_1_156' title='bbox 240 2662 404 2759; x_wconf 82' lang='lat' dir='ltr'><strong>exigenda</strong></span> <span class='ocrx_word' id='word_1_157' title='bbox 422 2661 490 2734; x_wconf 91' lang='lat' dir='ltr'><strong>siut</strong></span> <span class='ocrx_word' id='word_1_158' title='bbox 511 2662 623 2757; x_wconf 82' lang='lat' dir='ltr'><strong>(lh).»</strong></span> <span class='ocrx_word' id='word_1_159' title='bbox 635 2661 684 2731; x_wconf 83' lang='lat' dir='ltr'><strong>Ex</strong></span> <span class='ocrx_word' id='word_1_160' title='bbox 704 2661 757 2734; x_wconf 91' lang='lat' dir='ltr'><strong>his</strong></span> <span class='ocrx_word' id='word_1_161' title='bbox 777 2660 877 2732; x_wconf 89' lang='lat' dir='ltr'><strong>inlert</strong></span> <span class='ocrx_word' id='word_1_162' title='bbox 894 2659 1004 2733; x_wconf 92' lang='lat' dir='ltr'><strong>solum</strong></span> <span class='ocrx_word' id='word_1_163' title='bbox 1022 2659 1245 2759; x_wconf 90' lang='lat' dir='ltr'><strong>posteriorem</strong></span> <span class='ocrx_word' id='word_1_164' title='bbox 1270 2661 1352 2733; x_wconf 90' lang='lat' dir='ltr'><strong>huno</strong></span> 
     </span>
     <span class='ocr_line' id='line_1_22' title="bbox 241 2775 1351 2877; baseline -0.003 -26"><span class='ocrx_word' id='word_1_165' title='bbox 241 2777 398 2852; x_wconf 87' lang='lat' dir='ltr'><strong>hlatthaei</strong></span> <span class='ocrx_word' id='word_1_166' title='bbox 425 2792 549 2851; x_wconf 87' lang='lat' dir='ltr'><strong>textum</strong></span> <span class='ocrx_word' id='word_1_167' title='bbox 576 2776 618 2849; x_wconf 90' lang='lat' dir='ltr'><strong>ad</strong></span> <span class='ocrx_word' id='word_1_168' title='bbox 643 2776 751 2874; x_wconf 80' lang='lat' dir='ltr'><strong>legem</strong></span> <span class='ocrx_word' id='word_1_169' title='bbox 776 2775 994 2849; x_wconf 86' lang='lat' dir='ltr'><strong>christianam</strong></span> <span class='ocrx_word' id='word_1_170' title='bbox 1021 2775 1190 2876; x_wconf 88' lang='lat' dir='ltr'><strong>pertinere</strong></span> <span class='ocrx_word' id='word_1_171' title='bbox 1226 2777 1262 2850; x_wconf 94' lang='lat' dir='ltr'><strong>in</strong></span> <span class='ocrx_word' id='word_1_172' title='bbox 1292 2800 1351 2877; x_wconf 88' lang='lat' dir='ltr'><strong>qua</strong></span> 
     </span>
     <span class='ocr_line' id='line_1_23' title="bbox 241 2888 1029 2990; baseline -0.003 -28"><span class='ocrx_word' id='word_1_173' title='bbox 241 2892 295 2964; x_wconf 90' lang='lat' dir='ltr'><strong>ius</strong></span> <span class='ocrx_word' id='word_1_174' title='bbox 320 2918 418 2965; x_wconf 89' lang='lat' dir='ltr'><strong>omne</strong></span> <span class='ocrx_word' id='word_1_175' title='bbox 442 2890 580 2990; x_wconf 87' lang='lat' dir='ltr'><strong>perlecti</strong></span> <span class='ocrx_word' id='word_1_176' title='bbox 607 2888 740 2964; x_wconf 90' lang='lat' dir='ltr'><strong>divortii</strong></span> <span class='ocrx_word' id='word_1_177' title='bbox 769 2889 937 2963; x_wconf 86' lang='lat' dir='ltr'><strong>sublatum</strong></span> <span class='ocrx_word' id='word_1_178' title='bbox 965 2906 1029 2961; x_wconf 88' lang='lat' dir='ltr'><strong>ost.</strong></span> 
     </span>
    </p>

    <p class='ocr_par' dir='ltr' id='par_1_5' title="bbox 242 3004 1356 4028">
     <span class='ocr_line' id='line_1_24' title="bbox 315 3004 1354 3105; baseline -0.002 -27"><span class='ocrx_word' id='word_1_179' title='bbox 315 3007 437 3081; x_wconf 84' lang='lat' dir='ltr'><strong>Contra</strong></span> <span class='ocrx_word' id='word_1_180' title='bbox 462 3033 541 3080; x_wconf 87' lang='lat' dir='ltr'><strong>vero</strong></span> <span class='ocrx_word' id='word_1_181' title='bbox 567 3008 663 3104; x_wconf 80' lang='lat' dir='ltr'><strong>l’ager</strong></span> <span class='ocrx_word' id='word_1_182' title='bbox 679 3005 794 3078; x_wconf 88' lang='lat' dir='ltr'><strong>hlatth.</strong></span> <span class='ocrx_word' id='word_1_183' title='bbox 817 3004 1030 3079; x_wconf 85' lang='lat' dir='ltr'><strong>locum&#39;lllll.</strong></span> <span class='ocrx_word' id='word_1_184' title='bbox 1056 3006 1102 3078; x_wconf 87' lang='lat' dir='ltr'><strong>ita</strong></span> <span class='ocrx_word' id='word_1_185' title='bbox 1123 3008 1302 3105; x_wconf 87' lang='lat' dir='ltr'><strong>exposuit,</strong></span> <span class='ocrx_word' id='word_1_186' title='bbox 1324 3022 1354 3076; x_wconf 94' lang='lat' dir='ltr'><strong>ut</strong></span> 
     </span>
     <span class='ocr_line' id='line_1_25' title="bbox 242 3118 1353 3219; baseline -0.002 -24"><span class='ocrx_word' id='word_1_187' title='bbox 242 3118 398 3195; x_wconf 86' lang='lat' dir='ltr'><strong>ostendat</strong></span> <span class='ocrx_word' id='word_1_188' title='bbox 423 3124 535 3196; x_wconf 90' lang='lat' dir='ltr'><strong>lesum</strong></span> <span class='ocrx_word' id='word_1_189' title='bbox 561 3120 790 3195; x_wconf 88' lang='lat' dir='ltr'><strong>tantummodo</strong></span> <span class='ocrx_word' id='word_1_190' title='bbox 815 3121 921 3218; x_wconf 85' lang='lat' dir='ltr'><strong>legem</strong></span> <span class='ocrx_word' id='word_1_191' title='bbox 947 3121 1051 3194; x_wconf 88' lang='lat' dir='ltr'><strong>Musis</strong></span> <span class='ocrx_word' id='word_1_192' title='bbox 1077 3119 1302 3219; x_wconf 89' lang='lat' dir='ltr'><strong>explicuisse,</strong></span> <span class='ocrx_word' id='word_1_193' title='bbox 1320 3145 1353 3193; x_wconf 89' lang='lat' dir='ltr'><strong>ac</strong></span> 
     </span>
     <span class='ocr_line' id='line_1_26' title="bbox 243 3234 1354 3337; baseline 0 -29"><span class='ocrx_word' id='word_1_194' title='bbox 243 3237 385 3337; x_wconf 90' lang='lat' dir='ltr'><strong>proinde</strong></span> <span class='ocrx_word' id='word_1_195' title='bbox 409 3237 488 3309; x_wconf 90' lang='lat' dir='ltr'><strong>dum</strong></span> <span class='ocrx_word' id='word_1_196' title='bbox 515 3237 605 3310; x_wconf 87' lang='lat' dir='ltr'><strong>iuxta</strong></span> <span class='ocrx_word' id='word_1_197' title='bbox 630 3236 719 3309; x_wconf 87' lang='lat' dir='ltr'><strong>hanc</strong></span> <span class='ocrx_word' id='word_1_198' title='bbox 743 3236 850 3335; x_wconf 86' lang='lat' dir='ltr'><strong>legem</strong></span> <span class='ocrx_word' id='word_1_199' title='bbox 882 3234 1014 3309; x_wconf 90' lang='lat' dir='ltr'><strong>iudaeis</strong></span> <span class='ocrx_word' id='word_1_200' title='bbox 1040 3235 1222 3309; x_wconf 86' lang='lat' dir='ltr'><strong>divortium</strong></span> <span class='ocrx_word' id='word_1_201' title='bbox 1258 3264 1278 3310; x_wconf 87' lang='lat' dir='ltr'><strong>e</strong></span> <span class='ocrx_word' id='word_1_202' title='bbox 1306 3261 1354 3309; x_wconf 86' lang='lat' dir='ltr'><strong>ca·</strong></span> 
     </span>
     <span class='ocr_line' id='line_1_27' title="bbox 244 3352 1354 3453; baseline -0.001 -30"><span class='ocrx_word' id='word_1_203' title='bbox 244 3352 312 3453; x_wconf 87' lang='lat' dir='ltr'><strong>pite</strong></span> <span class='ocrx_word' id='word_1_204' title='bbox 337 3352 492 3424; x_wconf 87' lang='lat' dir='ltr'><strong>adulterii</strong></span> <span class='ocrx_word' id='word_1_205' title='bbox 520 3353 720 3451; x_wconf 89' lang='lat' dir='ltr'><strong>permissum</strong></span> <span class='ocrx_word' id='word_1_206' title='bbox 740 3380 815 3426; x_wconf 89' lang='lat' dir='ltr'><strong>esse</strong></span> <span class='ocrx_word' id='word_1_207' title='bbox 834 3353 1031 3439; x_wconf 84' lang='lat' dir='ltr'><strong>affirmavit,</strong></span> <span class='ocrx_word' id='word_1_208' title='bbox 1054 3379 1273 3453; x_wconf 89' lang='lat' dir='ltr'><strong>nequaquam</strong></span> <span class='ocrx_word' id='word_1_209' title='bbox 1295 3376 1354 3425; x_wconf 85' lang='lat' dir='ltr'><strong>una</strong></span> 
     </span>
     <span class='ocr_line' id='line_1_28' title="bbox 246 3466 1354 3568; baseline -0.003 -29"><span class='ocrx_word' id='word_1_210' title='bbox 246 3466 459 3566; x_wconf 89' lang='lat' dir='ltr'><strong>permisisse,</strong></span> <span class='ocrx_word' id='word_1_211' title='bbox 480 3467 567 3540; x_wconf 91' lang='lat' dir='ltr'><strong>utin</strong></span> <span class='ocrx_word' id='word_1_212' title='bbox 586 3495 648 3541; x_wconf 90' lang='lat' dir='ltr'><strong>sua</strong></span> <span class='ocrx_word' id='word_1_213' title='bbox 665 3494 801 3568; x_wconf 90' lang='lat' dir='ltr'><strong>quoque</strong></span> <span class='ocrx_word' id='word_1_214' title='bbox 818 3466 891 3565; x_wconf 81' lang='lat' dir='ltr'><strong>lege</strong></span> <span class='ocrx_word' id='word_1_215' title='bbox 909 3467 1066 3540; x_wconf 86' lang='lat' dir='ltr'><strong>fidelihus</strong></span> <span class='ocrx_word' id='word_1_216' title='bbox 1086 3467 1304 3541; x_wconf 90' lang='lat' dir='ltr'><strong>matrimonia</strong></span> <span class='ocrx_word' id='word_1_217' title='bbox 1325 3466 1354 3537; x_wconf 93' lang='lat' dir='ltr'><strong>in</strong></span> 
     </span>
     <span class='ocr_line' id='line_1_29' title="bbox 244 3583 1352 3683; baseline -0.005 -25"><span class='ocrx_word' id='word_1_218' title='bbox 244 3609 325 3658; x_wconf 84' lang='lat' dir='ltr'><strong>casu</strong></span> <span class='ocrx_word' id='word_1_219' title='bbox 351 3583 581 3657; x_wconf 87' lang='lat' dir='ltr'><strong>fornicationis</strong></span> <span class='ocrx_word' id='word_1_220' title='bbox 608 3585 740 3683; x_wconf 88' lang='lat' dir='ltr'><strong>ponitus</strong></span> <span class='ocrx_word' id='word_1_221' title='bbox 767 3583 950 3657; x_wconf 88' lang='lat' dir='ltr'><strong>dissolvere</strong></span> <span class='ocrx_word' id='word_1_222' title='bbox 968 3583 1077 3655; x_wconf 86' lang='lat' dir='ltr'><strong>licoat.</strong></span> <span class='ocrx_word' id='word_1_223' title='bbox 1099 3583 1223 3656; x_wconf 88' lang='lat' dir='ltr'><strong>Locum</strong></span> <span class='ocrx_word' id='word_1_224' title='bbox 1248 3600 1352 3657; x_wconf 89' lang='lat' dir='ltr'><strong>autom</strong></span> 
     </span>
     <span class='ocr_line' id='line_1_30' title="bbox 245 3696 1351 3800; baseline -0.009 -24"><span class='ocrx_word' id='word_1_225' title='bbox 245 3701 361 3776; x_wconf 85' lang='lat' dir='ltr'><strong>hlatth</strong></span> <span class='ocrx_word' id='word_1_226' title='bbox 379 3702 415 3773; x_wconf 89' lang='lat' dir='ltr'><strong>V.</strong></span> <span class='ocrx_word' id='word_1_227' title='bbox 434 3703 491 3773; x_wconf 87' lang='lat'><strong>31.</strong></span> <span class='ocrx_word' id='word_1_228' title='bbox 511 3702 568 3773; x_wconf 78' lang='lat'><strong>32.</strong></span> <span class='ocrx_word' id='word_1_229' title='bbox 586 3701 723 3772; x_wconf 88' lang='lat' dir='ltr'><strong>minime</strong></span> <span class='ocrx_word' id='word_1_230' title='bbox 743 3699 939 3800; x_wconf 88' lang='lat' dir='ltr'><strong>parallelum</strong></span> <span class='ocrx_word' id='word_1_231' title='bbox 953 3726 1029 3772; x_wconf 87' lang='lat' dir='ltr'><strong>osse</strong></span> <span class='ocrx_word' id='word_1_232' title='bbox 1043 3696 1116 3772; x_wconf 88' lang='lat' dir='ltr'><strong>loco</strong></span> <span class='ocrx_word' id='word_1_233' title='bbox 1130 3698 1250 3773; x_wconf 65' lang='lat' dir='ltr'><strong>hlatthss</strong></span> <span class='ocrx_word' id='word_1_234' title='bbox 1271 3697 1351 3772; x_wconf 78' lang='lat' dir='ltr'><strong>xlx,</strong></span> 
     </span>
     <span class='ocr_line' id='line_1_31' title="bbox 248 3813 1355 3915; baseline -0.005 -24"><span class='ocrx_word' id='word_1_235' title='bbox 248 3835 380 3903; x_wconf 90' lang='lat' dir='ltr'><strong>censet,</strong></span> <span class='ocrx_word' id='word_1_236' title='bbox 409 3817 593 3915; x_wconf 88' lang='lat' dir='ltr'><strong>statuitque</strong></span> <span class='ocrx_word' id='word_1_237' title='bbox 619 3816 728 3889; x_wconf 88' lang='lat' dir='ltr'><strong>lesum</strong></span> <span class='ocrx_word' id='word_1_238' title='bbox 755 3815 860 3912; x_wconf 83' lang='lat' dir='ltr'><strong>legem</strong></span> <span class='ocrx_word' id='word_1_239' title='bbox 887 3816 1070 3888; x_wconf 86' lang='lat' dir='ltr'><strong>mosaicam</strong></span> <span class='ocrx_word' id='word_1_240' title='bbox 1097 3813 1281 3887; x_wconf 89' lang='lat' dir='ltr'><strong>emendare</strong></span> <span class='ocrx_word' id='word_1_241' title='bbox 1304 3837 1355 3886; x_wconf 80' lang='lat' dir='ltr'><strong>vo</strong></span> 
     </span>
     <span class='ocr_line' id='line_1_32' title="bbox 245 3927 1356 4028; baseline -0.005 -25"><span class='ocrx_word' id='word_1_242' title='bbox 245 3932 385 4018; x_wconf 90' lang='lat' dir='ltr'><strong>lentem,</strong></span> <span class='ocrx_word' id='word_1_243' title='bbox 414 3931 456 4002; x_wconf 91' lang='lat' dir='ltr'><strong>de</strong></span> <span class='ocrx_word' id='word_1_244' title='bbox 481 3931 692 4004; x_wconf 88' lang='lat' dir='ltr'><strong>matrimonio</strong></span> <span class='ocrx_word' id='word_1_245' title='bbox 717 3930 946 4017; x_wconf 86' lang='lat' dir='ltr'><strong>adstruxisse,</strong></span> <span class='ocrx_word' id='word_1_246' title='bbox 977 3928 1066 4028; x_wconf 93' lang='lat' dir='ltr'><strong>quod</strong></span> <span class='ocrx_word' id='word_1_247' title='bbox 1092 3927 1267 4002; x_wconf 85' lang='lat' dir='ltr'><strong>vinculum</strong></span> <span class='ocrx_word' id='word_1_248' title='bbox 1296 3950 1356 4000; x_wconf 90' lang='lat' dir='ltr'><strong>ma·</strong></span> 
     </span>
    </p>
   </div>
   <div class='ocr_carea' id='block_1_4' title="bbox 245 4132 1355 4361">
    <p class='ocr_par' dir='ltr' id='par_1_6' title="bbox 245 4132 1355 4361">
     <span class='ocr_line' id='line_1_33' title="bbox 319 4132 1355 4201; baseline -0.009 -12"><span class='ocrx_word' id='word_1_249' title='bbox 319 4139 368 4201; x_wconf 78' lang='lat' dir='ltr'><strong>(tt)</strong></span> <span class='ocrx_word' id='word_1_250' title='bbox 384 4140 420 4187; x_wconf 85' lang='lat' dir='ltr'><strong>Ita</strong></span> <span class='ocrx_word' id='word_1_251' title='bbox 433 4138 457 4187; x_wconf 88' lang='lat' dir='ltr'><strong>in</strong></span> <span class='ocrx_word' id='word_1_252' title='bbox 471 4139 513 4188; x_wconf 84' lang='lat' dir='ltr'><strong>cit.</strong></span> <span class='ocrx_word' id='word_1_253' title='bbox 526 4152 566 4201; x_wconf 89' lang='lat' dir='ltr'><strong>op.</strong></span> <span class='ocrx_word' id='word_1_254' title='bbox 578 4139 616 4188; x_wconf 85' lang='lat' dir='ltr'><strong>De</strong></span> <span class='ocrx_word' id='word_1_255' title='bbox 626 4137 732 4188; x_wconf 75' lang='lat' dir='ltr'><strong>utriculo</strong></span> <span class='ocrx_word' id='word_1_256' title='bbox 742 4140 857 4199; x_wconf 71' lang='lat' dir='ltr'><strong>contuott</strong></span> <span class='ocrx_word' id='word_1_257' title='bbox 873 4136 1011 4187; x_wconf 80' lang='lat' dir='ltr'><strong>cltrtsttorrt</strong></span> <span class='ocrx_word' id='word_1_258' title='bbox 1027 4133 1207 4186; x_wconf 79' lang='lat' dir='ltr'><strong>tndtssotuotlt</strong></span> <span class='ocrx_word' id='word_1_259' title='bbox 1224 4132 1355 4184; x_wconf 77' lang='lat' dir='ltr'><strong>commort-</strong></span> 
     </span>
     <span class='ocr_line' id='line_1_34' title="bbox 245 4221 540 4281; baseline 0 -13"><span class='ocrx_word' id='word_1_260' title='bbox 245 4221 379 4281; x_wconf 70' lang='lat' dir='ltr'><strong>exeoetr&#39;c,</strong></span> <span class='ocrx_word' id='word_1_261' title='bbox 391 4232 446 4281; x_wconf 75' lang='lat' dir='ltr'><strong>pag.</strong></span> <span class='ocrx_word' id='word_1_262' title='bbox 461 4224 540 4269; x_wconf 83' lang='lat' dir='ltr'><strong>tt·t8.</strong></span> 
     </span>
     <span class='ocr_line' id='line_1_35' title="bbox 318 4298 613 4361; baseline -0.014 -11"><span class='ocrx_word' id='word_1_263' title='bbox 318 4301 367 4359; x_wconf 73' lang='lat' dir='ltr'><strong>(ts)</strong></span> <span class='ocrx_word' id='word_1_264' title='bbox 385 4298 445 4349; x_wconf 85' lang='lat' dir='ltr'><strong>thid.</strong></span> <span class='ocrx_word' id='word_1_265' title='bbox 461 4312 514 4361; x_wconf 71' lang='lat' dir='ltr'><strong>pag.</strong></span> <span class='ocrx_word' id='word_1_266' title='bbox 531 4308 563 4348; x_wconf 68' lang='lat' dir='ltr'><strong>tt⁴</strong></span> <span class='ocrx_word' id='word_1_267' title='bbox 580 4307 613 4348; x_wconf 77' lang='lat' dir='ltr'><strong>ta.</strong></span> 
     </span>
    </p>
   </div>
   <div class='ocr_carea' id='block_1_5' title="bbox 0 0 1421 5064">
    <p class='ocr_par' dir='ltr' id='par_1_7' title="bbox 0 0 1421 5064">
     <span class='ocr_line' id='line_1_36' title="bbox 0 0 1421 5064; baseline 0 0"><span class='ocrx_word' id='word_1_268' title='bbox 0 0 1421 5064; x_wconf 95' lang='lat' dir='ltr'><strong> </strong></span> 
     </span>
    </p>
   </div>
  </div>
 </body>
</html>
