2796 5064
241 354 311 428 ttt
384 371 507 426 umus
523 370 611 423 suos.
626 368 758 421 sursus.
778 367 820 420 us
836 366 949 421 murm.
969 366 1068 419 asra.
1089 365 1216 420 cansa

238 490 543 570 cohabitationem:
574 512 654 586 ergo
682 485 838 562 homines
862 500 1023 585 separant
1044 484 1139 587 quod
1162 484 1256 559 Deus
1277 510 1347 561 con·

239 609 349 685 lunxit
367 607 481 703 (29).»

312 722 356 796 Et
379 720 437 793 bic
454 732 671 820 praepostera
685 715 813 792 vinculi
834 714 1021 816 coniugalis
1038 717 1179 791 notione
1198 716 1348 818 deceptus

240 852 294 913 est
316 835 531 913 aduersarius
557 850 670 909 noster
695 833 900 934 permiscens
923 831 1097 907 vinculum
1123 857 1205 906 cum
1235 831 1348 906 vinculi

239 951 427 1027 effectibus.
448 949 582 1024 Etenim
607 950 642 1022 in
660 976 699 1024 eo
715 949 889 1024 uinculum
904 947 1076 1036 consistit,
1087 949 1138 1021 ἰιι
1155 946 1296 1044 alligata
1314 947 1350 1019 sit

240 1066 361 1143 mulier
384 1067 457 1141 viro
481 1067 646 1168 quamdiu
670 1065 790 1140 uixerit
814 1065 866 1137 vir
881 1064 977 1152 eius,
997 1079 1036 1136 ut
1056 1063 1159 1137 docet
1178 1063 1350 1163 Apostolus

241 1182 338 1258 llum.
357 1183 429 1257 vll.
450 1183 485 1256 2.
505 1197 539 1258 et
564 1185 598 1254 1.
619 1182 694 1256 Gor.
714 1182 785 1254 Vll.
808 1183 866 1254 39.
894 1180 954 1254 ubi
980 1178 1103 1254 iisdem
1129 1180 1240 1254 ferme
1260 1180 1351 1253 utitor

240 1296 355 1373 uerbis
380 1297 516 1372 dicens:
532 1296 678 1371 «Mulier
701 1296 839 1395 alligata
861 1310 912 1372 est
939 1294 1025 1395 legi,
1055 1311 1188 1396 quanto
1214 1310 1351 1395 temporo

240 1411 294 1486 uir
317 1411 392 1486 eius
416 1410 520 1499 vivit3
540 1410 633 1510 quod
659 1410 689 1484 si
715 1409 889 1484 dormierit
912 1408 965 1485 vir
989 1410 1064 1483 eius
1093 1407 1245 1483 liberata
1273 1424 1348 1482 ost.»

242 1524 327 1600 Cum
352 1525 456 1624 igitur
478 1525 651 1600 vinculum
676 1523 852 1623 coniugale
869 1525 904 1596 in
921 1523 980 1598 illa
996 1524 1220 1625 potissimum
1237 1523 1351 1621 obliga·

243 1639 335 1716 tione
359 1639 543 1727 consistat,
579 1665 649 1741 quc
676 1638 836 1738 coniuges
859 1653 976 1712 mutuo
1001 1638 1267 1736 obstringuntur
1298 1652 1350 1711 toto

242 1753 333 1829 uitae
358 1769 523 1855 tempore,
551 1754 598 1827 ita
622 1770 660 1828 ut
683 1753 814 1854 absque
838 1753 971 1856 piaculo
995 1779 1058 1828 neo
1082 1753 1138 1828 vir
1163 1779 1230 1827 nec
1246 1752 1351 1827 muber

244 1869 378 1969 possint
395 1868 491 1944 alteri
510 1896 547 1944 se
563 1870 785 1969 coniungere,
805 1869 905 1970 plane
922 1869 1145 1971 consequitur
1161 1868 1297 1944 obiecta
1317 1867 1353 1941 bi

242 1980 334 2058 blica
357 1983 432 2060 lcca
456 1984 500 2058 ad
526 2011 596 2059 rem
622 1985 828 2059 nonfacere.
849 1985 1024 2086 Siquidem
1041 2011 1083 2058 ea
1100 1984 1295 2085 respiciunt
1308 1998 1353 2057 aut

243 2097 430 2173 naturalem
456 2099 556 2173 finem
581 2099 805 2189 matrimonii,
833 2114 892 2176 aut
914 2099 1028 2175 officia
1052 2100 1352 2201 coniugumque

243 2212 415 2287 vinculum
433 2231 702 2315 consequuntur;
722 2241 867 2316 quorum
884 2231 995 2289 umen
1014 2215 1130 2314 praxis
1148 2230 1186 2289 et
1200 2242 1288 2290 usus
1304 2215 1353 2286 im

244 2325 354 2426 padiri
368 2341 496 2427 potest,
510 2342 667 2402 manente
678 2328 824 2404 vinculo.
841 2328 1001 2430 Alioquin
1016 2328 1046 2402 si
1060 2328 1267 2404 discesserit
1282 2328 1353 2401 iusto

242 2439 287 2516 de
297 2468 402 2518 causa
412 2441 465 2517 vir
476 2469 497 2516 a
510 2443 649 2517 muliere
661 2443 733 2518 sive
745 2444 892 2530 itineris,
908 2445 982 2518 sive
994 2445 1118 2542 negotii
1131 2443 1284 2520 alicuius
1296 2467 1353 2542 gro·

245 2555 307 2645 tia,
336 2573 394 2631 aut
415 2557 450 2629 in
472 2557 700 2656 captivitatem
719 2558 817 2630 luerit
834 2558 1019 2645 abductus,
1039 2574 1098 2631 aut
1114 2559 1313 2632 carceribus
1329 2570 1354 2628 et

243 2672 387 2746 vinculis
405 2674 632 2771 mancipatus,
653 2674 725 2746 sive
750 2700 833 2747 uxor
858 2673 1050 2746 infirmitate
1075 2672 1236 2760 detenta,
1258 2673 1351 2746 autin

245 2803 405 2861 remotam
432 2788 534 2861 luerit
558 2788 729 2885 regionem
755 2788 920 2876 abducta,
949 2785 1120 2861 vinculum
1143 2788 1267 2888 ,ipsum
1285 2788 1352 2860 soret

244 2902 459 2978 dissolutum.
481 2903 577 2989 Quod
597 2904 743 3003 prolecto
761 2930 870 3002 neque
892 2903 1076 2977 adversarii
1094 2902 1231 2990 dicent,
1252 2917 1353 3000 utpote

245 3018 443 3092 absurdum.
466 3018 678 3119 Quapropter
695 3018 724 3092 si
741 3018 913 3092 vinculum
931 3035 1104 3120 permanet
1129 3019 1166 3090 in
1194 3020 1252 3092 his
1274 3019 1352 3093 aliis·

245 3158 312 3232 que
330 3133 498 3207 similibus
517 3133 671 3218 casibus,
688 3133 773 3207 adeo
790 3149 909 3208 utnon
927 3133 1086 3207 desinant
1101 3159 1183 3207 vere
1205 3135 1352 3231 coniuges

244 3272 342 3334 esse,
369 3249 502 3322 etiamsi
529 3247 631 3321 simul
656 3248 850 3323 cohabitare
875 3266 1057 3348 nequeant,
1079 3250 1184 3322 etiam
1207 3251 1298 3324 iusto
1314 3250 1353 3320 in·

245 3362 449 3436 tervcniente
473 3362 641 3450 divortio,
671 3363 792 3460 iugiter
806 3363 977 3436 vinculum
996 3380 1203 3462 perseverat.
1231 3364 1354 3438 Falsum

245 3476 425 3573 igiturest
449 3478 539 3577 quod
565 3478 775 3553 Chemnitius
802 3480 924 3552 asserit
949 3479 1123 3580 pontificia
1150 3479 1212 3553 illa
1230 3503 1354 3581 separa

247 3592 338 3666 tione
362 3589 477 3665 multis
503 3610 536 3666 et
559 3593 662 3667 variis
689 3595 800 3667 modis
817 3595 988 3667 vinculum
1006 3595 1158 3691 coniugii
1184 3594 1293 3683 solvi,
1316 3607 1355 3667 at

246 3734 312 3808 quc
337 3707 491 3782 homines
517 3735 674 3809 separare
699 3710 790 3810 quod
815 3711 907 3784 Deus
932 3711 1117 3784 coniunxit.

318 3822 416 3909 Quod
441 3824 567 3897 dictum
593 3839 645 3897 est
669 3824 712 3898 de
736 3824 872 3897 biblicis
899 3825 1064 3912 textibus,
1086 3824 1181 3898 idem
1199 3826 1245 3901 de
1268 3825 1357 3900 allata

246 3937 507 4039 pervulgataquc
532 3939 735 4014 matrimonii
761 3940 957 4013 delinitione
986 3940 1118 4013 censeri
1155 3941 1272 4017 debet.
1306 3941 1357 4012 llla

245 4055 335 4128 enim
360 4055 536 4129 individua
560 4057 651 4129 vitae
675 4056 884 4130 consuetudo
909 4055 1108 4129 naturaliter
1133 4083 1176 4130 ac
1203 4085 1265 4157 per
1289 4080 1358 4132 seu

245 4169 446 4267 coniugibus
471 4171 655 4248 intenditur
679 4170 771 4246 velut
795 4171 922 4248 fructus
947 4187 981 4246 et
1008 4171 1150 4271 sequela
1183 4172 1260 4248 initi
1288 4196 1358 4247 cou-

317 4318 367 4382 (29)
384 4321 447 4374 lbld.
