2796 5064
229 388 298 463 eet
373 408 437 460 nm.
454 408 502 460 ιιι.
518 405 606 458 sacr.
624 404 755 456 ιιιιιιιι.
772 404 811 455 nn
826 402 940 454 mutes.
960 401 1200 455 utaentur.

227 527 427 605 sacramenti
446 523 747 624 significationem,
768 548 870 623 quam
884 521 920 593 in
933 546 972 595 se
984 519 1197 595 christianae
1213 522 1343 621 nuptiae

227 642 469 744 praeseferunt.
504 639 656 726 Quodsi
684 637 858 711 insinuare
890 636 1023 711 ridetur
1050 634 1345 710 dissolubilitatem

227 756 431 831 matrimonii
457 782 524 829 non
549 755 686 830 omnino
711 752 884 827 adversari
909 768 1047 825 naturae
1068 751 1152 840 iuri,
1183 752 1295 853 accipi
1316 752 1345 825 id

228 871 328 946 dehet
359 871 402 945 de
434 886 572 944 naturae
605 869 679 941 iure
709 867 888 967 primario,
925 865 1017 966 quod
1041 880 1075 940 et
1099 891 1163 940 nos
1196 866 1347 941 concedi·

228 1011 325 1073 mus;
347 983 497 1083 alioquin
517 984 608 1057 Deus
631 983 666 1054 in
691 981 794 1056 ueteri
820 980 895 1080 lege
917 981 1100 1055 divortium
1117 979 1264 1055 minime
1282 1007 1346 1082 por-

229 1099 391 1174 misisset.
407 1100 475 1172 Nos
499 1123 578 1172 vero
599 1096 730 1194 agimus
747 1095 790 1169 de
807 1121 848 1170 eo
865 1097 950 1183 iure,
971 1094 1062 1195 quod
1079 1093 1213 1170 obtinet
1227 1095 1347 1194 exlege

229 1212 346 1287 diviua
369 1212 508 1287 Christi.

304 1327 394 1414 Quid
420 1344 531 1401 autem
556 1327 660 1401 hahet
683 1353 714 1401 s.
728 1328 853 1402 Doctcr
877 1328 912 1400 iu
937 1343 1032 1402 tract.
1049 1327 1105 1399 lx.
1128 1327 1166 1400 in
1188 1327 1343 1426 Euangel.

230 1443 419 1519 aloannia
443 1446 542 1539 (181)
565 1443 656 1543 quod
682 1442 793 1517 faveat
812 1440 1041 1517 advorsariis?
1063 1441 1158 1514 Nihil
1185 1469 1343 1542 prorsus;

230 1558 493 1659 quia'quamvis
519 1557 608 1631 dicat
628 1557 664 1630 in
683 1583 787 1632 causa
808 1555 1041 1632 fornicationis
1058 1554 1193 1629 licitum
1210 1582 1291 1631 esse
1305 1556 1345 1629 di

230 1673 361 1746 mittere
386 1697 546 1760 uxorem,
566 1671 658 1772 quod
675 1673 801 1746 centies
815 1672 901 1746 alias
921 1671 1056 1757 docuit,
1075 1687 1111 1745 et
1125 1697 1191 1746 nos
1205 1698 1286 1746 cum
1298 1671 1346 1746 illo

231 1788 448 1888 profitemur,
470 1788 573 1861 immo
591 1802 625 1861 et
646 1787 901 1874 contendimus3
922 1801 1068 1860 attamen
1086 1813 1278 1887 numquam
1294 1787 1346 1862 do·

231 1901 301 1977 cuit
317 1928 417 2003 posse
432 1901 557 1990 uirum,
569 1901 715 1975 dimissa
727 1927 830 1976 uxore
847 1901 1079 1976 fornicationis
1096 1926 1222 1990 causa,
1238 1902 1345 1988 aliam,

234 2042 275 2092 ea
304 2017 460 2105 vivente,
491 2042 628 2091 uxorem
654 2016 798 2105 ducere,
823 2016 914 2117 quod
940 2032 1052 2090 tamen
1071 2042 1223 2092 ,neeesse
1250 2016 1344 2103 soret,

231 2146 270 2205 ut
285 2131 555 2205 adversariorum
567 2158 692 2206 causae
704 2158 780 2206 eum
793 2131 995 2233 patrocinari
1008 2131 1120 2205 dicere
1133 2131 1343 2207 deberemus.

305 2247 375 2320 Nec
391 2246 491 2320 refert
507 2247 598 2347 quod
611 2246 819 2345 Augustinus
836 2262 915 2345 egat
930 2262 1046 2321 contra
1063 2246 1271 2321 Pollentium
1288 2273 1348 2321 non

230 2375 400 2460 nmquam
418 2361 711 2449 haeresiarcham,
733 2361 794 2435 sed
812 2377 982 2461 tamquam
1000 2361 1197 2458 agonisteu,
1217 2377 1257 2435 ut
1273 2361 1348 2436 scri-

232 2473 283 2548 hit
299 2475 461 2548 Erasmus
478 2479 591 2572 (182);
613 2477 710 2550 nohis
732 2477 815 2550 satis
837 2493 888 2550 est
907 2477 996 2576 quod
1015 2491 1148 2550 tueatur
1167 2476 1347 2551 doctrinam

233 2591 462 2688 evangelicam
488 2607 521 2664 et
546 2592 776 2692 apostolicam.
803 2591 887 2679 Quis
913 2609 1024 2665 autem
1050 2591 1229 2665 contendit
1253 2617 1348 2692 quae-

238 2706 380 2780 stionem
395 2707 483 2781 hanc
496 2723 575 2781 tunc
591 2708 752 2807 temporis
766 2708 832 2780 iam
847 2707 1019 2780 definitam
1034 2705 1076 2778 ab
1090 2705 1239 2781 ecclesia
1253 2708 1349 2781 fuisse

234 2820 446 2909 solemniter,
468 2838 505 2895 ut
523 2821 704 2896 Pollentius
730 2822 933 2895 contrarium
959 2820 1128 2907 sentiens,
1153 2847 1216 2895 seu
1241 2821 1346 2895 verius

235 2935 341 3010 duhia
365 2963 578 3036 proponens,
608 2953 778 3037 tamquam
808 2937 997 3011 haereticus
1023 2936 1152 3010 traduci
1180 2934 1348 3036 potuerit?

663 3216 668 3228 Ι
708 3105 745 3203 p.
773 3105 875 3176 ιιιι.

665 3314 701 3362 De
716 3324 737 3361 s.
748 3311 890 3361 Innocentio
906 3313 926 3360 Ι.

312 3462 427 3561 Neque
452 3462 494 3534 ab
516 3461 702 3558 Augustino
728 3460 886 3535 dissentit
911 3488 1063 3535 summus
1089 3463 1243 3561 pontifex
1263 3463 1349 3536 luno

238 3575 368 3649 centius
395 3577 421 3646 1.
445 3576 509 3676 ipsi
542 3603 697 3650 coaevus.
729 3576 889 3662 Quamvis
918 3576 1008 3650 enim
1034 3576 1271 3651 difficultatem
1295 3576 1348 3650 ali·

238 3718 339 3790 quam
367 3692 571 3790 praeseferre
591 3693 785 3780 videantur,
815 3719 902 3793 quae
928 3693 1003 3792 ipse
1027 3691 1166 3793 scripsit
1192 3693 1226 3765 in
1252 3694 1343 3794 epist.

237 3805 280 3879 ad
300 3806 443 3880 Probum
466 3810 582 3902 (183),
599 3823 631 3880 et
650 3807 712 3880 hac
730 3808 772 3881 de
789 3834 892 3881 causa
909 3807 1003 3880 illum
1025 3834 1085 3908 pro
1110 3834 1149 3882 se
1170 3804 1345 3882 adversarii

238 3921 547 3997 indissolubilitetis
577 3922 748 4020 allegeut;
784 3938 911 3996 certum
937 3941 1048 3996 tamen
1077 3938 1151 4012 est,
1185 3945 1343 3999 summum

310 4182 378 4245 (tet)
395 4184 426 4233 nt
444 4184 563 4235 tractatus
579 4197 643 4233 enno
660 4184 715 4247 plus
731 4183 813 4233 minus
828 4187 883 4234 tte.
894 4183 937 4234 aut
952 4187 1006 4234 tte.
1017 4179 1095 4232 habiti
1111 4183 1179 4232 suut

313 4265 379 4327 (182)
395 4267 423 4314 Ιιι
437 4267 521 4315 annot.
536 4265 561 4314 in
578 4267 597 4314 1.
609 4264 640 4313 ed
654 4267 712 4314 cor.
723 4267 776 4314 vn.
789 4266 850 4327 opp.
862 4264 905 4313 cit.
916 4263 956 4314 od.
970 4265 1029 4313 tom.
1043 4265 1086 4312 vt.
1096 4261 1145 4313 ool.
1158 4265 1215 4312 tet.

312 4345 377 4407 (ιιι)
394 4346 471 4424 Epist.
483 4347 593 4398 xxle.
605 4346 671 4410 apud
682 4347 801 4397 coushnt
810 4345 858 4395 eol.
869 4351 924 4395 eoa.
