<?xml version="1.0" encoding="UTF-8"?>
<!DOCTYPE html PUBLIC "-//W3C//DTD XHTML 1.0 Transitional//EN"
    "http://www.w3.org/TR/xhtml1/DTD/xhtml1-transitional.dtd">
<html xmlns="http://www.w3.org/1999/xhtml" xml:lang="en" lang="en">
 <head>
  <title>
</title>
<meta http-equiv="Content-Type" content="text/html;charset=utf-8" />
  <meta name='ocr-system' content='tesseract 3.04.00' />
  <meta name='ocr-capabilities' content='ocr_page ocr_carea ocr_par ocr_line ocrx_word'/>
</head>
<body>
  <div class='ocr_page' id='page_1' title='image "./dematrimoniochr01perrgoog_0267.png"; bbox 0 0 2796 5064; ppageno 0'>
   <div class='ocr_carea' id='block_1_1' title="bbox 139 367 1118 444">
    <p class='ocr_par' dir='ltr' id='par_1_1' title="bbox 139 367 1118 444">
     <span class='ocr_line' id='line_1_1' title="bbox 139 367 1118 444; baseline 0.002 -5"><span class='ocrx_word' id='word_1_1' title='bbox 139 367 209 439; x_wconf 72' lang='lat'><strong>268</strong></span> <span class='ocrx_word' id='word_1_2' title='bbox 285 391 348 442; x_wconf 85' lang='grc' dir='ltr'><strong>ιιι.</strong></span> <span class='ocrx_word' id='word_1_3' title='bbox 364 389 412 443; x_wconf 92' lang='grc' dir='ltr'><strong>ιιι.</strong></span> <span class='ocrx_word' id='word_1_4' title='bbox 434 390 521 442; x_wconf 83' lang='lat' dir='ltr'><strong>seur.</strong></span> <span class='ocrx_word' id='word_1_5' title='bbox 543 390 673 443; x_wconf 84' lang='grc' dir='ltr'><strong>ιιτιιι.</strong></span> <span class='ocrx_word' id='word_1_6' title='bbox 696 392 736 443; x_wconf 87' lang='grc' dir='ltr'><strong>ιι</strong></span> <span class='ocrx_word' id='word_1_7' title='bbox 749 390 862 444; x_wconf 81' lang='lat' dir='ltr'><strong>morse.</strong></span> <span class='ocrx_word' id='word_1_8' title='bbox 878 391 976 444; x_wconf 87' lang='grc' dir='ltr'><strong>ιιιιι.</strong></span> <span class='ocrx_word' id='word_1_9' title='bbox 992 390 1118 444; x_wconf 75' lang='lat' dir='ltr'><strong>umor.</strong></span> 
     </span>
    </p>
   </div>
   <div class='ocr_carea' id='block_1_2' title="bbox 138 502 1257 1186">
    <p class='ocr_par' dir='ltr' id='par_1_2' title="bbox 138 502 1257 1186">
     <span class='ocr_line' id='line_1_2' title="bbox 139 502 1254 610; baseline 0.003 -29"><span class='ocrx_word' id='word_1_10' title='bbox 139 508 423 608; x_wconf 67' lang='lat' dir='ltr'><strong>intelligendam</strong></span> <span class='ocrx_word' id='word_1_11' title='bbox 466 535 528 583; x_wconf 89' lang='lat' dir='ltr'><strong>nec</strong></span> <span class='ocrx_word' id='word_1_12' title='bbox 560 509 649 583; x_wconf 93' lang='lat' dir='ltr'><strong>enim</strong></span> <span class='ocrx_word' id='word_1_13' title='bbox 682 502 821 610; x_wconf 80' lang='lat' dir='ltr'><strong>propter</strong></span> <span class='ocrx_word' id='word_1_14' title='bbox 853 503 1088 598; x_wconf 74' lang='lat' dir='ltr'><strong>adulterium,</strong></span> <span class='ocrx_word' id='word_1_15' title='bbox 1126 510 1180 584; x_wconf 83' lang='lat' dir='ltr'><strong>vel</strong></span> <span class='ocrx_word' id='word_1_16' title='bbox 1212 507 1254 584; x_wconf 88' lang='lat' dir='ltr'><strong>ei·</strong></span> 
     </span>
     <span class='ocr_line' id='line_1_3' title="bbox 139 612 1255 726; baseline 0.001 -29"><span class='ocrx_word' id='word_1_17' title='bbox 139 612 253 698; x_wconf 87' lang='lat' dir='ltr'><strong>milem</strong></span> <span class='ocrx_word' id='word_1_18' title='bbox 280 622 428 725; x_wconf 82' lang='lat' dir='ltr'>aliquam</span> <span class='ocrx_word' id='word_1_19' title='bbox 456 625 699 725; x_wconf 82' lang='lat' dir='ltr'><strong>turpitudinem</strong></span> <span class='ocrx_word' id='word_1_20' title='bbox 726 625 863 701; x_wconf 85' lang='lat' dir='ltr'><strong>libellus</strong></span> <span class='ocrx_word' id='word_1_21' title='bbox 894 626 1026 726; x_wconf 77' lang='lat' dir='ltr'><strong>repudii</strong></span> <span class='ocrx_word' id='word_1_22' title='bbox 1059 625 1255 701; x_wconf 85' lang='lat' dir='ltr'><strong>scribendus</strong></span> 
     </span>
     <span class='ocr_line' id='line_1_4' title="bbox 138 741 1256 844; baseline -0.003 -28"><span class='ocrx_word' id='word_1_23' title='bbox 138 757 212 827; x_wconf 86' lang='lat' dir='ltr'><strong>est,</strong></span> <span class='ocrx_word' id='word_1_24' title='bbox 241 756 276 814; x_wconf 90' lang='lat' dir='ltr'><strong>et</strong></span> <span class='ocrx_word' id='word_1_25' title='bbox 301 741 436 840; x_wconf 77' lang='lat' dir='ltr'><strong>coniugi</strong></span> <span class='ocrx_word' id='word_1_26' title='bbox 463 741 496 814; x_wconf 92' lang='lat' dir='ltr'><strong>in</strong></span> <span class='ocrx_word' id='word_1_27' title='bbox 523 768 644 816; x_wconf 88' lang='lat' dir='ltr'><strong>manus</strong></span> <span class='ocrx_word' id='word_1_28' title='bbox 670 743 876 830; x_wconf 88' lang='lat' dir='ltr'><strong>tradendus;</strong></span> <span class='ocrx_word' id='word_1_29' title='bbox 905 743 966 817; x_wconf 87' lang='lat' dir='ltr'><strong>sed</strong></span> <span class='ocrx_word' id='word_1_30' title='bbox 990 741 1169 844; x_wconf 81' lang='lat' dir='ltr'><strong>quodlibet</strong></span> <span class='ocrx_word' id='word_1_31' title='bbox 1197 741 1256 816; x_wconf 86' lang='lat' dir='ltr'><strong>lor·</strong></span> 
     </span>
     <span class='ocr_line' id='line_1_5' title="bbox 140 856 1256 958; baseline -0.003 -28"><span class='ocrx_word' id='word_1_32' title='bbox 140 857 230 930; x_wconf 86' lang='lat' dir='ltr'><strong>sitan</strong></span> <span class='ocrx_word' id='word_1_33' title='bbox 257 873 449 956; x_wconf 86' lang='lat' dir='ltr'><strong>peccatum,</strong></span> <span class='ocrx_word' id='word_1_34' title='bbox 479 857 669 930; x_wconf 78' lang='lat' dir='ltr'><strong>foeditatem</strong></span> <span class='ocrx_word' id='word_1_35' title='bbox 693 882 910 957; x_wconf 75' lang='lat' dir='ltr'><strong>nuncupasse</strong></span> <span class='ocrx_word' id='word_1_36' title='bbox 931 859 1103 958; x_wconf 83' lang='lat' dir='ltr'><strong>lloysem,</strong></span> <span class='ocrx_word' id='word_1_37' title='bbox 1123 856 1256 956; x_wconf 88' lang='lat' dir='ltr'><strong>quodsi</strong></span> 
     </span>
     <span class='ocr_line' id='line_1_6' title="bbox 139 971 1257 1072; baseline -0.004 -25"><span class='ocrx_word' id='word_1_38' title='bbox 139 973 259 1047; x_wconf 83' lang='lat' dir='ltr'><strong>eviro</strong></span> <span class='ocrx_word' id='word_1_39' title='bbox 286 972 531 1072; x_wconf 88' lang='lat' dir='ltr'><strong>deprehensum</strong></span> <span class='ocrx_word' id='word_1_40' title='bbox 559 973 622 1045; x_wconf 88' lang='lat' dir='ltr'><strong>erit</strong></span> <span class='ocrx_word' id='word_1_41' title='bbox 648 972 682 1044; x_wconf 91' lang='lat' dir='ltr'><strong>in</strong></span> <span class='ocrx_word' id='word_1_42' title='bbox 708 999 830 1060; x_wconf 83' lang='lat' dir='ltr'><strong>uxore,</strong></span> <span class='ocrx_word' id='word_1_43' title='bbox 859 998 947 1072; x_wconf 86' lang='lat' dir='ltr'><strong>quaa</strong></span> <span class='ocrx_word' id='word_1_44' title='bbox 976 971 1123 1070; x_wconf 80' lang='lat' dir='ltr'><strong>gratiam</strong></span> <span class='ocrx_word' id='word_1_45' title='bbox 1151 997 1257 1044; x_wconf 88' lang='lat' dir='ltr'><strong>coram</strong></span> 
     </span>
     <span class='ocr_line' id='line_1_7' title="bbox 138 1085 1257 1186; baseline -0.004 -24"><span class='ocrx_word' id='word_1_46' title='bbox 138 1089 212 1162; x_wconf 85' lang='lat' dir='ltr'><strong>viro</strong></span> <span class='ocrx_word' id='word_1_47' title='bbox 234 1114 299 1162; x_wconf 93' lang='lat' dir='ltr'><strong>non</strong></span> <span class='ocrx_word' id='word_1_48' title='bbox 327 1087 490 1171; x_wconf 88' lang='lat' dir='ltr'><strong>inveniat,</strong></span> <span class='ocrx_word' id='word_1_49' title='bbox 512 1086 645 1160; x_wconf 87' lang='lat' dir='ltr'><strong>libellus</strong></span> <span class='ocrx_word' id='word_1_50' title='bbox 666 1087 796 1186; x_wconf 87' lang='lat' dir='ltr'><strong>repudii</strong></span> <span class='ocrx_word' id='word_1_51' title='bbox 815 1086 988 1174; x_wconf 82' lang='lat' dir='ltr'><strong>scribitur,</strong></span> <span class='ocrx_word' id='word_1_52' title='bbox 1004 1086 1149 1160; x_wconf 85' lang='lat' dir='ltr'><strong>etaviri</strong></span> <span class='ocrx_word' id='word_1_53' title='bbox 1166 1085 1257 1159; x_wconf 88' lang='lat' dir='ltr'><strong>domo</strong></span> 
     </span>
    </p>
   </div>
   <div class='ocr_carea' id='block_1_3' title="bbox 10 1198 1257 1303">
    <p class='ocr_par' dir='ltr' id='par_1_3' title="bbox 10 1198 1257 1303">
     <span class='ocr_line' id='line_1_8' title="bbox 10 1198 1257 1303; baseline -0.002 -27"><span class='ocrx_word' id='word_1_54' title='bbox 10 1204 14 1225; x_wconf 87' lang='lat'>&#39;</span> <span class='ocrx_word' id='word_1_55' title='bbox 140 1202 322 1288; x_wconf 86' lang='lat' dir='ltr'><strong>emittitur;</strong></span> <span class='ocrx_word' id='word_1_56' title='bbox 349 1204 396 1274; x_wconf 78' lang='lat' dir='ltr'><strong>Ab</strong></span> <span class='ocrx_word' id='word_1_57' title='bbox 423 1204 517 1274; x_wconf 83' lang='lat' dir='ltr'><strong>initio</strong></span> <span class='ocrx_word' id='word_1_58' title='bbox 539 1217 647 1274; x_wconf 69' lang='lat' dir='ltr'><strong>ouum</strong></span> <span class='ocrx_word' id='word_1_59' title='bbox 669 1231 734 1276; x_wconf 84' lang='lat' dir='ltr'><strong>non</strong></span> <span class='ocrx_word' id='word_1_60' title='bbox 757 1205 823 1303; x_wconf 74' lang='lat' dir='ltr'><strong>[nit</strong></span> <span class='ocrx_word' id='word_1_61' title='bbox 846 1198 906 1276; x_wconf 81' lang='lat' dir='ltr'><strong>sio.</strong></span> <span class='ocrx_word' id='word_1_62' title='bbox 925 1204 1009 1275; x_wconf 89' lang='lat' dir='ltr'><strong>Tum</strong></span> <span class='ocrx_word' id='word_1_63' title='bbox 1033 1227 1116 1275; x_wconf 83' lang='lat' dir='ltr'><strong>vero</strong></span> <span class='ocrx_word' id='word_1_64' title='bbox 1143 1200 1257 1275; x_wconf 86' lang='lat' dir='ltr'><strong>deiude</strong></span> 
     </span>
    </p>
   </div>
   <div class='ocr_carea' id='block_1_4' title="bbox 131 1317 1295 4176">
    <p class='ocr_par' dir='ltr' id='par_1_4' title="bbox 131 1317 1295 4176">
     <span class='ocr_line' id='line_1_9' title="bbox 139 1317 1257 1419; baseline -0.004 -27"><span class='ocrx_word' id='word_1_65' title='bbox 139 1320 295 1392; x_wconf 84' lang='lat' dir='ltr'><strong>Servatur</strong></span> <span class='ocrx_word' id='word_1_66' title='bbox 319 1337 434 1391; x_wconf 86' lang='lat' dir='ltr'><strong>noster</strong></span> <span class='ocrx_word' id='word_1_67' title='bbox 458 1318 722 1419; x_wconf 84' lang='lat' dir='ltr'><strong>haudquaquam</strong></span> <span class='ocrx_word' id='word_1_68' title='bbox 748 1318 909 1394; x_wconf 90' lang='lat' dir='ltr'><strong>connubii</strong></span> <span class='ocrx_word' id='word_1_69' title='bbox 935 1317 1091 1393; x_wconf 83' lang='lat' dir='ltr'><strong>solvendi</strong></span> <span class='ocrx_word' id='word_1_70' title='bbox 1127 1332 1257 1418; x_wconf 90' lang='lat' dir='ltr'><strong>propter</strong></span> 
     </span>
     <span class='ocr_line' id='line_1_10' title="bbox 139 1430 1256 1535; baseline -0.003 -28"><span class='ocrx_word' id='word_1_71' title='bbox 139 1433 246 1507; x_wconf 90' lang='lat' dir='ltr'><strong>ullum</strong></span> <span class='ocrx_word' id='word_1_72' title='bbox 269 1433 361 1507; x_wconf 91' lang='lat' dir='ltr'><strong>alind</strong></span> <span class='ocrx_word' id='word_1_73' title='bbox 383 1432 548 1530; x_wconf 80' lang='lat' dir='ltr'><strong>flagitium</strong></span> <span class='ocrx_word' id='word_1_74' title='bbox 574 1433 764 1507; x_wconf 76' lang='lat' dir='ltr'><strong>facultatem</strong></span> <span class='ocrx_word' id='word_1_75' title='bbox 791 1433 998 1520; x_wconf 88' lang='lat' dir='ltr'><strong>concedens,</strong></span> <span class='ocrx_word' id='word_1_76' title='bbox 1025 1458 1131 1535; x_wconf 91' lang='lat' dir='ltr'><strong>quam</strong></span> <span class='ocrx_word' id='word_1_77' title='bbox 1158 1430 1256 1506; x_wconf 82' lang='lat' dir='ltr'><strong>solem</strong></span> 
     </span>
     <span class='ocr_line' id='line_1_11' title="bbox 140 1547 1258 1651; baseline -0.004 -29"><span class='ocrx_word' id='word_1_78' title='bbox 140 1550 393 1624; x_wconf 81' lang='lat' dir='ltr'><strong>fornicationem</strong></span> <span class='ocrx_word' id='word_1_79' title='bbox 418 1549 454 1620; x_wconf 94' lang='lat' dir='ltr'><strong>in</strong></span> <span class='ocrx_word' id='word_1_80' title='bbox 478 1574 582 1623; x_wconf 82' lang='lat' dir='ltr'><strong>uxore</strong></span> <span class='ocrx_word' id='word_1_81' title='bbox 606 1549 868 1651; x_wconf 87' lang='lat' dir='ltr'><strong>deprehensam,</strong></span> <span class='ocrx_word' id='word_1_82' title='bbox 896 1549 947 1623; x_wconf 88' lang='lat' dir='ltr'><strong>sic</strong></span> <span class='ocrx_word' id='word_1_83' title='bbox 970 1548 1036 1622; x_wconf 89' lang='lat' dir='ltr'><strong>ait:</strong></span> <span class='ocrx_word' id='word_1_84' title='bbox 1065 1549 1184 1620; x_wconf 69' lang='lat' dir='ltr'><strong>omnis</strong></span> <span class='ocrx_word' id='word_1_85' title='bbox 1208 1547 1258 1646; x_wconf 76' lang='lat' dir='ltr'><strong>qni</strong></span> 
     </span>
     <span class='ocr_line' id='line_1_12' title="bbox 141 1663 1256 1765; baseline -0.003 -28"><span class='ocrx_word' id='word_1_86' title='bbox 141 1665 302 1739; x_wconf 76' lang='lat' dir='ltr'><strong>dimiserit</strong></span> <span class='ocrx_word' id='word_1_87' title='bbox 325 1691 460 1738; x_wconf 72' lang='lat' dir='ltr'><strong>uxorem</strong></span> <span class='ocrx_word' id='word_1_88' title='bbox 483 1690 597 1750; x_wconf 69' lang='lat' dir='ltr'><strong>wem,</strong></span> <span class='ocrx_word' id='word_1_89' title='bbox 625 1681 761 1765; x_wconf 73' lang='lat' dir='ltr'><strong>excepto</strong></span> <span class='ocrx_word' id='word_1_90' title='bbox 786 1664 1014 1765; x_wconf 67' lang='lat' dir='ltr'><strong>sombotionie</strong></span> <span class='ocrx_word' id='word_1_91' title='bbox 1038 1689 1163 1747; x_wconf 72' lang='lat' dir='ltr'><strong>muso,</strong></span> <span class='ocrx_word' id='word_1_92' title='bbox 1184 1663 1256 1762; x_wconf 76' lang='lat' dir='ltr'><strong>[neit</strong></span> 
     </span>
     <span class='ocr_line' id='line_1_13' title="bbox 139 1778 1295 1882; baseline -0.004 -28"><span class='ocrx_word' id='word_1_93' title='bbox 139 1808 212 1855; x_wconf 79' lang='lat' dir='ltr'><strong>aem</strong></span> <span class='ocrx_word' id='word_1_94' title='bbox 235 1782 409 1854; x_wconf 80' lang='lat' dir='ltr'><strong>moeobori.</strong></span> <span class='ocrx_word' id='word_1_95' title='bbox 431 1780 557 1867; x_wconf 86' lang='lat' dir='ltr'><strong>Quaeri</strong></span> <span class='ocrx_word' id='word_1_96' title='bbox 583 1798 694 1855; x_wconf 88' lang='lat' dir='ltr'><strong>autem</strong></span> <span class='ocrx_word' id='word_1_97' title='bbox 719 1796 829 1882; x_wconf 89' lang='lat' dir='ltr'><strong>potest</strong></span> <span class='ocrx_word' id='word_1_98' title='bbox 852 1806 895 1854; x_wconf 89' lang='lat' dir='ltr'><strong>au</strong></span> <span class='ocrx_word' id='word_1_99' title='bbox 920 1805 1059 1854; x_wconf 82' lang='lat' dir='ltr'><strong>uxorem</strong></span> <span class='ocrx_word' id='word_1_100' title='bbox 1084 1778 1257 1878; x_wconf 84' lang='lat' dir='ltr'><strong>repudiare</strong></span> <span class='ocrx_word' id='word_1_101' title='bbox 1292 1869 1295 1874; x_wconf 19' lang='grc'>1</span> 
     </span>
     <span class='ocr_line' id='line_1_14' title="bbox 142 1894 1253 1996; baseline -0.001 -28"><span class='ocrx_word' id='word_1_102' title='bbox 142 1922 209 1969; x_wconf 93' lang='lat' dir='ltr'><strong>non</strong></span> <span class='ocrx_word' id='word_1_103' title='bbox 227 1894 343 1984; x_wconf 85' lang='lat' dir='ltr'><strong>liceat,</strong></span> <span class='ocrx_word' id='word_1_104' title='bbox 367 1895 434 1969; x_wconf 89' lang='lat' dir='ltr'><strong>nisi</strong></span> <span class='ocrx_word' id='word_1_105' title='bbox 453 1895 487 1967; x_wconf 93' lang='lat' dir='ltr'><strong>in</strong></span> <span class='ocrx_word' id='word_1_106' title='bbox 510 1896 674 1969; x_wconf 90' lang='lat' dir='ltr'><strong>adulterio</strong></span> <span class='ocrx_word' id='word_1_107' title='bbox 695 1896 908 1996; x_wconf 88' lang='lat' dir='ltr'><strong>deprehensa</strong></span> <span class='ocrx_word' id='word_1_108' title='bbox 933 1895 998 1983; x_wconf 85' lang='lat' dir='ltr'><strong>sit,</strong></span> <span class='ocrx_word' id='word_1_109' title='bbox 1021 1895 1117 1968; x_wconf 87' lang='lat' dir='ltr'><strong>verbi</strong></span> <span class='ocrx_word' id='word_1_110' title='bbox 1136 1894 1253 1994; x_wconf 79' lang='lat' dir='ltr'><strong>gratia,</strong></span> 
     </span>
     <span class='ocr_line' id='line_1_15' title="bbox 140 2009 1257 2112; baseline -0.003 -28"><span class='ocrx_word' id='word_1_111' title='bbox 140 2027 278 2112; x_wconf 87' lang='lat' dir='ltr'><strong>propter</strong></span> <span class='ocrx_word' id='word_1_112' title='bbox 300 2011 520 2099; x_wconf 85' lang='lat' dir='ltr'><strong>venalicium,</strong></span> <span class='ocrx_word' id='word_1_113' title='bbox 547 2010 600 2085; x_wconf 85' lang='lat' dir='ltr'><strong>vel</strong></span> <span class='ocrx_word' id='word_1_114' title='bbox 626 2010 717 2110; x_wconf 89' lang='lat' dir='ltr'><strong>quod</strong></span> <span class='ocrx_word' id='word_1_115' title='bbox 745 2012 907 2086; x_wconf 81' lang='lat' dir='ltr'><strong>infantem</strong></span> <span class='ocrx_word' id='word_1_116' title='bbox 932 2009 977 2084; x_wconf 88' lang='lat' dir='ltr'><strong>ab</strong></span> <span class='ocrx_word' id='word_1_117' title='bbox 1002 2025 1150 2112; x_wconf 81' lang='lat' dir='ltr'><strong>utroque</strong></span> <span class='ocrx_word' id='word_1_118' title='bbox 1173 2009 1257 2109; x_wconf 80' lang='lat' dir='ltr'><strong>gani·</strong></span> 
     </span>
     <span class='ocr_line' id='line_1_16' title="bbox 141 2125 1257 2227; baseline -0.002 -27"><span class='ocrx_word' id='word_1_119' title='bbox 141 2142 232 2214; x_wconf 89' lang='lat' dir='ltr'><strong>tum,</strong></span> <span class='ocrx_word' id='word_1_120' title='bbox 246 2128 320 2201; x_wconf 84' lang='lat' dir='ltr'><strong>viro</strong></span> <span class='ocrx_word' id='word_1_121' title='bbox 337 2129 477 2226; x_wconf 81' lang='lat' dir='ltr'><strong>peregre</strong></span> <span class='ocrx_word' id='word_1_122' title='bbox 494 2128 659 2226; x_wconf 87' lang='lat' dir='ltr'><strong>prolecto,</strong></span> <span class='ocrx_word' id='word_1_123' title='bbox 677 2128 895 2216; x_wconf 77' lang='lat' dir='ltr'><strong>interfecerit,</strong></span> <span class='ocrx_word' id='word_1_124' title='bbox 910 2125 963 2202; x_wconf 81' lang='lat' dir='ltr'><strong>vel</strong></span> <span class='ocrx_word' id='word_1_125' title='bbox 976 2125 1021 2200; x_wconf 92' lang='lat' dir='ltr'><strong>ob</strong></span> <span class='ocrx_word' id='word_1_126' title='bbox 1033 2125 1139 2199; x_wconf 90' lang='lat' dir='ltr'><strong>aliam</strong></span> <span class='ocrx_word' id='word_1_127' title='bbox 1152 2150 1257 2227; x_wconf 63' lang='grc' dir='ltr'><strong>(ιιιιιιι</strong></span> 
     </span>
     <span class='ocr_line' id='line_1_17' title="bbox 134 2237 1255 2343; baseline -0.003 -29"><span class='ocrx_word' id='word_1_128' title='bbox 134 2241 224 2315; x_wconf 79' lang='lat' dir='ltr'><strong>&#39;libet</strong></span> <span class='ocrx_word' id='word_1_129' title='bbox 253 2242 420 2315; x_wconf 89' lang='lat' dir='ltr'><strong>caedem:</strong></span> <span class='ocrx_word' id='word_1_130' title='bbox 459 2242 540 2341; x_wconf 93' lang='lat' dir='ltr'><strong>quin</strong></span> <span class='ocrx_word' id='word_1_131' title='bbox 571 2259 604 2316; x_wconf 88' lang='lat' dir='ltr'><strong>et</strong></span> <span class='ocrx_word' id='word_1_132' title='bbox 633 2243 663 2316; x_wconf 89' lang='lat' dir='ltr'><strong>si</strong></span> <span class='ocrx_word' id='word_1_133' title='bbox 695 2242 851 2317; x_wconf 87' lang='lat' dir='ltr'><strong>adulterii</strong></span> <span class='ocrx_word' id='word_1_134' title='bbox 883 2242 1022 2343; x_wconf 89' lang='lat' dir='ltr'><strong>quidem</strong></span> <span class='ocrx_word' id='word_1_135' title='bbox 1054 2241 1177 2315; x_wconf 86' lang='lat' dir='ltr'><strong>insons</strong></span> <span class='ocrx_word' id='word_1_136' title='bbox 1202 2237 1255 2313; x_wconf 80' lang='lat' dir='ltr'><strong>viri</strong></span> 
     </span>
     <span class='ocr_line' id='line_1_18' title="bbox 142 2355 1256 2457; baseline -0.001 -29"><span class='ocrx_word' id='word_1_137' title='bbox 142 2355 279 2430; x_wconf 90' lang='lat' dir='ltr'><strong>domum</strong></span> <span class='ocrx_word' id='word_1_138' title='bbox 305 2356 391 2430; x_wconf 91' lang='lat' dir='ltr'><strong>clam</strong></span> <span class='ocrx_word' id='word_1_139' title='bbox 419 2356 604 2457; x_wconf 88' lang='lat' dir='ltr'><strong>diripuisse</strong></span> <span class='ocrx_word' id='word_1_140' title='bbox 629 2372 662 2431; x_wconf 88' lang='lat' dir='ltr'><strong>et</strong></span> <span class='ocrx_word' id='word_1_141' title='bbox 684 2358 854 2457; x_wconf 84' lang='lat' dir='ltr'><strong>expilasse</strong></span> <span class='ocrx_word' id='word_1_142' title='bbox 873 2355 1112 2431; x_wconf 78' lang='lat' dir='ltr'><strong>animadversa</strong></span> <span class='ocrx_word' id='word_1_143' title='bbox 1132 2356 1197 2443; x_wconf 90' lang='lat' dir='ltr'><strong>sit,</strong></span> <span class='ocrx_word' id='word_1_144' title='bbox 1216 2378 1256 2427; x_wconf 90' lang='lat' dir='ltr'><strong>ru·</strong></span> 
     </span>
     <span class='ocr_line' id='line_1_19' title="bbox 143 2470 1256 2570; baseline -0.002 -26"><span class='ocrx_word' id='word_1_145' title='bbox 143 2471 272 2570; x_wconf 79' lang='lat' dir='ltr'><strong>gaverit</strong></span> <span class='ocrx_word' id='word_1_146' title='bbox 296 2470 420 2570; x_wconf 89' lang='lat' dir='ltr'><strong>aliquis</strong></span> <span class='ocrx_word' id='word_1_147' title='bbox 447 2498 489 2544; x_wconf 91' lang='lat' dir='ltr'><strong>au</strong></span> <span class='ocrx_word' id='word_1_148' title='bbox 515 2472 680 2547; x_wconf 88' lang='lat' dir='ltr'><strong>eiusmodi</strong></span> <span class='ocrx_word' id='word_1_149' title='bbox 703 2499 839 2547; x_wconf 81' lang='lat' dir='ltr'><strong>uxorem</strong></span> <span class='ocrx_word' id='word_1_150' title='bbox 864 2498 905 2546; x_wconf 83' lang='lat' dir='ltr'><strong>ex</strong></span> <span class='ocrx_word' id='word_1_151' title='bbox 929 2496 1037 2570; x_wconf 83' lang='lat' dir='ltr'><strong>aequo</strong></span> <span class='ocrx_word' id='word_1_152' title='bbox 1055 2488 1091 2544; x_wconf 91' lang='lat' dir='ltr'><strong>et</strong></span> <span class='ocrx_word' id='word_1_153' title='bbox 1106 2470 1198 2545; x_wconf 93' lang='lat' dir='ltr'><strong>bono</strong></span> <span class='ocrx_word' id='word_1_154' title='bbox 1214 2495 1256 2542; x_wconf 77' lang='lat' dir='ltr'><strong>re</strong></span> 
     </span>
     <span class='ocr_line' id='line_1_20' title="bbox 142 2584 1257 2686; baseline -0.002 -29"><span class='ocrx_word' id='word_1_155' title='bbox 142 2585 315 2686; x_wconf 89' lang='lat' dir='ltr'><strong>pudiabit,</strong></span> <span class='ocrx_word' id='word_1_156' title='bbox 345 2601 460 2684; x_wconf 82' lang='lat' dir='ltr'><strong>utpote</strong></span> <span class='ocrx_word' id='word_1_157' title='bbox 484 2602 617 2660; x_wconf 84' lang='lat' dir='ltr'><strong>vetante</strong></span> <span class='ocrx_word' id='word_1_158' title='bbox 641 2589 832 2675; x_wconf 86' lang='lat' dir='ltr'><strong>Servatore,</strong></span> <span class='ocrx_word' id='word_1_159' title='bbox 863 2613 905 2660; x_wconf 90' lang='lat' dir='ltr'><strong>ne</strong></span> <span class='ocrx_word' id='word_1_160' title='bbox 930 2585 1008 2685; x_wconf 90' lang='lat' dir='ltr'><strong>quis</strong></span> <span class='ocrx_word' id='word_1_161' title='bbox 1035 2603 1178 2685; x_wconf 83' lang='lat' dir='ltr'><strong>excepta</strong></span> <span class='ocrx_word' id='word_1_162' title='bbox 1202 2584 1257 2658; x_wconf 87' lang='lat' dir='ltr'><strong>lor-</strong></span> 
     </span>
     <span class='ocr_line' id='line_1_21' title="bbox 142 2698 1256 2801; baseline -0.004 -28"><span class='ocrx_word' id='word_1_163' title='bbox 142 2701 322 2775; x_wconf 88' lang='lat' dir='ltr'><strong>nicationis</strong></span> <span class='ocrx_word' id='word_1_164' title='bbox 346 2727 470 2788; x_wconf 87' lang='lat' dir='ltr'><strong>causa,</strong></span> <span class='ocrx_word' id='word_1_165' title='bbox 493 2728 630 2775; x_wconf 87' lang='lat' dir='ltr'><strong>uxorem</strong></span> <span class='ocrx_word' id='word_1_166' title='bbox 653 2729 748 2776; x_wconf 88' lang='lat' dir='ltr'><strong>suam</strong></span> <span class='ocrx_word' id='word_1_167' title='bbox 773 2702 944 2801; x_wconf 82' lang='lat' dir='ltr'><strong>repudiet3</strong></span> <span class='ocrx_word' id='word_1_168' title='bbox 972 2698 1157 2801; x_wconf 89' lang='lat' dir='ltr'><strong>utrobique</strong></span> <span class='ocrx_word' id='word_1_169' title='bbox 1178 2699 1256 2773; x_wconf 89' lang='lat' dir='ltr'><strong>enim</strong></span> 
     </span>
     <span class='ocr_line' id='line_1_22' title="bbox 142 2811 1257 2916; baseline -0.004 -27"><span class='ocrx_word' id='word_1_170' title='bbox 142 2815 280 2915; x_wconf 90' lang='lat' dir='ltr'><strong>aliquod</strong></span> <span class='ocrx_word' id='word_1_171' title='bbox 308 2832 449 2916; x_wconf 86' lang='lat' dir='ltr'><strong>apparet</strong></span> <span class='ocrx_word' id='word_1_172' title='bbox 473 2816 681 2904; x_wconf 87' lang='lat' dir='ltr'><strong>absurdum,</strong></span> <span class='ocrx_word' id='word_1_173' title='bbox 706 2816 797 2915; x_wconf 92' lang='lat' dir='ltr'><strong>quod</strong></span> <span class='ocrx_word' id='word_1_174' title='bbox 817 2843 860 2889; x_wconf 91' lang='lat' dir='ltr'><strong>an</strong></span> <span class='ocrx_word' id='word_1_175' title='bbox 879 2841 994 2888; x_wconf 77' lang='lat' dir='ltr'><strong>revera</strong></span> <span class='ocrx_word' id='word_1_176' title='bbox 1017 2813 1203 2888; x_wconf 90' lang='lat' dir='ltr'><strong>absurdum</strong></span> <span class='ocrx_word' id='word_1_177' title='bbox 1220 2811 1257 2885; x_wconf 89' lang='lat' dir='ltr'><strong>sit</strong></span> 
     </span>
     <span class='ocr_line' id='line_1_23' title="bbox 143 2927 1256 3029; baseline -0.002 -28"><span class='ocrx_word' id='word_1_178' title='bbox 143 2930 279 3028; x_wconf 79' lang='lat' dir='ltr'><strong>ignor03</strong></span> <span class='ocrx_word' id='word_1_179' title='bbox 304 2946 395 3002; x_wconf 88' lang='lat' dir='ltr'><strong>tanta</strong></span> <span class='ocrx_word' id='word_1_180' title='bbox 417 2932 506 3002; x_wconf 90' lang='lat' dir='ltr'><strong>enim</strong></span> <span class='ocrx_word' id='word_1_181' title='bbox 528 2931 597 3029; x_wconf 86' lang='lat' dir='ltr'><strong>peti</strong></span> <span class='ocrx_word' id='word_1_182' title='bbox 617 2944 652 3004; x_wconf 85' lang='lat' dir='ltr'><strong>et</strong></span> <span class='ocrx_word' id='word_1_183' title='bbox 673 2929 814 3004; x_wconf 88' lang='lat' dir='ltr'><strong>tolerare</strong></span> <span class='ocrx_word' id='word_1_184' title='bbox 834 2929 982 3028; x_wconf 78' lang='lat' dir='ltr'><strong>flagitia,</strong></span> <span class='ocrx_word' id='word_1_185' title='bbox 998 2954 1089 3028; x_wconf 88' lang='lat' dir='ltr'><strong>quae</strong></span> <span class='ocrx_word' id='word_1_186' title='bbox 1102 2927 1256 3002; x_wconf 87' lang='lat' dir='ltr'><strong>adulterio</strong></span> 
     </span>
     <span class='ocr_line' id='line_1_24' title="bbox 143 3039 1257 3144; baseline -0.005 -27"><span class='ocrx_word' id='word_1_187' title='bbox 143 3061 176 3117; x_wconf 89' lang='lat' dir='ltr'><strong>et</strong></span> <span class='ocrx_word' id='word_1_188' title='bbox 200 3045 403 3119; x_wconf 87' lang='lat' dir='ltr'><strong>scortatione</strong></span> <span class='ocrx_word' id='word_1_189' title='bbox 429 3044 545 3143; x_wconf 86' lang='lat' dir='ltr'><strong>peiora</strong></span> <span class='ocrx_word' id='word_1_190' title='bbox 569 3044 698 3117; x_wconf 88' lang='lat' dir='ltr'><strong>censeri</strong></span> <span class='ocrx_word' id='word_1_191' title='bbox 725 3060 870 3144; x_wconf 89' lang='lat' dir='ltr'><strong>queant,</strong></span> <span class='ocrx_word' id='word_1_192' title='bbox 896 3042 997 3143; x_wconf 93' lang='lat' dir='ltr'><strong>plane</strong></span> <span class='ocrx_word' id='word_1_193' title='bbox 1018 3069 1039 3115; x_wconf 88' lang='lat' dir='ltr'><strong>u</strong></span> <span class='ocrx_word' id='word_1_194' title='bbox 1061 3042 1195 3117; x_wconf 89' lang='lat' dir='ltr'><strong>ratione</strong></span> <span class='ocrx_word' id='word_1_195' title='bbox 1216 3039 1257 3113; x_wconf 81' lang='lat' dir='ltr'><strong>ri-</strong></span> 
     </span>
     <span class='ocr_line' id='line_1_25' title="bbox 143 3159 1256 3261; baseline -0.003 -30"><span class='ocrx_word' id='word_1_196' title='bbox 143 3159 278 3234; x_wconf 88' lang='lat' dir='ltr'><strong>debitur</strong></span> <span class='ocrx_word' id='word_1_197' title='bbox 295 3187 372 3234; x_wconf 91' lang='lat' dir='ltr'><strong>esse</strong></span> <span class='ocrx_word' id='word_1_198' title='bbox 390 3161 554 3247; x_wconf 66' lang='lat' dir='ltr'><strong>alienum</strong></span> <span class='ocrx_word' id='word_1_199' title='bbox 579 3187 712 3234; x_wconf 87' lang='lat' dir='ltr'><strong>rursum</strong></span> <span class='ocrx_word' id='word_1_200' title='bbox 735 3178 851 3233; x_wconf 87' lang='lat' dir='ltr'><strong>contra</strong></span> <span class='ocrx_word' id='word_1_201' title='bbox 876 3159 1061 3233; x_wconf 84' lang='lat' dir='ltr'><strong>Servatoris</strong></span> <span class='ocrx_word' id='word_1_202' title='bbox 1089 3172 1256 3261; x_wconf 84' lang='lat' dir='ltr'><strong>praecepte</strong></span> 
     </span>
     <span class='ocr_line' id='line_1_26' title="bbox 144 3276 1257 3377; baseline 0 -30"><span class='ocrx_word' id='word_1_203' title='bbox 144 3301 265 3372; x_wconf 78' lang='lat' dir='ltr'><strong>agere,</strong></span> <span class='ocrx_word' id='word_1_204' title='bbox 299 3302 398 3350; x_wconf 91' lang='lat' dir='ltr'><strong>nemo</strong></span> <span class='ocrx_word' id='word_1_205' title='bbox 423 3293 475 3350; x_wconf 88' lang='lat' dir='ltr'><strong>est</strong></span> <span class='ocrx_word' id='word_1_206' title='bbox 507 3278 590 3376; x_wconf 91' lang='lat' dir='ltr'><strong>quin</strong></span> <span class='ocrx_word' id='word_1_207' title='bbox 620 3277 761 3377; x_wconf 89' lang='lat' dir='ltr'><strong>impium</strong></span> <span class='ocrx_word' id='word_1_208' title='bbox 787 3302 864 3351; x_wconf 90' lang='lat' dir='ltr'><strong>esse</strong></span> <span class='ocrx_word' id='word_1_209' title='bbox 889 3276 1100 3350; x_wconf 88' lang='lat' dir='ltr'><strong>confiteatur.</strong></span> <span class='ocrx_word' id='word_1_210' title='bbox 1116 3276 1166 3350; x_wconf 80' lang='lat' dir='ltr'><strong>Ac</strong></span> <span class='ocrx_word' id='word_1_211' title='bbox 1191 3300 1257 3374; x_wconf 88' lang='lat' dir='ltr'><strong>pro·</strong></span> 
     </span>
     <span class='ocr_line' id='line_1_27' title="bbox 145 3387 1256 3491; baseline 0.002 -31"><span class='ocrx_word' id='word_1_212' title='bbox 145 3387 228 3460; x_wconf 88' lang='lat' dir='ltr'><strong>inde</strong></span> <span class='ocrx_word' id='word_1_213' title='bbox 254 3389 287 3460; x_wconf 91' lang='lat' dir='ltr'><strong>in</strong></span> <span class='ocrx_word' id='word_1_214' title='bbox 315 3389 429 3462; x_wconf 90' lang='lat' dir='ltr'><strong>animo</strong></span> <span class='ocrx_word' id='word_1_215' title='bbox 454 3417 529 3464; x_wconf 89' lang='lat' dir='ltr'><strong>meo</strong></span> <span class='ocrx_word' id='word_1_216' title='bbox 556 3390 592 3462; x_wconf 90' lang='lat' dir='ltr'><strong>id</strong></span> <span class='ocrx_word' id='word_1_217' title='bbox 616 3390 775 3491; x_wconf 89' lang='lat' dir='ltr'><strong>disputo,</strong></span> <span class='ocrx_word' id='word_1_218' title='bbox 796 3417 934 3464; x_wconf 89' lang='lat' dir='ltr'><strong>curnam</strong></span> <span class='ocrx_word' id='word_1_219' title='bbox 952 3417 1020 3464; x_wconf 91' lang='lat' dir='ltr'><strong>non</strong></span> <span class='ocrx_word' id='word_1_220' title='bbox 1038 3390 1145 3465; x_wconf 86' lang='lat' dir='ltr'><strong>dixit:</strong></span> <span class='ocrx_word' id='word_1_221' title='bbox 1167 3390 1256 3464; x_wconf 81' lang='lat' dir='ltr'><strong>Nemo</strong></span> 
     </span>
     <span class='ocr_line' id='line_1_28' title="bbox 143 3501 1259 3607; baseline 0.003 -31"><span class='ocrx_word' id='word_1_222' title='bbox 143 3530 297 3588; x_wconf 71' lang='lat' dir='ltr'><strong>umorem,</strong></span> <span class='ocrx_word' id='word_1_223' title='bbox 327 3519 462 3604; x_wconf 70' lang='lat' dir='ltr'><strong>excepto</strong></span> <span class='ocrx_word' id='word_1_224' title='bbox 482 3507 709 3605; x_wconf 76' lang='lat' dir='ltr'><strong>fornicationis</strong></span> <span class='ocrx_word' id='word_1_225' title='bbox 730 3533 848 3590; x_wconf 76' lang='lat' dir='ltr'><strong>causo,</strong></span> <span class='ocrx_word' id='word_1_226' title='bbox 873 3507 1037 3607; x_wconf 77' lang='lat' dir='ltr'><strong>repudict;</strong></span> <span class='ocrx_word' id='word_1_227' title='bbox 1057 3523 1095 3579; x_wconf 89' lang='lat' dir='ltr'><strong>at</strong></span> <span class='ocrx_word' id='word_1_228' title='bbox 1115 3506 1183 3581; x_wconf 88' lang='lat' dir='ltr'><strong>ait:</strong></span> <span class='ocrx_word' id='word_1_229' title='bbox 1204 3501 1259 3591; x_wconf 80' lang='lat' dir='ltr'><strong>on</strong></span> 
     </span>
     <span class='ocr_line' id='line_1_29' title="bbox 144 3618 1257 3722; baseline 0.004 -32"><span class='ocrx_word' id='word_1_230' title='bbox 144 3618 307 3691; x_wconf 53' lang='lat' dir='ltr'><strong>diremerit</strong></span> <span class='ocrx_word' id='word_1_231' title='bbox 338 3647 492 3706; x_wconf 77' lang='lat' dir='ltr'><strong>uxorem,</strong></span> <span class='ocrx_word' id='word_1_232' title='bbox 522 3637 656 3721; x_wconf 76' lang='lat' dir='ltr'><strong>excepto</strong></span> <span class='ocrx_word' id='word_1_233' title='bbox 681 3624 908 3721; x_wconf 70' lang='lat' dir='ltr'><strong>fornicationis</strong></span> <span class='ocrx_word' id='word_1_234' title='bbox 932 3648 1053 3708; x_wconf 80' lang='lat' dir='ltr'><strong>coeco,</strong></span> <span class='ocrx_word' id='word_1_235' title='bbox 1088 3624 1174 3722; x_wconf 77' lang='lat' dir='ltr'><strong>[ecit</strong></span> <span class='ocrx_word' id='word_1_236' title='bbox 1198 3643 1257 3694; x_wconf 75' lang='lat' dir='ltr'><strong>eom</strong></span> 
     </span>
     <span class='ocr_line' id='line_1_30' title="bbox 133 3734 1258 3833; baseline -0.001 -27"><span class='ocrx_word' id='word_1_237' title='bbox 133 3734 324 3819; x_wconf 67' lang='lat' dir='ltr'><strong>moechm,</strong></span> <span class='ocrx_word' id='word_1_238' title='bbox 344 3735 404 3833; x_wconf 91' lang='lat' dir='ltr'><strong>qui</strong></span> <span class='ocrx_word' id='word_1_239' title='bbox 423 3735 512 3807; x_wconf 90' lang='lat' dir='ltr'><strong>enim</strong></span> <span class='ocrx_word' id='word_1_240' title='bbox 539 3760 676 3809; x_wconf 79' lang='lat' dir='ltr'><strong>uxorem</strong></span> <span class='ocrx_word' id='word_1_241' title='bbox 703 3735 859 3808; x_wconf 88' lang='lat' dir='ltr'><strong>adulterii</strong></span> <span class='ocrx_word' id='word_1_242' title='bbox 885 3736 1023 3808; x_wconf 89' lang='lat' dir='ltr'><strong>minima</strong></span> <span class='ocrx_word' id='word_1_243' title='bbox 1049 3761 1144 3808; x_wconf 87' lang='lat' dir='ltr'><strong>ream</strong></span> <span class='ocrx_word' id='word_1_244' title='bbox 1170 3758 1258 3833; x_wconf 88' lang='lat' dir='ltr'><strong>repu-</strong></span> 
     </span>
     <span class='ocr_line' id='line_1_31' title="bbox 144 3846 1256 3949; baseline 0.001 -29"><span class='ocrx_word' id='word_1_245' title='bbox 144 3846 237 3935; x_wconf 90' lang='lat' dir='ltr'><strong>diat,</strong></span> <span class='ocrx_word' id='word_1_246' title='bbox 263 3864 426 3948; x_wconf 84' lang='lat' dir='ltr'><strong>quantum</strong></span> <span class='ocrx_word' id='word_1_247' title='bbox 454 3849 488 3920; x_wconf 93' lang='lat' dir='ltr'><strong>in</strong></span> <span class='ocrx_word' id='word_1_248' title='bbox 509 3875 546 3922; x_wconf 89' lang='lat' dir='ltr'><strong>se</strong></span> <span class='ocrx_word' id='word_1_249' title='bbox 566 3867 635 3936; x_wconf 90' lang='lat' dir='ltr'><strong>est,</strong></span> <span class='ocrx_word' id='word_1_250' title='bbox 666 3876 784 3923; x_wconf 90' lang='lat' dir='ltr'><strong>ansam</strong></span> <span class='ocrx_word' id='word_1_251' title='bbox 805 3850 835 3922; x_wconf 90' lang='lat' dir='ltr'><strong>ei</strong></span> <span class='ocrx_word' id='word_1_252' title='bbox 854 3849 1066 3923; x_wconf 85' lang='lat' dir='ltr'><strong>adulterandi</strong></span> <span class='ocrx_word' id='word_1_253' title='bbox 1091 3848 1256 3949; x_wconf 87' lang='lat' dir='ltr'><strong>praebere,</strong></span> 
     </span>
     <span class='ocr_line' id='line_1_32' title="bbox 131 3961 1259 4063; baseline 0.002 -29"><span class='ocrx_word' id='word_1_254' title='bbox 131 3961 258 4035; x_wconf 73' lang='lat' dir='ltr'><strong>‘nullus</strong></span> <span class='ocrx_word' id='word_1_255' title='bbox 285 3980 337 4037; x_wconf 88' lang='lat' dir='ltr'><strong>est</strong></span> <span class='ocrx_word' id='word_1_256' title='bbox 364 3964 422 4063; x_wconf 92' lang='lat' dir='ltr'><strong>qui</strong></span> <span class='ocrx_word' id='word_1_257' title='bbox 451 3963 585 4037; x_wconf 83' lang='lat' dir='ltr'><strong>inficias</strong></span> <span class='ocrx_word' id='word_1_258' title='bbox 611 3981 683 4050; x_wconf 88' lang='lat' dir='ltr'><strong>eat;</strong></span> <span class='ocrx_word' id='word_1_259' title='bbox 710 3992 787 4036; x_wconf 91' lang='lat' dir='ltr'><strong>nam</strong></span> <span class='ocrx_word' id='word_1_260' title='bbox 805 3967 837 4036; x_wconf 81' lang='lat' dir='ltr'><strong>si</strong></span> <span class='ocrx_word' id='word_1_261' title='bbox 853 3967 978 4036; x_wconf 80' lang='lat' dir='ltr'><strong>vivente</strong></span> <span class='ocrx_word' id='word_1_262' title='bbox 1003 3965 1075 4035; x_wconf 83' lang='lat' dir='ltr'><strong>niro</strong></span> <span class='ocrx_word' id='word_1_263' title='bbox 1099 3965 1259 4038; x_wconf 67' lang='lat' dir='ltr'><strong>vocabitur</strong></span> 
     </span>
     <span class='ocr_line' id='line_1_33' title="bbox 144 4077 1260 4176; baseline 0 -27"><span class='ocrx_word' id='word_1_264' title='bbox 144 4077 315 4163; x_wconf 79' lang='lat' dir='ltr'><strong>adultero,</strong></span> <span class='ocrx_word' id='word_1_265' title='bbox 340 4081 372 4150; x_wconf 84' lang='lat' dir='ltr'><strong>si</strong></span> <span class='ocrx_word' id='word_1_266' title='bbox 393 4079 494 4176; x_wconf 79' lang='lat' dir='ltr'><strong>suerit</strong></span> <span class='ocrx_word' id='word_1_267' title='bbox 516 4106 590 4150; x_wconf 83' lang='lat' dir='ltr'><strong>com</strong></span> <span class='ocrx_word' id='word_1_268' title='bbox 611 4080 678 4151; x_wconf 84' lang='lat' dir='ltr'><strong>ulio</strong></span> <span class='ocrx_word' id='word_1_269' title='bbox 700 4082 787 4163; x_wconf 84' lang='lat' dir='ltr'><strong>viro,</strong></span> <span class='ocrx_word' id='word_1_270' title='bbox 809 4094 841 4150; x_wconf 89' lang='lat' dir='ltr'><strong>et</strong></span> <span class='ocrx_word' id='word_1_271' title='bbox 860 4077 1036 4176; x_wconf 84' lang='lat' dir='ltr'><strong>repudiata</strong></span> <span class='ocrx_word' id='word_1_272' title='bbox 1055 4104 1099 4152; x_wconf 82' lang='lat' dir='ltr'><strong>ee</strong></span> <span class='ocrx_word' id='word_1_273' title='bbox 1120 4079 1260 4153; x_wconf 78' lang='lat' dir='ltr'><strong>occasio-</strong></span> 
     </span>
    </p>
   </div>
   <div class='ocr_carea' id='block_1_5' title="bbox 145 4188 1264 4410">
    <p class='ocr_par' dir='ltr' id='par_1_5' title="bbox 145 4188 1264 4410">
     <span class='ocr_line' id='line_1_34' title="bbox 146 4188 1262 4293; baseline -0.002 -30"><span class='ocrx_word' id='word_1_274' title='bbox 146 4219 221 4265; x_wconf 90' lang='lat' dir='ltr'><strong>nem</strong></span> <span class='ocrx_word' id='word_1_275' title='bbox 246 4193 296 4265; x_wconf 89' lang='lat' dir='ltr'><strong>illi</strong></span> <span class='ocrx_word' id='word_1_276' title='bbox 322 4193 379 4265; x_wconf 88' lang='lat' dir='ltr'><strong>dat</strong></span> <span class='ocrx_word' id='word_1_277' title='bbox 406 4193 525 4265; x_wconf 88' lang='lat' dir='ltr'><strong>iterum</strong></span> <span class='ocrx_word' id='word_1_278' title='bbox 551 4193 721 4280; x_wconf 90' lang='lat' dir='ltr'><strong>nubendi,</strong></span> <span class='ocrx_word' id='word_1_279' title='bbox 748 4192 861 4293; x_wconf 88' lang='lat' dir='ltr'><strong>perid</strong></span> <span class='ocrx_word' id='word_1_280' title='bbox 880 4193 985 4265; x_wconf 87' lang='lat' dir='ltr'><strong>elficit</strong></span> <span class='ocrx_word' id='word_1_281' title='bbox 1009 4218 1094 4266; x_wconf 82' lang='lat' dir='ltr'><strong>sene</strong></span> <span class='ocrx_word' id='word_1_282' title='bbox 1117 4211 1157 4268; x_wconf 88' lang='lat' dir='ltr'><strong>ut</strong></span> <span class='ocrx_word' id='word_1_283' title='bbox 1180 4188 1262 4266; x_wconf 81' lang='lat' dir='ltr'><strong>adut</strong></span> 
     </span>
     <span class='ocr_line' id='line_1_35' title="bbox 145 4307 1264 4410; baseline 0.002 -29"><span class='ocrx_word' id='word_1_284' title='bbox 145 4325 216 4381; x_wconf 85' lang='lat' dir='ltr'><strong>tera</strong></span> <span class='ocrx_word' id='word_1_285' title='bbox 241 4309 305 4396; x_wconf 88' lang='lat' dir='ltr'><strong>sit;</strong></span> <span class='ocrx_word' id='word_1_286' title='bbox 335 4326 369 4383; x_wconf 90' lang='lat' dir='ltr'><strong>at</strong></span> <span class='ocrx_word' id='word_1_287' title='bbox 395 4336 481 4410; x_wconf 91' lang='lat' dir='ltr'><strong>quae</strong></span> <span class='ocrx_word' id='word_1_288' title='bbox 508 4310 542 4381; x_wconf 95' lang='lat' dir='ltr'><strong>in</strong></span> <span class='ocrx_word' id='word_1_289' title='bbox 568 4309 731 4384; x_wconf 84' lang='lat' dir='ltr'><strong>veneficio</strong></span> <span class='ocrx_word' id='word_1_290' title='bbox 765 4335 929 4409; x_wconf 85' lang='lat' dir='ltr'><strong>oppresse</strong></span> <span class='ocrx_word' id='word_1_291' title='bbox 953 4323 1026 4397; x_wconf 86' lang='lat' dir='ltr'><strong>est,</strong></span> <span class='ocrx_word' id='word_1_292' title='bbox 1054 4307 1109 4384; x_wconf 88' lang='lat' dir='ltr'><strong>vel</strong></span> <span class='ocrx_word' id='word_1_293' title='bbox 1134 4308 1264 4385; x_wconf 83' lang='lat' dir='ltr'><strong>cosdem</strong></span> 
     </span>
    </p>
   </div>
   <div class='ocr_carea' id='block_1_6' title="bbox 0 0 1410 5064">
    <p class='ocr_par' dir='ltr' id='par_1_6' title="bbox 0 0 1410 5064">
     <span class='ocr_line' id='line_1_36' title="bbox 0 0 1410 5064; baseline 0 0"><span class='ocrx_word' id='word_1_294' title='bbox 0 0 1410 5064; x_wconf 95' lang='lat' dir='ltr'><strong> </strong></span> 
     </span>
    </p>
   </div>
  </div>
 </body>
</html>
