2796 5064
147 352 240 445 tao*
290 395 353 446 un.
367 393 414 444 ιιι.
433 392 521 445 stur.
538 391 668 443 ιιτιιιι.
687 391 727 443 or
745 389 857 445 rnnrss
876 391 971 444 uiro.
988 390 1125 453 cruor„
1159 446 1163 454 ,

146 513 309 588 dedomo
331 538 404 585 sua.
423 511 575 610 Cumque
601 535 740 608 egressa
766 509 907 584 alterum
925 488 1091 584 ‘maritum
1116 509 1266 600 duxerit,

144 646 177 702 et
195 629 253 702 ille
271 653 410 728 quoque
434 625 542 700 oderit
562 652 659 713 eam,
684 624 882 725 dederitque
895 626 926 698 ei
940 625 1091 699 libellum
1113 624 1266 725 repudii,

146 760 180 816 et
203 741 372 816 dimiserit
395 741 439 814 de
463 741 564 814 domo
590 767 673 827 sua,
697 739 749 812 vel
772 756 860 812 certe
883 756 1035 813 mortuus
1056 739 1181 827 luerit,
1202 765 1267 813 non

145 858 266 958 poterit
290 857 381 958 prior
400 857 541 930 maritus
563 856 713 955 recipere
729 882 803 929 eam
818 855 853 926 in
867 881 1023 928 uxorem:
1040 854 1123 955 quia
1140 853 1267 954 polluta

146 988 218 1060 est,
248 989 281 1045 et
306 969 546 1045 abominabilis
574 969 661 1044 lacta
687 987 739 1044 est
763 996 875 1044 coram
899 970 1080 1051 Domino.»

220 1087 437 1175 Quaererba
454 1087 497 1160 de
515 1087 737 1185 permissione
751 1113 813 1159 seu
829 1085 1039 1183 indulgentia
1051 1112 1073 1158 a
1084 1085 1158 1159 Deo
1179 1085 1267 1159 sucta

145 1202 189 1276 ob
210 1202 369 1275 duritiam
392 1201 505 1274 cordis
526 1200 729 1274 israeliticae
752 1201 880 1298 gentis,
902 1226 968 1274 non
990 1215 1101 1273 autem
1115 1200 1161 1273 de
1175 1224 1267 1299 pree·

143 1334 239 1417 cepto
265 1316 484 1414 intelligenda
509 1342 610 1404 esse,
640 1331 678 1388 ut
703 1315 890 1389 autumavit
913 1315 1079 1388 Lutherus
1108 1317 1202 1411 (tt),
1228 1340 1267 1388 ex

143 1431 278 1505 Christo
305 1431 491 1504 discimus:
523 1456 633 1530 neque
659 1429 702 1502 de
728 1427 793 1503 hoc
823 1429 893 1502 ulla
919 1443 971 1502 est
996 1428 1238 1503 controversia.

215 1547 281 1620 Sed
310 1572 433 1644 magna
462 1545 543 1620 olim
575 1545 788 1619 contentione
822 1544 908 1618 inter
943 1545 1038 1644 ipsos
1069 1544 1265 1618 iudaeorum

143 1662 297 1737 doctores
324 1687 364 1734 ac
390 1661 569 1757 magistros
604 1659 829 1761 disceptatum
854 1675 906 1732 est
929 1658 973 1732 de
994 1659 1029 1732 vi
1055 1658 1161 1732 huius
1191 1685 1266 1760 per·

142 1776 336 1863 missionis,
353 1775 463 1875 deque
480 1775 555 1847 eius
567 1773 802 1873 amplitudine.
818 1773 935 1846 Aetate
952 1774 1154 1872 praesertim
1168 1773 1263 1846 Chri·

144 1891 188 1964 sti
205 1890 339 1964 Domini
359 1890 514 1990 quaestio
539 1889 687 1963 fervebat
709 1889 795 1962 inter
814 1889 965 1962 scholam
989 1887 1214 1963 hillellianam
1231 1906 1265 1965 ot

144 2031 395 2091 sammcanam,
425 2005 467 2076 de
492 2031 634 2103 quarum
671 2003 863 2077 scholarum
897 2002 1033 2103 placitis
1065 2031 1130 2078 suo
1164 2004 1261 2094 tooo,

143 2137 243 2218 prout
264 2146 350 2218 opus
369 2120 448 2205 tuit,
470 2118 600 2218 aliquid
626 2119 826 2218 scripsimus
845 2120 936 2214 (oo).
953 2117 1085 2192 Exinde
1110 2118 1261 2211 nonnulli

141 2234 338 2308 existimant
363 2234 486 2307 laetum
512 2259 588 2307 csse
614 2249 650 2306 ut
676 2234 844 2334 pharisaei
863 2260 883 2306 a
900 2234 1089 2323 Salvatore,
1114 2234 1263 2334 quidde

141 2376 182 2424 ea
211 2349 413 2448 quaestione
443 2350 517 2449 ipse
549 2349 687 2422 sentiret
720 2350 979 2447 interrogatione
1007 2350 1259 2449 exquisierint:

145 2465 213 2536 «Si
239 2463 316 2536 licet
340 2464 468 2536 homini
503 2464 670 2536 dimittere
698 2490 836 2537 uxorem
861 2491 957 2537 suam
983 2491 1200 2566 quacumque
1222 2492 1260 2540 ex

142 2606 246 2652 causa
272 2577 388 2675 (dllln
407 2579 492 2652 inter
522 2579 721 2652 recentiores
748 2579 846 2652 etiam
874 2579 987 2653 adhue
1011 2581 1102 2678 viget
1128 2598 1263 2656 sentcn-

143 2695 265 2769 tiarum
289 2695 471 2769 dissensio.

213 2810 308 2883 llatio
331 2810 434 2883 huius
457 2810 685 2884 'dissensionis
706 2827 778 2883 orta
801 2827 852 2885 est
872 2813 1086 2913 potissimum
1100 2839 1142 2886 ex
1161 2816 1263 2889 inter·

140 2922 324 3022 pretatione
348 2921 529 2995 hebraicae
552 2922 645 2995 vocis
681 2941 755 3032 *133
790 2942 885 3032 tut-*pp
928 2933 944 3018 (
956 2926 1092 2999 lrerootlt
1129 2927 1259 3025 dolor)

140 3064 243 3137 quam
261 3037 398 3134 vulgata
416 3038 563 3110 reddidit
579 3038 726 3136 aliquam
742 3039 945 3138 foeditatem,
967 3058 1057 3116 etex
1083 3042 1164 3117 aliis
1189 3070 1262 3119 verr·

139 3151 213 3225 bis:
237 3155 318 3250 quio
327 3154 459 3252 polluto
474 3170 521 3227 cst
534 3168 564 3224 ot
577 3153 805 3227 abominabilis
817 3156 908 3254 sacta
921 3171 968 3229 ost
981 3183 1090 3230 coram
1106 3159 1258 3233 Domino.

213 3267 333 3366 ltaque
360 3283 439 3339 sunt
464 3266 521 3367 qui
548 3284 688 3340 censent
719 3268 805 3339 nihil
836 3270 962 3344 Mosem
989 3273 1081 3346 circa
1108 3273 1259 3349 libellum

140 3380 272 3481 repudii
299 3384 535 3470 constituisse,
563 3409 640 3455 oum
667 3384 734 3455 iam
759 3384 816 3457 hic
841 3413 923 3474 usu,
952 3402 985 3460 et
1014 3391 1261 3464 consuetudine

142 3514 211 3568 tum
238 3497 328 3595 apud
361 3496 509 3597 reliquos
535 3499 701 3597 populos,
731 3516 800 3573 tum
827 3503 916 3600 apud
940 3503 1107 3579 hebraeos
1140 3506 1256 3606 ipsos,

140 3612 339 3709 praesertim
365 3638 406 3685 ex
432 3611 531 3709 longa
550 3612 657 3706 huius
676 3613 791 3712 populi
808 3616 899 3715 apud
916 3619 1093 3718 aegyptios
1111 3646 1259 3695 commo-

139 3724 267 3797 ratione
279 3724 483 3799 obtinuisset
499 3729 586 3824 (62).
605 3728 700 3800 quta
714 3728 851 3803 istorum
867 3731 1028 3829 placitum
1043 3760 1171 3811 sensus
1186 3763 1258 3812 ver·

211 3928 261 3990 (59)
277 3930 305 3979 ln
317 3941 362 3978 sua
376 3930 488 3980 versione
499 3932 637 3993 germanica
651 3933 795 3984 Bibliorum.

211 4007 262 4150 (sps)
278 4010 312 4138 qn
327 4008 452 4096 praelect.
466 4010 576 4074 theotoo.
591 4014 677 4063 tract.
692 4013 725 4063 do
740 4017 858 4068 motrtm.
873 4031 927 4080 cap.
943 4021 975 4068 11.
992 4033 1065 4084 prop.
1075 4022 1107 4072 V.
1121 4022 1149 4073 iu
1160 4026 1213 4075 tt'ot
1223 4019 1258 4075 od

136 4101 204 4152 ἀρ’
214 4126 267 4230 (ni
280 4125 370 4220 niorto.
383 4171 447 4219 xix.
461 4179 484 4222 a.

213 4249 262 4310 (ot)
279 4250 316 4299 lta
333 4249 369 4299 lo.
382 4249 461 4300 David
477 4250 602 4302 Michaelis
625 4252 649 4301 in
671 4266 712 4315 op.
731 4267 806 4317 germ.
828 4259 876 4308 Ius
891 4261 1043 4312 mosaicum.
1058 4265 1124 4324 orn.
1137 4265 1170 4317 tt.
1183 4263 1221 4316 od.
1231 4268 1253 4313 t.

140 4328 290 4379 Francoturt.
308 4334 374 4380 1776.
386 4342 440 4392 pag.
454 4338 508 4381 stt.
