2796 5064
141 352 210 425 ltu
285 375 347 426 un.
359 374 408 424 m.
424 373 511 425 sscr.
527 373 658 424 surum.
676 372 716 423 cs
732 370 846 424 mures.
863 375 959 426 ulra.
977 373 1101 428 euersa

139 519 180 568 uc
203 494 332 568 iustitis
357 492 422 567 hoc
447 494 481 565 in
507 464 589 566 casu
616 517 683 567 non
709 493 792 566 sinit
815 510 1020 568 muuactum
1044 495 1223 570 discindis

138 635 246 709 eoque
273 607 415 682 resilire.
441 608 510 680 lam
540 632 618 681 sero
647 608 814 683 eiusmodi
846 608 1007 682 damnum
1037 612 1073 683 in
1105 613 1223 710 couiuq

138 723 360 798 dissolutione
377 722 554 824 multiplici
572 748 613 796 ex
629 724 740 822 capite
757 726 958 823 proveniret.
975 725 1146 825 Coniuges
1164 727 1223 801 eni:

137 838 311 913 vinculum
337 855 531 913 contraxere
555 838 734 937 coniugale
758 840 802 914 ad
829 842 1053 940 procreandos
1077 842 1223 916 instiutor

136 953 267 1055 dosque
292 953 381 1028 lilios
405 953 476 1028 lico
501 979 541 1029 sc
566 954 741 1042 societati;
762 968 798 1028 at
814 981 893 1030 uero
910 956 1010 1045 filiis,
1031 957 1223 1055 roligionis

139 1069 318 1169 oietatique
341 1069 504 1144 damnum
521 1096 562 1144 ex
581 1069 749 1145 solutione
774 1071 923 1169 coniugii
953 1073 1145 1149 immineret
1162 1075 1222 1170 (88

212 1184 329 1285 Neque
353 1185 407 1259 ius
433 1184 584 1259 tribuunt
607 1184 761 1260 solvendi
786 1186 933 1285 coniugii
965 1204 1025 1260 aut
1053 1189 1164 1275 rixse,
1196 1213 1223 1262 ai

137 1298 216 1373 odia
240 1314 374 1387 mutuu;
398 1297 550 1398 alioquin
576 1325 644 1375 non
670 1300 738 1373 iam
765 1300 906 1375 rationis
931 1301 1050 1388 ductu,
1078 1301 1142 1375 sed
1164 1326 1223 1402 cup

137 1412 253 1487 ditatis
277 1412 500 1512 utilitatisque
524 1412 715 1514 personalis
745 1429 937 1489 contractus
967 1415 1045 1488 iniri
1076 1416 1223 1490 consino

139 1546 241 1602 retur.
261 1528 388 1628 Ecquis
414 1553 513 1627 porro
537 1529 662 1602 diceret
687 1554 788 1628 posse
813 1529 968 1603 militiam
992 1529 1104 1602 deseri
1130 1527 1175 1602 ob
1202 1530 1223 1602 ir

138 1642 331 1729 commoda,
350 1643 491 1742 quaein
510 1641 568 1715 illa
587 1641 796 1741 professione
817 1642 1056 1717 inveniuntur?
1079 1643 1175 1717 Idem
1198 1643 1223 1717 d

141 1757 185 1833 de
202 1757 352 1859 quolibet
369 1772 458 1832 statu
476 1757 530 1830 cui
548 1757 627 1857 quis
645 1759 841 1858 praesertim
859 1757 963 1831 libere
984 1783 1061 1832 sese
1078 1757 1223 1833 addixit·

139 1874 353 1974 mancipavit.
378 1871 431 1947 Ob
457 1870 664 1946 individuale
689 1872 935 1947 incommodum
960 1891 1019 1947 aut
1041 1873 1223 1972 persousls

138 1989 326 2063 molestiam
353 1986 475 2061 resiliri
502 1988 618 2087 nequit
642 2014 662 2060 a
686 2002 855 2061 eontracta
879 1987 1100 2085 obligatione,
1128 1987 1190 2061 ubi
1212 2014 1223 2061 t

138 2102 304 2176 eiusmodi
321 2127 461 2199 egressu
478 2100 638 2174 damnum
657 2100 753 2175 tertio
772 2101 971 2189 immineret,
988 2119 1088 2202 prout
1103 2101 1223 2177 diximt

140 2218 266 2308 soboli,
294 2217 515 2318 societatique
540 2217 697 2317 publicae
721 2245 762 2291 ex
787 2219 935 2316 coniugii
961 2218 1130 2292 solutione
1153 2217 1223 2292 obn

139 2336 225 2409 nire.
247 2335 363 2422 Ratio,
391 2360 461 2433 qua
484 2334 571 2409 duce
594 2335 698 2408 initur
722 2335 779 2408 bic
803 2352 1013 2423 contractus,
1039 2334 1142 2410 debet
1159 2361 1223 2436 cup

138 2451 301 2527 ditatibus
331 2450 517 2551 imperare,
546 2452 663 2551 eisque
688 2452 840 2525 fraenum
867 2451 1004 2525 iniicere
1016 2508 1031 2538 ,.
1059 2467 1163 2550 atque
1194 2477 1223 2527 et

139 2567 297 2642 oobibere
314 2595 357 2643 ne
373 2569 408 2640 in
426 2567 551 2641 mulum
568 2567 762 2668 prosiliant,
786 2583 885 2666 prout
902 2567 937 2639 in
954 2566 1075 2640 oetcms
1091 2567 1223 2641 omnibu

139 2683 212 2758 lieri
238 2684 339 2759 debet
359 2686 450 2781 (tt).

211 2801 278 2875 Nec
302 2800 410 2874 deluit
433 2800 493 2900 qui
520 2815 720 2900 opponeret;
742 2799 771 2873 si
799 2825 854 2874 res
880 2800 927 2872 ita
945 2825 982 2872 ss
998 2797 1117 2884 bubet,
1138 2817 1177 2873 ut
1197 2824 1223 2874 ot

137 2931 259 3015 guntur
288 2915 447 3013 coniuges
472 2915 508 2987 in
532 2914 698 2990 eiusmodi
727 2928 816 2988 statu
843 2912 991 2988 uiolento
1015 2938 1223 3013 perseveram

139 3033 233 3130 gravi
254 3030 429 3107 homicidii
454 3030 556 3104 etium
583 3028 739 3129 patrandi
762 3029 934 3103 tentationi
954 3028 1077 3126 exponi
1100 3054 1223 3127 possen

212 3235 264 3297 (ts)
282 3237 344 3298 ltrgo
358 3247 483 3298 perparum
495 3232 617 3283 Puteudoi
628 3246 668 3298 op.
679 3235 704 3282 et
713 3233 760 3283 loc.
773 3233 817 3283 cit.
826 3233 850 3298 §.
860 3241 898 3286 tl.
907 3232 1045 3283 concludit:
1057 3253 1069 3275 ι
1079 3235 1145 3296 Ergo
1154 3231 1223 3283 diros

140 3315 204 3364 iusta
214 3327 289 3364 musa
298 3314 361 3377 erlt,
373 3314 394 3364 sl
405 3326 469 3364 uxor
479 3313 550 3363 elteri
563 3313 673 3376 corporis
683 3312 721 3362 sui
734 3313 829 3377 copiam
840 3312 952 3375 lecerit3»
960 3315 985 3363 et
995 3312 1069 3376 paulo
1079 3314 1152 3378 post:
1162 3314 1223 3364 acet

139 3395 221 3445 munis
235 3396 361 3457 pacwrum
374 3396 462 3443 ustura
473 3394 523 3454 est,
535 3394 564 3442 ut
574 3392 674 3456 quando
684 3406 798 3457 unapars
809 3394 990 3443 conventisnon
998 3392 1078 3455 stetit,
1086 3404 1169 3456 neque
1178 3391 1223 3443 alu

138 3475 246 3540 emplius
260 3475 379 3525 tenatur.
391 3475 423 3524 Et
434 3473 552 3524 luctenus
566 3471 680 3536 quidem,
689 3474 717 3523 ot
728 3487 777 3524 non
786 3473 866 3523 solum
882 3473 945 3522 laese
956 3485 1014 3537 pars
1022 3485 1078 3522 eum
1090 3471 1185 3535 perfide
1196 3484 1223 3523 ou

139 3554 195 3618 iuge
205 3567 255 3603 non
266 3552 373 3616 emplius
384 3554 494 3603 leuatur
505 3549 655 3611 cohabitare,
664 3551 706 3602 sod
716 3554 740 3602 et
749 3552 828 3602 laesae
839 3550 902 3615 parti
916 3550 1019 3602 transire
1032 3549 1064 3600 ed
1076 3549 1187 3601 secunda
1195 3562 1223 3601 ru

211 3712 262 3775 (³9)
279 3715 312 3762 ltu
329 3711 367 3763 bis
378 3710 482 3762 diluitur
492 3710 559 3776 quod
570 3712 691 3763 sentiam
702 3711 800 3762 locuit.
811 3711 922 3762 obtrudit
935 3711 1011 3761 veluti
1022 3709 1175 3774 absurdum,
1186 3723 1223 3775 qu

139 3791 165 3841 in
180 3793 307 3841 contractu
328 3790 452 3853 coniugali
475 3791 582 3842 ineundo
605 3790 716 3841 clausula
733 3790 874 3840 includatur
888 3790 919 3840 de
934 3790 1108 3853 perpetuitatc;
1122 3793 1223 3854 postque

138 3871 204 3921 enlm
216 3869 344 3920 coustituit
363 3869 432 3919 iuxta
450 3871 552 3919 naturae
565 3871 650 3919 vonum
661 3883 715 3920 esse
728 3869 833 3931 coniugii
849 3869 1045 3933 perpetuitatem,
1062 3868 1162 3919 subdit:
1175 3870 1223 3920 «Ut

138 3965 187 4016 que
205 3950 370 4015 penseruiton
387 3951 409 4001 si
426 3950 451 4001 le
466 3950 555 4000 tamma
571 3964 584 4013 y
599 3950 703 4012 ajoutait
718 3952 782 4001 cette
795 3951 890 4000 clause:
904 3975 912 3986 ·
926 3949 945 3999 ll
961 3962 992 3999 ue
1008 3962 1049 3999 me
1066 3962 1122 4000 sert
1136 3962 1182 4013 pst
1193 3946 1223 3999 lu

138 4031 215 4081 d'ttre
234 4029 312 4094 quiite
332 4028 363 4079 de
378 4029 425 4090 toi,
446 4028 634 4079 dussions·nous
653 4029 748 4079 arrirer
760 4029 776 4078 t
790 4041 852 4078 nous
867 4028 920 4078 heir
933 4030 1032 4091 nutent,
1049 4041 1099 4090 que
1114 4040 1179 4078 nous
1192 4040 1223 4078 no

138 4111 233 4162 aimone
243 4124 258 4160 s
269 4109 401 4175 presenti·
414 4111 468 4160 Une
484 4110 542 4161 telle
554 4109 681 4160 condition
695 4109 776 4173 peralt
791 4122 825 4158 un
841 4110 895 4159 acte
909 4107 1102 4172 dimetienda
1116 4120 1133 4158 a
1148 4107 1222 4172 quelq

138 4192 212 4242 eirosc
227 4191 259 4241 de
273 4188 463 4241 contmdictolre
473 4192 498 4240 et
511 4189 661 4252 d'ebsurde,
678 4190 721 4253 qui
737 4190 833 4253 citoque
849 4202 880 4239 su
898 4188 1004 4252 prunier
1018 4201 1084 4252 mun
1097 4188 1180 4238 d'oeil:
1197 4187 1223 4237 to

138 4271 161 4320 le
177 4270 266 4321 monde
281 4268 453 4320 s'sccorderuit
467 4267 482 4317 t
497 4268 610 4332 rogerdcr
623 4282 657 4319 un
673 4268 749 4332 parsil
767 4282 821 4319 voeu
838 4282 934 4318 comme
948 4267 1078 4318 temdrmre
1094 4269 1119 4319 et
1136 4266 1152 4316 i
1168 4278 1223 4332 psas

139 4363 186 4413 qua
202 4349 344 4400 l‘tonanite
360 4348 413 4399 doit
429 4349 452 4399 le
465 4347 524 4398 taire
539 4347 642 4399 abolus·
