2796 5064
226 354 293 425 llo
368 377 429 427 UB-
446 376 492 426 lll.
509 375 597 427 8801·
612 376 743 426 aarum.
760 377 799 427 uu
812 377 923 427 vuulss.
940 378 1036 428 mil.
1054 378 1184 429 dunler.

224 512 335 567 umen
348 519 483 581 eorum,
498 493 556 594 qui
575 493 846 581 adducebantur,
867 495 934 568 alio
953 521 1057 568 seusu
1076 494 1210 569 locutos
1229 497 1333 581 luisse,

224 607 315 707 quod
336 605 392 681 ille
413 607 523 706 palam
549 607 627 680 lecit
651 634 765 681 eorum
793 608 895 682 dictis
921 608 1092 708 expensis.
1119 610 1163 680 Et
1179 636 1263 683 sane
1277 637 1337 683 ore

223 723 332 796 ditum
357 740 432 810 est,
462 723 492 797 si
515 722 658 797 Cuestae
688 723 781 796 locus
807 723 969 822 loquendi
997 723 1085 795 inter
1111 725 1243 822 primos
1267 725 1340 799 obti-

223 836 349 934 gisset,
375 835 464 911 siout
481 837 568 910 inter
590 852 774 936 postremos
800 837 984 911 debebatur
1009 838 1044 908 iu
1071 856 1261 926 conventu,
1281 857 1343 913 tan·

224 969 293 1025 turn
319 951 423 1025 abeo
448 978 622 1027 numerum
648 952 854 1026 asseclarum
882 969 1084 1051 pertractum
1112 953 1182 1038 iri,
1204 972 1341 1052 quantus

223 1067 266 1139 ad
282 1065 498 1141 refellendam
512 1067 704 1171 petitionem
723 1067 807 1142 satis
826 1067 959 1142 luisset.
981 1069 1102 1141 llcrum
1127 1069 1246 1168 reipsa
1258 1069 1341 1168 plura

223 1182 385 1280 suffragia
411 1199 671 1270 consenserunt,
700 1200 737 1257 ut
761 1181 951 1257 oratoribus
979 1182 1213 1256 satisfieret.»

299 1298 373 1368 «ln
398 1323 467 1397 quo
488 1298 606 1371 Suavis
633 1296 781 1393 (Paulus
808 1296 974 1396 Sarpius)
999 1295 1132 1395 duplici
1154 1296 1287 1371 laborat
1302 1298 1341 1369 vi·

223 1413 293 1500 tio,
317 1412 441 1512 primo,
462 1413 544 1514 quia
561 1412 724 1486 describit
749 1429 886 1486 venetos
905 1438 971 1485 non
991 1412 1127 1511 quidem
1148 1439 1257 1513 supra
1276 1412 1341 1485 alla

224 1545 291 1601 tam
308 1553 427 1601 vocum
442 1527 659 1600 mutationem
675 1542 921 1625 proponentes,
939 1523 999 1599 sed
1014 1525 1115 1624 quasi
1131 1526 1340 1600 mutationem

223 1640 406 1742 quamdam
431 1641 466 1712 iu
487 1665 607 1738 genere
638 1639 867 1739 postulantes,
896 1664 964 1738 qua
988 1639 1122 1735 graecis
1158 1640 1340 1714 consulere

224 1774 288 1830 tur.
318 1757 405 1830 Hinc
429 1782 509 1830 vero
534 1755 714 1841 audacior,
741 1754 952 1854 progreditur
976 1755 1019 1827 ad
1041 1755 1257 1853 carpendum
1275 1782 1341 1829 oon—

222 1871 359 1960 cilium,
380 1873 479 1973 quasi
498 1872 710 1972 complexum
728 1871 947 1943 mutationem
965 1883 1121 1953 aeream,
1143 1887 1178 1943 et
1195 1870 1340 1944 utilitatis

223 1987 430 2087 effectusque
442 2013 582 2061 vacuam
598 2045 606 2072 ,
623 1986 704 2059 dum
729 2002 864 2071 narrat,
891 2012 909 2058 a
926 1984 1098 2084 plerisque
1115 2011 1186 2058 nou
1204 1985 1339 2059 discerni

223 2101 306 2200 quid
328 2102 415 2174 inter
438 2101 583 2201 priorem
606 2117 640 2172 et
656 2100 876 2199 posteriorem
894 2098 1035 2171 lormam
1055 2098 1258 2184 interesset,
1283 2125 1338 2171 rem

224 2230 335 2287 tamen
362 2213 480 2287 maiori
507 2230 640 2311 patrum
666 2239 806 2286 numero
830 2213 1018 2286 remissam.
1046 2212 1112 2285 Sed
1142 2238 1213 2286 uon
1245 2213 1339 2287 solun

223 2355 338 2403 revera
364 2329 546 2402 discrimen
572 2329 703 2416 inerat,
732 2328 889 2429 quamvis
915 2326 1094 2415 subtilius,
1126 2330 1191 2401 sed
1221 2328 1339 2402 etiamsi

223 2470 290 2517 non
317 2445 461 2529 inesset,
482 2443 736 2518 convenientius
759 2444 879 2517 luisset
905 2441 1112 2542 reipublicae
1131 2445 1335 2518 satisfacere.

223 2585 296 2632 cam
321 2559 536 2634 mutationem
566 2561 707 2658 potenti,
730 2559 786 2631 uli
817 2584 875 2658 per
899 2585 973 2630 cam
997 2584 1110 2632 merus
1134 2586 1264 2643 sonus,
1286 2586 1338 2632 noo

222 2693 333 2750 autem
366 2676 568 2774 significatio
598 2677 782 2748 variaretur
821 2677 909 2769 (32).
930 2706 946 2743 n
982 2674 1157 2747 Hactenus
1194 2676 1338 2749 historic

223 2793 388 2891 graphus.

295 2909 344 2980 Ex
370 2935 438 3007 qua
463 2908 605 2980 historia
631 2908 795 2981 discimus
824 2907 1079 2979 tridentinorum
1107 2927 1246 3004 patrum
1265 2933 1337 2978 mco·

223 3039 288 3094 tem
314 3023 408 3121 prius
427 3023 533 3096 luisse
550 3023 692 3094 definire
709 3022 827 3094 directe
849 3021 1142 3094 indissolutioncm
1162 3020 1336 3118 coniugalis

221 3136 346 3208 vinculi
376 3138 410 3207 in
437 3163 520 3210 casu
546 3136 726 3221 adulterii,
755 3135 878 3207 dciudc
903 3135 1135 3209 odoratorum
1156 3155 1337 3210 venetorum

222 3249 522 3347 expostulationem
550 3277 589 3323 ac
616 3277 733 3348 procos
764 3249 915 3322 camdem
944 3277 1012 3323 reru
1044 3250 1205 3324 indirecte
1242 3269 1338 3352 patres

222 3362 430 3435 definivisse.
461 3365 549 3438 Satis
569 3391 648 3438 vero
675 3391 735 3462 pro
761 3364 894 3437 concilii
920 3389 1022 3463 scopo
1039 3364 1217 3438 veritatem
1244 3366 1286 3438 de
1303 3367 1340 3435 in·

221 3476 482 3551 dissolubilitatc
512 3481 636 3553 vinculi
673 3481 914 3553 interveniente
943 3480 1109 3554 adulterio
1133 3482 1336 3556 definivisse.

222 3595 350 3691 Scopus
379 3595 509 3692 quippo
533 3597 666 3668 concilii
697 3613 769 3669 orat
798 3596 949 3669 cumdem
977 3596 1155 3669 adstruere
1188 3600 1340 3671 adversus

222 3724 397 3781 novatores
422 3735 490 3782 sec.
513 3712 594 3781 lllll.
625 3713 682 3810 qui
713 3739 778 3785 non
803 3715 911 3785 solum
930 3712 1135 3785 contrarium
1163 3714 1337 3786 docebant.

221 3849 335 3895 verum
362 3825 463 3897 etiam
494 3825 557 3899 hac
579 3826 622 3899 de
641 3853 743 3899 causa
762 3827 965 3926 impetebant
982 3827 1148 3900 ccclesiae
1166 3829 1340 3901 catholicae

226 3940 434 4027 doctrinam,
451 3968 593 4041 eamque
606 3943 796 4042 tyrannidis
812 3943 1012 4016 incusabant
1028 3961 1061 4015 ct
1078 3947 1219 4017 erroris.
1238 3947 1340 4042 Neque

223 4067 333 4124 tamen
361 4056 511 4152 peporcit
535 4057 715 4128 concilium
735 4082 931 4153 graecorum
959 4058 1075 4154 praxi,
1105 4084 1196 4157 quae
1221 4060 1253 4131 ei
1279 4080 1340 4156 pm

223 4165 306 4239 lecto
334 4188 508 4267 perspecta
535 4188 624 4257 crat,
654 4172 713 4245 sed
740 4198 813 4244 eam
836 4172 937 4245 veluti
968 4173 1187 4269 evangelicae
1212 4190 1245 4247 ot
1269 4196 1340 4271 apo·

297 4320 345 4383 (aa.)
364 4322 432 4368 Illsl.
449 4333 520 4368 corre.
538 4320 600 4369 lrr'rl.
615 4320 656 4369 lib.
675 4323 750 4371 xllll.
766 4335 819 4384 carr.
835 4324 876 4370 lv.
893 4335 916 4371 n.
931 4326 1012 4372 ulcu.
