2796 5064
129 230 201 306 att
275 244 1100 306 un.m.sncr.mrm.osuoms.mn.nsusr.

125 370 182 450 bic
205 369 331 446 mentio
354 368 399 444 de
422 366 588 444 adulterio
616 367 791 458 inlicitur,
818 393 928 469 nequa
952 364 1149 443 affirmatur
1171 385 1243 470 post

125 486 359 562 dimissionem
391 485 627 585 episcopcrum
655 483 783 559 iudicio
808 484 956 572 iactam,
990 509 1120 559 novum
1150 508 1245 584 posse

126 602 205 676 iniri
229 598 449 700 coniugium
478 599 539 673 ssd
564 599 600 672 id
627 599 735 673 solum
761 624 869 675 canon
891 599 1074 700 prohibet,
1106 625 1152 674 aa
1175 599 1243 674 sine

34 768 43 787 .
125 742 230 792 cansa
255 717 292 791 in
316 715 441 789 iudicio
465 715 702 814 episcoporum
727 715 885 793 discussa
914 718 1079 815 coniuges
1107 715 1246 790 invicem

128 846 338 930 separentur.
900 916 905 925 Ι

210 943 337 1019 Eodem
366 945 400 1017 in
434 969 539 1018 censa
569 942 734 1017 babemus
760 969 838 1018 can.
866 945 910 1017 ll.
938 943 1077 1018 concilii
1111 944 1247 1018 venetici

127 1060 274 1134 ansul.
293 1059 382 1133 «llos
400 1085 554 1160 qunque,
575 1059 635 1159 qni
654 1057 783 1132 relictis
808 1058 971 1133 uxoribus
990 1059 1089 1146 suis,
1112 1059 1201 1132 sicut
1215 1058 1245 1131 in

127 1174 301 1273 euangelio
314 1173 450 1262 dieitur,
463 1188 602 1272 excepta
620 1198 725 1248 cansa
737 1172 982 1263 fornicationis,
999 1173 1079 1247 aina
1091 1173 1244 1248 adulterii

127 1289 342 1391 probatione:
360 1289 446 1363 alias
460 1287 635 1374 duxerint,
652 1287 832 1362 statuimus
849 1287 1126 1362 acommuuiona
1139 1288 1247 1362 simili·

97 1429 99 1432 ‘
127 1422 178 1481 tar
189 1406 367 1481 arcendos:
383 1432 426 1479 ne
439 1432 498 1506 per
509 1405 754 1504 indulgentiam
764 1421 912 1480 nostram
926 1407 1171 1506 praetermissa
1181 1431 1245 1507 pen

127 1537 223 1610 cata,
239 1521 325 1595 alios
342 1519 386 1594 ad
404 1520 575 1594 licentiam
592 1521 717 1595 erroris
729 1520 871 1594 invitent
891 1522 1034 1617 (247).»
1051 1519 1148 1595 ldem
1165 1521 1246 1595 enim

128 1635 173 1710 da
192 1636 258 1710 boc
277 1634 345 1710 dici
369 1651 496 1736 potest,
522 1661 562 1710 sc
586 1635 630 1709 dc
651 1660 779 1710 canone
801 1635 923 1736 synodi
947 1633 1168 1732 agathensis,
1188 1635 1249 1709 nisi.

128 1750 220 1852 quod
238 1749 303 1824 hoo
320 1751 356 1823 in
373 1774 502 1824 canona
518 1775 679 1849 expressa
695 1748 850 1822 adulterii
872 1749 911 1821 fit
927 1749 1074 1836 mentio;
1101 1749 1245 1849 adeoque

130 1866 289 1941 statuitur
301 1865 438 1967 quidem
453 1890 581 1966 poanaa
592 1864 959 1951 excommunicationis,
975 1880 1010 1937 et
1028 1865 1171 1965 quidem
1187 1880 1246 1939 ata·

131 1982 192 2055 tim
216 2007 275 2056 ecs
300 2007 378 2056 essa
404 1980 654 2070 subiiciendos,
683 1980 743 2080 qui
770 1981 844 2054 sina
872 1979 1024 2054 iudiciali
1057 1980 1247 2081 probatione

131 2097 286 2196 proprias
317 2122 439 2170 uxores
465 2096 637 2169 dimittunt
660 2110 698 2170 ut
719 2096 807 2170 alias
831 2095 979 2183 ducunt,
1007 2096 1152 2177 minime
1178 2119 1245 2173 rem

130 2211 317 2286 adstruitur
340 2228 418 2312 post
441 2211 581 2310 legalem
607 2211 841 2286 dimissionem
873 2212 998 2284 licitam
1021 2237 1104 2289 csse
1134 2236 1244 2288 novum

130 2327 301 2402 celebrare
324 2327 542 2425 coniugium,
570 2327 726 2427 quamvis
744 2327 861 2427 utique
878 2326 943 2401 boc
960 2326 1057 2400 innui
1078 2327 1239 2402 videatur.

205 2443 297 2516 ldem
314 2459 387 2518 esto
405 2443 568 2517 iudicium
586 2443 629 2516 dc
646 2442 764 2517 Alcimi
783 2443 870 2515 Aviti
888 2443 1088 2518 viennensis
1105 2440 1244 2545 episcopi

130 2559 230 2634 elfato
256 2560 290 2630 in
316 2560 418 2659 epist.
434 2560 545 2634 llLlll.
573 2559 616 2632 ad
635 2559 937 2646 Ansanmundum‚
962 2558 1020 2631 ubi
1049 2560 1193 2660 loquens
1209 2557 1244 2630 de

132 2674 318 2748 adulterio:
351 2673 637 2774 «propterquod
665 2673 792 2760 solum,
822 2673 951 2772 inquit,
980 2674 1074 2747 Deus
1107 2672 1245 2774 separari

130 2790 239 2866 virum
266 2791 427 2889 permittit
451 2817 472 2863 a
500 2790 642 2886 coniuge
672 2790 823 2885 (248).»
853 2790 936 2861 Nam
964 2788 993 2862 si
1023 2788 1131 2863 verba
1161 2800 1247 2890 prout

133 2905 243 2980 iacent
267 2920 479 3005 spectentur,
514 2930 581 2977 non
612 2902 705 2976 aliud
733 2903 950 3001 significant,
980 2930 1084 3003 quam
1112 2904 1246 2978 fornica·

133 3020 257 3094 tionem
284 3021 356 3094 sire
382 3018 582 3093 adulterium
609 3017 715 3092 solam
740 3043 817 3091 esse
842 3043 979 3091 eausam
1004 3044 1025 3091 a
1046 3018 1185 3093 Christo
1200 3042 1247 3091 us·

134 3135 300 3233 signatam
326 3163 386 3237 pro
408 3134 556 3233 legitima
581 3133 760 3231 coniugum
788 3134 1019 3233 separatione3
1042 3135 1137 3233 quod
1160 3156 1246 3207 nemo

134 3273 295 3347 umquam
319 3249 492 3322 inficiatus*
507 3264 559 3321 est
576 3247 861 3335 christianorum
883 3274 948 3322 non
967 3263 1080 3321 autem
1100 3249 1247 3322 tributam

133 3386 211 3437 esse
235 3363 424 3438 facultatem
445 3390 566 3438 novum
593 3362 784 3437 celebrandi
812 3363 1005 3460 coniugium
1031 3389 1140 3438 uxore
1165 3360 1247 3438 adul·

133 3492 225 3567 tara,
245 3478 298 3553 vel
322 3480 395 3553 viro
421 3478 572 3553 adultero
599 3480 776 3579 supersita.
806 3480 922 3578 Neque
946 3505 986 3551 ex
1013 3494 1083 3553 toto
1101 3495 1247 3554 contextu

134 3591 222 3667 Aviti
246 3593 357 3692 colligi
383 3609 509 3692 potest,
540 3596 652 3695 ipsum
675 3594 866 3692 significare
890 3592 1041 3669 voluissa
1058 3596 1186 3670 vinculi
1204 3618 1247 3668 so

137 3707 318 3797 lotionem,
348 3710 390 3785 de
410 3736 477 3811 qua
505 3709 589 3783 nihil
616 3709 759 3783 habetur
784 3711 818 3781 in
845 3726 914 3784 tota
937 3710 1085 3809 epistola
1106 3714 1215 3809 (ult).

214 3972 281 4036 (²47)
296 3972 359 4025 lbid.
374 3975 421 4025 ccl.
437 3977 491 4026 797.

211 4053 278 4113 (tiu)
293 4054 321 4104 lo
340 4053 552 4106 secessiones.
566 4058 638 4118 potr.
652 4055 764 4118 Lugdnn.
783 4058 851 4105 1677.
864 4055 924 4105 tom.
938 4056 981 4103 lx.
994 4065 1052 4116 pag.
1068 4059 1124 4104 est.
1138 4052 1186 4103 ool.
1198 4058 1218 4102 t.

211 4131 277 4193 (tia)
293 4133 357 4183 lllnc
375 4133 472 4184 admitti
491 4135 576 4197 nequit
595 4134 662 4198 qnod
684 4136 708 4184 in
728 4135 795 4186 nolis
815 4134 846 4184 ad
868 4135 933 4183 lrnoc
952 4132 1019 4184 artu
1040 4132 1163 4197 epistolae
1173 4132 1245 4182 locun

135 4207 174 4257 air
182 4207 270 4260 doctus
282 4212 330 4261 lac.
342 4212 487 4263 Sirmondos
495 4212 600 4277 scripsit:
612 4215 690 4264 allino
699 4216 782 4278 patet,
793 4225 936 4278 persuasum
948 4211 1032 4263 adbuc
1043 4212 1097 4264 illis
1105 4209 1245 4276 tesupcnbus
