2796 5064
145 353 212 424 trs
287 370 349 423 nn.
367 370 414 422 ιιι.
431 369 519 421 sacr.
533 368 665 420 aaroni.
682 368 721 419 or
735 368 847 421 mnrss
863 369 960 422 nra.
977 368 1103 421 onamr.

143 488 376 567 sanctionibus
390 487 626 587 episcoporum
645 486 842 573 latinorum,
863 488 899 559 in
911 512 1058 586 quornm
1077 487 1258 587 provinciis

144 633 204 681 seu
230 602 443 678 dioecesibus
474 601 585 699 graeci
611 600 758 699 degunt,
780 601 1030 689 assentiamur,
1058 600 1162 701 plura
1189 618 1261 677 sunt

143 740 232 820 quaa
255 717 401 792 obstant.

199 832 266 927 ‚Ac
291 835 326 904 1.
356 830 468 905 obstat
491 830 622 903 sanctio
639 829 838 916 tridentina,
860 856 948 928 quae
965 829 1127 904 definivit
1150 857 1190 905 ac
1211 831 1259 906 de

144 948 302 1034 claravit,
332 973 399 1020 non
433 971 534 1044 posse
566 945 706 1018 dissolvi
732 944 945 1018 matrimonia
969 962 1112 1043 proptor
1139 945 1258 1020 adulte-

145 1067 231 1136 rium
247 1063 341 1135 iuxta
358 1061 544 1137 doctrinam
556 1060 784 1157 evangelicam
801 1075 834 1133 et
850 1060 1094 1160 apostolicam,
1116 1061 1259 1161 adeoque

144 1178 209 1251 nisi
235 1178 347 1251 dicere
371 1175 515 1249 velimus
532 1175 710 1248 ecclesiam
736 1174 960 1249 universalem
986 1177 1057 1274 pati
1084 1203 1209 1275 posse,
1225 1195 1257 1250 nt

146 1309 261 1367 contra
286 1293 472 1366 doctrinam
496 1289 723 1388 evangelicam
748 1306 784 1363 et
806 1290 1024 1390 apostolicam
1050 1292 1254 1366 matrimonia

147 1426 223 1506 post
255 1407 395 1505 legalem
430 1406 584 1480 adulterii
617 1404 847 1505 probationem
880 1406 1103 1493 dirimantur,
1139 1423 1173 1481 et
1201 1407 1257 1480 alia

144 1521 318 1608 ineantur,
340 1520 486 1620 prolecto
504 1519 696 1594 reiiciamus
720 1545 860 1594 necesse
880 1535 933 1593 est
955 1520 1128 1594 eiusmodi
1153 1522 1256 1596 distin·

143 1635 286 1708 ctionem
316 1632 576 1708 inter‘divortia
601 1633 689 1707 sacta
714 1633 851 1732 propria
876 1659 938 1706 seu
967 1633 1102 1733 privata
1132 1635 1257 1709 auctori·

144 1765 229 1836 tate,
257 1765 290 1822 et
313 1748 457 1823 divortia
481 1775 570 1848 quae
595 1748 679 1821 fiant
703 1765 781 1847 post
805 1748 984 1822 iuridieam
1008 1749 1173 1823 adulterii
1196 1775 1256 1851 pro

144 1862 313 1936 badomm
346 1862 517 1962 latamque
547 1888 570 1934 a
600 1861 691 1934 civili
723 1878 783 1935 aut
812 1860 1044 1936 ecclesiastiea
1073 1864 1259 1937 auctoriam

146 1978 367 2052 sententiam:
389 1976 473 2050 baec
496 1977 586 2051 enim
613 1977 660 2050 rei
686 1976 909 2051 substantiam
928 1976 1126 2052 nullatenus
1151 1978 1256 2051 immn-

147 2108 230 2166 tant.
260 2091 419 2191 Alioquin
444 2092 618 2165 admittere
642 2091 840 2166 deberemus
866 2092 957 2192 quod
986 2091 1093 2193 paulo
1123 2110 1200 2169 ante
1219 2092 1257 2167 ei·

147 2222 235 2279 tatus
260 2223 378 2280 auctor
399 2207 647 2282 dissertationis
670 2208 720 2279 Da
736 2206 886 2280 divortiis
903 2206 939 2279 in
963 2208 1111 2282 Βαιιιιία
1127 2208 1254 2292 affntiit,

146 2318 324 2393 eeclesiam
350 2335 478 2392 tanturn
504 2320 573 2394 illis
598 2320 775 2394 anathema
792 2320 855 2394 hoo
871 2344 1002 2395 canone
1022 2322 1098 2395 Vll.
1119 2323 1254 2407 dixisse,

145 2435 203 2534 qui
231 2434 477 2508 matrimonium
505 2435 540 2505 in
565 2461 648 2508 casu
673 2435 826 2509 adulterii
853 2437 988 2534 proprio
1012 2453 1106 2510 motu
1131 2436 1255 2512 dissolri

147 2576 247 2650 posse
264 2566 464 2622 assererent.
486 2549 559 2623 Hoc
573 2576 652 2623 vero
669 2567 831 2649 quantum
848 2578 869 2623 a
886 2576 965 2626 varo
989 2551 1155 2641 abludat,
1174 2577 1256 2626 nemo

147 2664 388 2739 catholicorum
412 2681 484 2752 ost,
505 2663 563 2762 qui
590 2689 655 2736 non
682 2664 805 2736 videat.
834 2666 872 2736 ln
897 2665 941 2737 iis
966 2665 1060 2738 enim
1078 2694 1169 2767 quae
1192 2680 1256 2739 snnt

147 2797 262 2853 eontra
287 2781 471 2853 doctrinam
496 2778 723 2876 evangelicam
749 2794 783 2852 et
807 2779 1044 2879 apostolicam,
1066 2808 1130 2855 seu
1156 2798 1254 2856 contra

145 2896 318 2968 veritatem
343 2894 506 2968 divinitus
532 2894 711 2966 revelatam
731 2893 823 2968 nulla
848 2895 920 2967 fieri
939 2912 1051 2995 potest
1069 2898 1250 2972 transactio.

220 3010 254 3079 2.
284 3007 405 3082 Obstat
422 3008 614 3082 constitutio
631 3007 811 3081 Clementis
829 3009 914 3079 lllll.
936 3010 994 3108 qui
1013 3013 1183 3111 praecipit
1197 3009 1255 3108 epi·

146 3122 259 3222 scopis
285 3122 418 3210 latinis,
441 3123 476 3194 in
502 3148 645 3222 quorum
672 3122 885 3196 dioecesibus
910 3125 1022 3219 graeci
1043 3151 1128 3198 suas
1146 3126 1255 3198 habent

146 3235 308 3307 ecclesias
326 3262 475 3334 suosque
501 3237 585 3308 ritus
612 3252 764 3323 servant,
784 3252 821 3308 ut
839 3236 924 3308 inter
948 3238 1115 3335 coniuges
1133 3263 1254 3337 graecos

147 3349 361 3422 matrimonia
377 3350 507 3436 dirimi,
524 3377 585 3423 sau
604 3350 748 3423 divortia
765 3351 876 3450 quoad
894 3351 1069 3424 vinculum
1088 3355 1163 3429 fieri
1180 3353 1255 3425 nollo

147 3462 240 3535 modo
266 3468 459 3562 permittant
476 3483 534 3538 aut
552 3468 741 3565 patiantur,
767 3484 800 3539 et
817 3468 847 3539 si
865 3494 932 3566 qua
949 3467 992 3540 do
1008 3468 1100 3543 lacto
1118 3494 1256 3570 praeces

146 3579 267 3664 serint,
287 3606 327 3651 aa
353 3578 503 3653 nullast
529 3582 624 3654 irrita
649 3583 829 3655 declarant.
852 3584 953 3656 Porro
978 3585 1007 3656 si
1034 3586 1129 3658 uallo
1156 3584 1252 3665 roob,

145 3720 224 3790 ergo
250 3721 358 3793 neque
384 3698 520 3794 proprio
546 3716 656 3783 motu,
679 3725 788 3797 neque
804 3698 905 3796 legali
924 3701 1095 3773 sententia
1117 3700 1254 3795 disiungi

145 3808 189 3881 ob
208 3810 408 3883 adulterium
425 3812 537 3910 quoad
555 3813 727 3885 vinculum
745 3813 956 3886 matrimonia
974 3834 1135 3914 possunt.
1157 3819 1191 3888 Si
1208 3841 1254 3914 qut

146 3925 286 4022 proinde
311 3925 459 4024 episcopi
488 3928 559 3999 suis
578 3927 751 4026 synodicis
769 3928 1001 4001 sanctionibus
1028 3931 1065 4001 id
1082 3958 1189 4004 unum
1211 3956 1255 4002 ca·

146 4056 285 4125 verunt,
307 4066 349 4112 ne
375 4042 485 4114 mariti
504 4044 699 4116 auctoritate
718 4044 873 4142 propria,
895 4043 1058 4144 nullaque
1081 4047 1255 4145 praemissa

149 4156 332 4242 sententia,
353 4175 411 4230 aut
436 4159 540 4231 forma
567 4160 680 4231 iudicii
711 4187 832 4234 uxores
850 4160 1006 4233 adulterii
1027 4180 1202 4261 praetextu
1216 4158 1254 4232 di·

146 4267 330 4353 mitterent,
350 4287 384 4342 at
408 4272 503 4344 novis
528 4271 687 4371 deinceps
714 4273 874 4347 uxoribus
901 4274 1144 4371 iungerentur,
1171 4288 1253 4379 prout
