2796 5064
231 248 300 322 ιιι
350 268 413 321 ιιι.
434 267 483 320 ιι.
503 266 591 320 rrcr.
611 266 742 318 ιιιιιι.
764 266 804 317 ιι
821 264 934 318 nnus.
955 265 1054 317 nrm.
1072 264 1201 319 cnmsr.

302 386 414 462 'lertio
438 412 506 460 ιιι
531 384 693 459 deliciunt
709 411 750 458 ex
769 399 864 484 perte
881 382 1107 459 solemnitatis
1127 382 1340 484 professionis

228 501 429 602 religiosae,
452 500 516 574 etsi
543 497 739 574 solemnitas
767 498 897 574 formali
924 524 1028 572 sensu
1053 519 1198 599 accepta
1218 503 1342 603 sequio-

229 616 325 690 ribus
357 630 487 689 tantum
522 612 647 687 seculis
672 612 716 685 ad
745 612 873 687 abusus
908 612 1099 699 tollendos,
1131 630 1192 688 aut
1222 640 1345 715 praeca-

229 730 359 806 vendos
384 728 521 802 inducta
543 728 608 815 sit;
633 727 799 828 professio
824 725 983 825 religiosa
1007 727 1121 828 quoad
1148 755 1251 802 suam
1277 729 1345 803 sub

231 846 390 922 stantiam
422 870 607 944 numquam
634 868 701 916 non
731 842 877 916 obtinuit
901 843 936 914 in
962 843 1089 916 Christi
1117 843 1291 930 ecclesia,
1314 870 1345 917 ιι

231 986 300 1062 qun
324 986 445 1059 nempe
469 957 665 1056 evangelica
687 958 831 1032 consilia
848 957 893 1031 ab
912 957 1110 1032 bominibus
1137 958 1346 1059 perfectionis

232 1073 396 1148 studiosis
425 1073 559 1146 luerunt
583 1072 618 1144 in
634 1073 775 1172 praxim
802 1070 948 1146 deducta
964 1075 1054 1168 (73).
1072 1073 1160 1146 Cum
1185 1100 1268 1149 vero
1292 1098 1346 1147 ιιι

232 1188 353 1263 modus
377 1185 584 1287 profitendae
608 1185 822 1284 evangelicae
846 1185 1082 1287 perfectionis,
1109 1188 1175 1262 sed
1201 1215 1260 1263 res
1284 1189 1347 1288 ipsa

233 1303 297 1391 sit,
324 1326 433 1402 quae,
460 1301 508 1373 ita
532 1300 667 1374 Christo
690 1299 841 1384 uolente,
864 1300 1060 1398 coniugium
1087 1319 1204 1375 ratum
1222 1302 1347 1375 dirimat

233 1417 299 1492 sub
324 1415 487 1490 ecciesiae
511 1413 712 1502 directione,
743 1441 862 1514 pamm
890 1414 1008 1503 refert,
1036 1416 1128 1515 quod
1153 1416 1280 1491 modus
1295 1417 1347 1490 iste

234 1531 423 1631 antiquitus
451 1554 519 1602 non
547 1528 743 1603 obtinuerit.
772 1529 835 1602 llic
865 1529 1015 1604 delectus
1044 1554 1112 1603 non
1151 1530 1348 1629 impediebat

234 1646 415 1747 quominus
445 1642 612 1743 professio
644 1643 804 1742 religiosa
828 1670 869 1718 ex
900 1670 938 1718 se
963 1644 1056 1717 bunc
1080 1644 1288 1744 produceret
1310 1645 1347 1719 el·

234 1761 369 1836 lectum.
381 1759 458 1832 Dixi
471 1759 531 1831 sub
545 1759 696 1833 eeclesiae
713 1759 907 1845 directione,
924 1786 1003 1833 nam
1016 1759 1128 1860 ipsius
1142 1777 1220 1834 eret
1237 1788 1347 1862 expen

234 1876 333 1965 dere,
354 1892 465 1950 utrum
483 1901 601 1950 omnes
618 1876 829 1950 conditiones
854 1892 1107 1964 concurrerent,
1133 1903 1230 1976 quae
1252 1876 1349 1977 requi

236 2009 356 2066 runtur
372 1991 416 2065 sd
433 1991 545 2066 valide
562 2017 602 2065 ac
619 1991 710 2066 licite
734 1991 929 2089 coniugium
955 1989 1234 2066 dissolvendum.
1251 1995 1349 2090 longe

234 2107 455 2181 verisimilius
479 2122 531 2180 est
556 2122 692 2181 sanctos
716 2122 776 2181 aut
800 2121 936 2180 sanctas
961 2106 1005 2179 ab
1036 2106 1195 2208 episcopi
1227 2126 1287 2182 aut
1309 2133 1350 2180 ιι

236 2221 382 2297 cerdotis
397 2220 441 2294 ad
459 2220 494 2294 id
514 2221 685 2297 constituti
702 2236 784 2293 nutu
804 2220 839 2292 in
858 2220 1073 2320 perfectionis
1093 2223 1275 2322 proposito
1291 2247 1350 2296 ser

236 2336 368 2424 vando,
401 2352 435 2410 et
462 2351 590 2436 partem
624 2335 726 2408 etiam
760 2333 910 2409 relictam
940 2335 976 2407 in
1010 2335 1109 2408 novis
1135 2336 1350 2411 ‘celebrandis

237 2452 365 2553 nuptiis
389 2452 536 2525 directos
560 2450 679 2523 luisse.
706 2452 773 2523 Nec
794 2451 884 2523 enim
907 2450 973 2524 ista
993 2451 1206 2550 privatorum
1224 2451 1352 2527 arbitrio

237 2567 438 2642 dimittenda
465 2584 556 2640 sunt.

309 2684 448 2757 llomsni
467 2709 566 2782 porro
583 2682 775 2781 pontifices,
792 2683 841 2755 uti
859 2683 928 2756 iam
946 2684 1158 2767 monuimus,
1179 2686 1267 2756 nibil
1286 2683 1351 2757 nori

237 2799 421 2872 intulerunt
438 2798 581 2870 decretis
600 2798 695 2883 suis,
721 2797 781 2870 sed
799 2825 839 2871 ea
861 2815 1045 2871 sanxerunt
1061 2824 1153 2897 quae
1172 2801 1352 2900 antiquitus

237 2914 365 2988 iamdiu
390 2914 425 2985 in
452 2941 518 2986 usu
541 2927 656 2998 erant,
678 2939 717 2985 ac
739 2912 844 2984 dubia
868 2939 956 3013 quae
974 2940 994 2985 a
1012 2911 1191 2986 nonnullis
1219 2915 1352 2988 excitata

238 3047 319 3102 sunt
335 3029 505 3102 traditioni
525 3027 660 3101 divinae
678 3027 782 3099 innixi
802 3027 1041 3114 dissolverunt,
1058 3044 1096 3099 ut
1108 3055 1152 3101 ex
1166 3029 1352 3104 eorumdem

238 3143 448 3216 decretorum
481 3143 593 3216 verbis
624 3142 840 3215 manifestum
866 3158 928 3216 cst.
954 3143 988 3213 Si
1016 3169 1086 3242 qua
1110 3145 1353 3244 Scripturarum

237 3258 338 3332 effata
356 3260 481 3358 opponi
502 3259 719 3344 uidebantur,
736 3285 776 3330 ea
789 3258 996 3357 interpretati
1010 3275 1106 3345 sunt,
1123 3276 1159 3331 et
1173 3287 1245 3360 quo
1262 3284 1353 3334 sensu

311 3495 361 3556 (7³)
376 3495 414 3544 Cf.
427 3497 515 3544 suarez
528 3497 565 3545 Dc
577 3496 714 3559 relicioric,
731 3499 791 3547 tom.
806 3500 849 3546 lli.
863 3497 905 3546 lib.
918 3496 961 3545 tii.
972 3508 1026 3558 rap.
1038 3501 1061 3543 ι.
1072 3493 1116 3542 ιιι
1130 3496 1247 3558 apposite
1260 3490 1356 3544 mind

238 3575 312 3625 reriit
322 3597 334 3619 a
343 3574 412 3625 aliud
422 3588 474 3624 esse
486 3576 553 3638 loqui
564 3575 594 3624 de
605 3579 669 3625 statu
686 3578 798 3640 religioso
811 3591 871 3640 puro
885 3590 914 3626 ac
931 3574 1011 3634 nudo,
1026 3575 1108 3636 quoad
1125 3586 1155 3623 ea
1173 3588 1240 3639 quae
1255 3575 1355 3623 substan·

238 3655 308 3705 tielin
323 3657 396 3716 snut;
414 3655 484 3704 aliud
497 3669 556 3703 vcro
574 3668 628 3704 esse
647 3656 714 3718 loqui
734 3657 764 3706 de
783 3657 827 3705 illo
847 3659 874 3704 ut
896 3655 1057 3704 determinato
1073 3653 1105 3702 ad
1124 3659 1221 3705 certam
1240 3653 1356 3718 regulam,

238 3746 281 3783 scu
303 3737 396 3784 certum
420 3733 519 3783 vivendi
543 3733 659 3795 modum,
682 3735 719 3784 rel
740 3734 807 3797 quod
827 3733 927 3797 perinde
946 3734 997 3794 est,
1015 3732 1152 3781 uitalibus
1174 3730 1357 3783 circumstantiis

238 3813 379 3862 vestitum.»
389 3815 444 3869 Qua
457 3812 615 3861 distinctione
629 3814 778 3875 constituta,
799 3813 906 3862 ailtrmat
923 3815 1013 3862 statum
1033 3810 1163 3874 religionis
1177 3812 1312 3862 mnndum
1324 3822 1356 3868 re,

197 3909 204 3923 ·
237 3893 262 3940 ei
278 3893 360 3954 quoad
379 3891 540 3941 substantiam
561 3891 592 3940 ab
611 3893 665 3954 ipso
685 3892 784 3941 Christo
806 3892 912 3940 Domino
928 3891 1068 3940 immediate
1086 3889 1211 3941 traditum
1229 3894 1256 3941 et
1270 3888 1355 3940 institue

238 3975 292 4020 tum
303 3972 476 4035 iuisee,atque
487 3972 521 4021 lta
532 3972 580 4021 dici
596 3985 666 4034 poseo
683 3972 714 4021 de
733 3972 785 4021 iuro
807 3985 860 4022 esse
878 3972 962 4021 divino
982 3984 1031 4020 non
1050 3971 1234 4034 praecipiente,
1252 3969 1295 4022 red
1307 3980 1355 4018 eor·

239 4051 340 4101 sulente.
362 4055 430 4109 Quae
450 4053 549 4114 quidem
570 4052 660 4102 deinde
674 4055 699 4101 et
714 4053 843 4103 coufirmat
858 4051 1003 4102 auctoritate
1027 4051 1235 4113 gravissimorum
1256 4051 1354 4100 rirom

239 4132 430 4194 catholicorum,
454 4135 479 4181 et
500 4132 616 4182 ecclesiae
634 4135 731 4194 patruni
747 4169 753 4193 ,
772 4134 847 4196 atque
866 4132 977 4195 pluribus
996 4131 1134 4182 rationibus
1153 4131 1250 4183 evolvit
1261 4135 1355 4183 near

240 4213 277 4259 ιιι
290 4211 314 4259 ιι
326 4211 401 4260 totius
412 4213 500 4274 capitis
510 4213 624 4262 decursu.
