2796 5064
206 406 388 459 murinus
406 405 504 459 seusu
522 406 614 456 rain.
626 405 688 455 cm.
701 405 815 455 aruns.
828 405 925 455 utra.
941 406 1010 454 mr.
1024 406 1048 455 1.
1130 384 1198 454 339

107 526 239 612 urerit,
269 526 333 600 hoc
356 525 430 625 ipso
447 522 590 598 exclusit
607 525 715 623 ipsam
733 523 833 595 etiam
851 547 988 595 causam
1013 525 1202 598 fornicatio

108 639 149 713 is.
167 640 246 714 Huc
271 638 401 712 secedit
424 638 657 711 innocentium
675 637 810 737 saepius
828 635 939 709 dicere
956 638 1135 711 foeminam
1153 639 1203 710 al-

107 754 144 825 tri
175 753 360 826 nubentem
389 752 461 826 lore
482 750 696 837 adulteram,
724 752 785 823 etsi
804 750 976 848 repudium
1001 755 1158 850 occeperit
1182 781 1202 825 a

107 893 160 942 ero
178 868 327 953 mamto,
347 866 413 940 etsi
431 865 642 938 dissociatum
658 867 703 937 sit
719 866 922 962 oouiupium,
943 881 977 938 et
994 867 1132 939 similia.
1154 869 1202 939 Ex

107 982 210 1057 uibus
235 980 344 1056 multo
366 982 475 1078 magis
491 996 598 1080 patet,
623 980 653 1055 si
675 979 908 1054 dimissionem
925 997 1060 1080 propter
1077 981 1204 1054 adulte

107 1095 171 1169 ium
190 1094 427 1195 excipiendam
445 1094 652 1181 iudicasset,
675 1119 814 1167 necesse
831 1094 968 1168 omnino
986 1094 1107 1183 luisse,
1129 1097 1203 1170 eius

107 1211 291 1285 ansonem
317 1209 438 1283 lacere.
460 1209 552 1282 llaec
568 1224 664 1282 erant
681 1235 702 1282 a
718 1209 817 1282 nobis
838 1209 1133 1283 animadvertenda
1158 1211 1202 1282 ad

107 1325 227 1399 aunoii
253 1324 544 1422 tergiversationes
566 1323 859 1424 preoccupaudas,
881 1325 1033 1423 quicum
1061 1326 1204 1398 senserit
1317 1368 1331 1395 .

107 1464 122 1514 a
143 1439 336 1514 lnuooentii
360 1438 556 1513 auctoritate
573 1438 699 1536 premi,
720 1463 852 1511 omnem
875 1463 912 1510 se
929 1438 964 1509 in
981 1454 1108 1537 partem
1133 1466 1204 1511 ver-

107 1555 141 1641 it,
170 1569 212 1627 ut
227 1579 305 1627 eam
326 1552 463 1640 eludat;
484 1579 585 1652 quem
606 1551 663 1624 alii
680 1552 781 1626 etiam
800 1553 905 1627 secuti
922 1569 1021 1640 sunt,
1042 1554 1103 1627 sed
1128 1581 1204 1653 per-

107 1694 202 1744 stam
224 1670 338 1765 (186).

156 1785 223 1858 His
248 1809 316 1858 non
341 1798 519 1858 contentus
548 1784 763 1858 innocentius
789 1783 914 1858 elarius
930 1783 1043 1857 adhuc
1059 1800 1203 1857 mentem

107 1926 187 1974 nam
205 1898 358 1973 declarat
374 1899 409 1970 in
429 1899 530 1998 epist.
547 1898 591 1972 ad
608 1899 820 1986 victricium,
841 1900 877 1971 in
895 1926 963 1999 que
979 1899 1110 1972 unicam
1129 1924 1205 1973 eau-

107 2041 160 2090 am
177 2013 358 2092 solutionis
376 2014 523 2110 coniugii
536 2014 579 2087 ad
596 2031 779 2088 ceterarum
797 2014 945 2089 omnium
958 2014 1200 2101 exclusionem,

107 2155 210 2230 smpe
234 2143 376 2204 mortem
403 2128 568 2226 assignat.
593 2128 787 2202 Decretoria
817 2128 986 2228 siquidem
1021 2144 1101 2201 sunt
1129 2129 1203 2203 eius

107 2244 200 2319 aba:
226 2243 271 2317 Ut
288 2269 505 2343 quoecumque
523 2245 650 2317 uiuente
666 2247 737 2317 viro
754 2245 853 2317 ultori
866 2246 1032 2342 nupserit,
1049 2244 1206 2316 doleatur

107 2359 260 2442 dultero,
274 2384 341 2458 ⁴nac
367 2360 399 2431 ci
424 2358 568 2457 oqcndoc
589 2362 805 2457 poenitentioe
832 2360 962 2432 licentio
990 2359 1200 2443 concedatur,

107 2476 152 2547 isi
166 2499 255 2546 uuus
272 2499 314 2546 ec
330 2476 376 2546 cis
401 2473 571 2572 defunctus
589 2475 701 2572 suerit.
724 2474 812 2548 Hinc
830 2475 954 2547 lactum
972 2489 1040 2561 est,
1061 2490 1098 2547 ut
1119 2477 1205 2549 lau-

107 2590 185 2664 oius
211 2588 279 2661 hoe
303 2588 531 2663 testimonium
558 2588 841 2674 dissimulaverit,
870 2614 910 2661 ae
936 2588 1056 2688 reliqui
1080 2590 1206 2687 pariter

107 2730 162 2778 um
181 2705 261 2802 ipso
279 2703 412 2778 silentio
430 2703 514 2776 illud
532 2719 704 2803 premant,
726 2731 766 2777 eo
784 2703 874 2802 quod
893 2701 1019 2775 nullam
1043 2701 1134 2777 illius
1151 2706 1203 2777 vis

107 2816 276 2892 ludendae
296 2817 386 2890 viam
412 2817 612 2891 invenerint.

160 2932 258 3018 Quae
283 2957 361 3005 eum
387 2930 434 3002 ita
455 2956 493 3004 se
517 2930 681 3019 habeant,
712 2931 879 3031 reliquum
904 2948 973 3018 est,
995 2948 1032 3005 ut
1054 2933 1205 3032 inquira-

107 3072 164 3120 nus
190 3045 276 3145 quid
301 3045 368 3119 sibi
385 3044 528 3120 voluerit
544 3047 760 3120 lnuooentius
778 3072 839 3146 per
854 3045 957 3119 verba
974 3045 1033 3119 illa
1055 3045 1205 3119 inciden-

107 3162 134 3237 ia
159 3162 196 3233 in
222 3160 325 3259 epist.
352 3160 396 3234 ad
420 3161 586 3235 Probum:
615 3189 672 3234 neo
693 3162 833 3235 diuortio
854 3164 966 3234 secu.
987 3161 1147 3234 Auctores
1169 3161 1205 3232 in

107 3275 223 3351 dorum
259 3277 533 3376 interpretatione
565 3277 601 3350 iu
635 3278 787 3352 diversas
819 3277 973 3352 abierunt
1003 3278 1200 3352 sententias.

107 3390 250 3465 lruditus
265 3389 427 3464 Gonzalez
445 3407 560 3466 censet
571 3418 611 3466 ea
623 3421 641 3462 a
654 3392 828 3467 reserenda
846 3418 922 3466 esse
935 3393 978 3465 ad
991 3418 1120 3480 casum,
1137 3418 1205 3493 quo

157 3558 226 3623 (iss)
242 3559 339 3610 Etcum
349 3561 474 3610 launoius
485 3561 573 3626 spuit.
579 3564 643 3625 part.
655 3564 698 3611 ili.
710 3575 763 3626 cap.
775 3564 805 3611 v.
816 3575 871 3626 pag.
883 3569 937 3613 sot.
950 3562 1077 3613 concludit
1087 3565 1203 3613 innocen·

107 3653 149 3691 ι
156 3639 355 3692 utintelteatase
364 3639 500 3690 clausulam
511 3641 598 3691 Matth.
610 3640 914 3706 exceptosmtcottouts
925 3654 1019 3704 causo,
1029 3642 1088 3705 quta
1096 3642 1207 3706 alioquin

107 3721 138 3772 in
153 3719 237 3771 sidat
249 3720 388 3783 intulisset;
403 3721 462 3784 quia
477 3721 577 3784 iusuper
591 3725 705 3773 uoottott
721 3723 830 3785 siconia
846 3723 995 3785 studuisset;
1006 3723 1065 3786 quia
1081 3723 1207 3786 respondit

107 3801 223 3865 superio
233 3800 314 3863 ipsum
325 3800 483 3864 interroganti
492 3801 524 3851 de
530 3802 632 3864 repudio
644 3803 676 3852 ob
686 3803 746 3852 alias
757 3815 853 3866 causas,
865 3815 939 3865 quam
950 3805 1049 3866 propter
1058 3802 1206 3852 adulterium

107 3884 157 3944 ito,
172 3880 247 3945 qnasi
261 3893 349 3944 nuspa
359 3881 508 3944 ignoraverit
520 3883 671 3945 Exsuperius
682 3883 749 3946 quod
766 3882 834 3932 omni
850 3883 937 3945 legenti
954 3883 1113 3945 Evangeiium
1123 3884 1148 3932 et
1157 3884 1206 3946 epi·

107 3963 163 4013 'aias
184 3961 256 4011 Pauli
274 3961 430 4012 mtissimum
446 3965 510 4025 erat,
523 3961 556 4012 ob
569 3962 647 4013 solam
663 3975 761 4013 esuum
781 3963 896 4014 adulterii
912 3976 982 4027 posse
992 3963 1084 4012 dimitti
1096 3974 1206 4012 uxorem.

154 4039 232 4092 (taisi
242 4040 333 4091 missit
341 4042 511 4092 inuocantium
522 4042 677 4106 respondisse
687 4044 821 4107 Ersupsrio
833 4043 967 4093 actuum
978 4044 1009 4093 de
1018 4045 1099 4093 camis
1110 4041 1206 4105 repudii

107 4119 337 4184 melosinae
346 4121 637 4175 manturanum
644 4125 721 4187 esset,
732 4136 789 4175 cum
798 4124 863 4188 leges
871 4137 986 4175 romanas
995 4124 1059 4174 iuter
1069 4124 1114 4174 iras
1119 4135 1206 4173 causas

107 4201 254 4252 cauerint
269 4199 432 4265 molismum,
451 4202 577 4254 debuisset
594 4204 750 4254 innocentius
767 4203 913 4268 respondere
927 4217 1013 4255 musas
1023 4203 1056 4253 ad
1067 4203 1205 4254 iaciendum

107 4281 222 4333 aarum
235 4295 251 4333 a
262 4294 326 4332 rom.
339 4281 433 4346 iegibus
444 4282 579 4348 assignatas
592 4297 678 4334 omnes
689 4283 787 4335 illicitas
796 4297 849 4335 csse
858 4285 954 4349 praeter
966 4297 1058 4337 cusum
1068 4282 1205 4336 adulterit.

109 4362 157 4413 sias
175 4363 235 4414 sunt
250 4361 373 4426 umentes
384 4361 636 4415 sceioeiaevioctrinaa
646 4360 848 4428 impugnatores!

1088 4444 1109 4487 s
