2796 5064
139 323 207 393 296
258 344 319 394 nrn.
341 343 388 394 ru.
409 343 496 393 sacr.
518 342 647 392 surana.
670 343 710 392 nn
728 342 839 393 rnnrss.
861 341 1098 394 nara-enarer.

139 478 341 561 pugnantem
363 486 438 533 cum
457 459 581 532 Christi
603 459 731 544 verbis,
753 473 787 531 et
806 484 881 531 cum
903 458 1056 532 doctrina
1080 484 1103 532 a
1128 485 1166 534 se
1187 462 1240 534 ite

138 602 211 648 rum
237 576 424 673 iterumque
450 573 587 661 tradita,
611 573 761 672 adeoque
784 596 851 646 non
874 571 961 644 favet
978 572 1124 646 divortio
1141 574 1241 672 quoad

137 687 307 763 vinculum
327 687 370 761 ob
387 687 587 760 adulterium
602 717 610 773 ;
633 687 661 760 si
680 712 760 760 vero
784 685 931 784 loquitur
948 686 991 758 de
1007 686 1244 761 consuetudine

138 804 385 889 ecclesiastica,
403 819 482 875 tunc
498 803 568 898 agit
579 800 687 875 solum
706 802 748 874 de
765 800 976 900 separatione
993 801 1109 899 quoad
1123 817 1242 887 torum,

138 918 290 1017 adeoquo
314 942 446 990 rursum
465 915 564 990 nobis
581 941 647 990 non
667 915 881 1001 adversatum
910 915 979 988 imo
1002 930 1037 988 et
1061 915 1176 1014 ipsum
1192 915 1246 988 ha·

138 1031 257 1105 bemus
283 1031 485 1103 adsertorem
511 1044 545 1102 et
564 1044 682 1102 testem
703 1029 875 1102 doctrinae
890 1027 1106 1125 evangelicae
1125 1045 1159 1101 et
1174 1053 1247 1129 apo

138 1143 274 1218 stolioae
299 1145 413 1239 (tue).
650 1205 653 1208 ,

211 1257 308 1344 Quod
335 1283 414 1331 vero
432 1274 560 1355 spectat
584 1255 634 1330 ad
649 1283 724 1330 ean.
740 1257 827 1329 XXI.
850 1257 879 1330 is
901 1257 1025 1330 directe
1042 1257 1087 1329 ad
1107 1283 1178 1329 rem
1195 1282 1249 1331 no

138 1397 240 1456 stram
268 1407 334 1455 non
360 1380 457 1468 facit,
491 1380 693 1480 exhibetque
719 1381 916 1455 sententiam
941 1405 1081 1479 prorsus
1109 1379 1248 1478 singula·

138 1520 227 1582 rom,
252 1495 343 1593 quod
361 1495 414 1568 vir
439 1520 560 1594 nempe
585 1494 798 1568 matrimonio
822 1494 953 1568 vinctus
980 1519 1046 1567 non
1071 1519 1113 1567 se
1130 1494 1250 1592 polluat

138 1609 322 1695 adulterio,
350 1610 380 1683 si
406 1635 482 1682 oum
508 1609 617 1684 soluta
641 1610 834 1684 fornicetur.
862 1608 977 1682 Canon
1002 1634 1082 1682 vero
1110 1609 1245 1680 xnvlrt.

138 1724 284 1797 continet
307 1740 420 1822 aperte
445 1723 630 1797 doctrinam
656 1724 698 1796 de
723 1721 1019 1797 indissolubilitate
1043 1722 1194 1820 coniugii
1217 1722 1247 1792 in

138 1839 210 1910 viro
223 1856 256 1912 et
269 1838 420 1926 muliere,
436 1838 640 1938 inseruitque
653 1840 773 1914 canoni
786 1839 843 1911 lx.
854 1839 916 1912 rite
927 1838 1128 1937 exponendo
1137 1839 1245 1932 (idi).

628 2095 664 2195 g.
686 2096 759 2167 xrr.

508 2329 544 2378 De
557 2340 577 2377 s.
590 2326 709 2390 Gregorio
722 2328 875 2378 nazianzeno.

212 2527 349 2600 Breviue
370 2526 576 2600 disseremus
602 2527 644 2600 de
661 2553 690 2600 s.
713 2528 870 2624 Gregorio
896 2527 1104 2599 nazianzeno
1131 2553 1248 2624 cogno·

140 2655 251 2712 mento
274 2640 427 2737 theologo
444 2667 473 2712 s.
495 2641 608 2714 Basilii
637 2641 727 2715 socio
753 2657 786 2713 et
809 2640 928 2712 amico.
950 2638 1085 2712 Nullum
1112 2642 1247 2714 dubium

139 2755 219 2852 quin
248 2755 321 2853 ipse
338 2755 522 2828 doctrinam
540 2757 583 2828 de
600 2754 897 2829 indissolubilitate
914 2755 1103 2852 coniugalis
1130 2757 1247 2830 vinculi

139 2868 174 2938 in
200 2894 281 2941 oasu
307 2868 460 2942 adulterii
489 2870 757 2969 propugnaverit.
787 2869 858 2942 Hac
884 2869 927 2941 de
956 2894 1061 2942 causa
1083 2870 1249 2944 invehitur

138 2981 173 3051 in
190 2981 281 3078 loges
299 2983 428 3071 civiles,
446 3009 533 3082 quae
554 3010 591 3056 se
608 3010 647 3057 se
664 2982 925 3079 indulgentiores
943 2982 1159 3058 exhibuerint
1175 3009 1247 3081 erga

137 3096 247 3183 viros,
268 3099 452 3171 severiores
475 3125 554 3172 vero
578 3125 657 3195 erge
681 3098 851 3171 mulieres.

211 3211 266 3282 Sic
291 3212 381 3282 enim
408 3211 556 3310 loquitur
573 3214 722 3285 oratione
743 3213 858 3283 XXXI.
883 3212 1008 3283 «Circa
1026 3211 1117 3285 hanc
1139 3218 1247 3312 (quae-

139 3322 300 3415 stionem)
331 3324 508 3422 pleresque
533 3324 619 3398 mele
645 3326 782 3398 affectos
808 3351 924 3411 cerno,
950 3350 989 3398 ao
1012 3325 1122 3422 legem
1140 3351 1245 3399 eorum

139 3437 301 3536 iniquam,
327 3465 389 3512 nec
414 3439 479 3511 sibi
506 3457 724 3514 constantem.
743 3443 831 3528 Quid
850 3442 939 3514 enim
957 3468 1081 3515 causae
1099 3442 1175 3529 suit,
1194 3468 1246 3516 our

138 3552 312 3624 mulierem
339 3568 518 3641 coerceret,
544 3558 663 3630 marito
690 3574 806 3631 contra
836 3555 1025 3652 indulgeret
1040 3584 1188 3657 cumque
1211 3557 1246 3627 li-

139 3665 255 3739 berum
290 3666 515 3766 relinqueret?
544 3671 586 3744 Et
612 3671 731 3744 mulier
757 3670 911 3769 quidem,
944 3697 1032 3770 quae
1062 3672 1243 3771 improbum

209 3932 274 3993 (10³)
291 3933 415 3983 Immerito
434 3933 507 3996 igitur
526 3935 643 3997 Binglram
665 3939 763 3999 orteia.
785 3936 928 3986 ecclesiast.
948 3936 1203 4001 tib.xx11.c.s.§.
1223 3944 1240 3984 1.

137 4027 191 4076 pag.
206 4021 259 4063 ³52.
274 4014 413 4076 Lauricius,
433 4016 518 4077 calvi,
538 4018 617 4065 Brenn
638 4019 683 4066 etc.
702 4017 765 4067 inter
781 4016 935 4068 adversarios
955 4016 1179 4069 indissolubilitatis
1193 4029 1241 4066 coo·

137 4095 224 4157 iugatis
244 4094 348 4144 foederis
370 4108 391 4144 s.
404 4096 522 4146 Basilium
542 4100 642 4148 ovantes
662 4101 794 4148 recensent.

213 4175 279 4235 (tot)
293 4175 331 4223 cs.
350 4174 499 4236 nroudium,
521 4176 564 4239 qui
584 4177 632 4228 loc.
652 4177 695 4227 cit.
713 4191 733 4227 s.
751 4178 835 4228 Basilii
856 4179 1024 4229 testimonium
1048 4187 1241 4243 quaquaversus

138 4252 267 4314 expendit,
286 4254 330 4304 etsi
352 4253 474 4305 interdum
494 4268 543 4305 non
567 4256 625 4306 satis
646 4256 757 4308 criticum
771 4272 797 4310 ee
819 4258 941 4310 exhibeat.
