2796 5064
245 368 313 440 ist
388 384 765 439 mauretaniarum.
785 357 954 462 nrssmnim.
969 384 1069 437 uara.
1087 382 1213 437 cumea.
1302 443 1306 451 ⁸

243 508 317 581 eius
340 504 492 592 haeresi,
517 521 576 578 aut
596 503 787 602 impietate,
812 518 870 576 aot
885 500 1062 577 sceleratis
1079 501 1234 576 moribus
1248 503 1343 603 inqui·

243 637 366 697 nentur
385 638 421 695 et
443 620 488 693 ad
511 633 684 719 peccatum
709 614 961 716 pertrahantur,
982 616 1035 691 vei
1062 643 1108 691 ne
1127 616 1174 691 ab
1197 642 1238 692 eo
1258 618 1346 692 inter-

246 739 414 813 ficiantur.
438 735 502 809 Sed
528 734 614 808 haec
638 734 807 833 separatio
832 735 871 807 iit
893 749 1022 806 tantum
1049 733 1144 821 iare,
1165 759 1209 808 aa
1230 734 1285 809 aia
1304 734 1350 806 da·

243 855 419 953 seminata,
436 878 504 927 non
522 866 633 924 autem
647 852 717 923 iura
733 850 972 923 matrimoniali
982 849 1028 923 ob
1040 848 1206 951 violatam
1218 849 1352 947 coniugii

245 969 359 1045 iidem.
385 967 480 1042 Unde
504 967 534 1041 si
561 964 746 1067 periculum
772 965 967 1039 huiusmodi
994 990 1062 1039 non
1090 964 1226 1051 subsit,
1254 964 1352 1039 iocum

243 1083 370 1159 hahere
398 1082 496 1157 debet
525 1081 617 1182 quod
638 1081 721 1154 dicit
741 1080 969 1181 Hieronymus
990 1080 1027 1152 in
1052 1080 1178 1155 hiatth.
1204 1080 1292 1153 xiii.
1316 1079 1352 1153 ad

245 1198 329 1273 iliud
346 1226 353 1270 :
370 1200 411 1272 Si
423 1201 471 1272 ita
491 1212 538 1271 cot
559 1197 817 1270 catechuminis
841 1210 900 1268 etc.
919 1222 927 1237 ·
956 1194 1063 1268 Grave
1078 1194 1213 1295 pandite
1224 1222 1353 1269 aaaron

245 1330 314 1402 cst,·
340 1317 373 1389 ei
395 1329 530 1413 accepta
555 1338 656 1386 cauea
680 1312 905 1412 fornicationis
921 1337 977 1384 aas
996 1310 1164 1385 dimittere
1180 1339 1247 1384 aaa
1271 1312 1350 1384 iicet:

247 1430 337 1518 Quid
359 1432 446 1503 caim
460 1432 494 1504 si
509 1429 681 1502 temulenta
698 1428 817 1527 suerit,
837 1428 870 1501 si
886 1425 1065 1512 iracunda,
1093 1429 1128 1501 ei
1142 1427 1246 1501 malie
1269 1427 1353 1499 mori·

249 1545 328 1630 im,
356 1548 388 1618 ei
413 1544 605 1628 luxoriosa,
638 1545 670 1616 ai
695 1543 830 1642 palaea,
858 1544 891 1615 ei
916 1567 1023 1640 naqa,
1057 1544 1092 1615 ai
1120 1542 1353 1641 irrigationi

246 1658 430 1746 maledica,
460 1659 596 1731 tacenda
615 1661 677 1732 erit
693 1658 878 1732 istiusmodi
884 1658 903 1729 9
923 1655 1091 1743 Voiamm,
1116 1657 1287 1744 ociorum,
1308 1682 1353 1730 ar

176 1790 179 1796 '
244 1774 397 1848 atinmda
420 1789 479 1847 cet.
509 1775 593 1847 Cam
615 1776 702 1846 mim
725 1799 863 1847 arsamus
882 1772 994 1859 libari,
1011 1772 1203 1847 volomtario
1218 1771 1353 1846 amath

249 1890 382 1962 iecimm
405 1889 557 1961 servituti
575 1889 664 1984 (it).

693 2056 901 2115 auricomis
922 2057 958 2112 ii.

250 2205 389 2269 nomina
408 2210 522 2269 concilii
541 2209 690 2270 tridentini
709 2210 746 2271 de
766 2211 946 2287 separatione
965 2208 1063 2287 quoad
1082 2215 1185 2269 torum
1205 2208 1349 2271 amiati

300 2307 439 2367 iuuenem
458 2307 496 2367 ob
516 2308 612 2384 piures
632 2324 736 2369 canses
757 2314 892 2369 manento
913 2306 1032 2369 vinonio
1058 2305 1098 2367 ab
1125 2307 1347 2369 adremmon

299 2400 521 2463 difficultatibus
543 2403 720 2465 vindicator.

320 2579 390 2652 lam
417 2580 609 2653 monuimus
629 2605 697 2653 seo.
718 2581 801 2652 xvi.
824 2595 1019 2665 novatores,
1040 2579 1171 2678 quibus
1187 2605 1277 2654 nunc
1293 2604 1355 2679 pne

247 2696 312 2770 sim
335 2695 500 2769 increduli
527 2721 566 2769 ac
583 2695 731 2769 libertini
750 2696 996 2781 assentiuntur,
1017 2694 1242 2770 abhorruisse
1258 2722 1279 2768 a
1293 2720 1355 2794 per·

246 2829 347 2911 petua
368 2827 425 2885 eut
447 2813 668 2911 temporaria,
698 2826 854 2884 manente
870 2811 1024 2898 vinculo,
1053 2812 1240 2910 coniugam
1271 2834 1354 2910 sepa

247 2929 392 3015 ratione,
409 2954 477 3027 quo
491 2927 622 3000 facilius
636 2926 767 3026 possint
779 2927 821 2998 ad
837 2952 923 3000 nova
934 2943 1010 3000 vota
1023 2928 1183 3001 transire.
1200 2927 1354 3002 Cononem

247 3060 422 3144 propterca
446 3045 532 3115 viii.
568 3030 701 3116 concilii
734 3042 904 3115 tridentini
940 3060 1137 3142 oppugnant
1168 3070 1212 3118 ac
1243 3045 1272 3118 si
1298 3066 1355 3114 ram

247 3184 368 3231 novam
395 3159 562 3245 sanxerit,
592 3183 632 3229 ac
657 3157 829 3229 doctrinae
849 3156 1063 3254 evangelicae
1087 3174 1123 3231 et
1144 3157 1353 3258 apostolicae,

248 3273 315 3346 imo
340 3273 440 3346 etiem
467 3273 610 3346 sanioris
645 3273 775 3346 ethicae
807 3299 845 3345 ac
869 3273 1006 3346 moralis
1032 3273 1215 3374 principiis
1240 3288 1356 3348 contru-

248 3387 344 3459 riam.
367 3386 601 3460 Calumniosas
622 3388 759 3463 omnino
783 3387 956 3487 salsasque
973 3412 1051 3460 esse
1067 3387 1242 3463 eiusmodi
1260 3390 1355 3487 impu·

248 3501 391 3575 tationes
411 3501 563 3574 evincere
589 3502 757 3575 distinctis
785 3502 1006 3601 paragraphis
1032 3501 1263 3599 aggredimur.

759 3706 797 3804 g.
827 3709 853 3777 i.

306 3903 424 3953 Doctrina
443 3904 545 3953 maenis
560 3905 627 3952 viil.
644 3904 733 3953 conciti
752 3901 905 3953 tridentioia
926 3903 983 3951 nota
999 3903 1128 3951 novitatis
1146 3901 1295 3952 vindicatio.

334 4072 540 4168 incognitam
571 4071 820 4145 ecclesiasticae
849 4069 1040 4170 antiquitati
1072 4071 1358 4169 separationemu

249 4204 320 4260 toro
340 4188 583 4288 convictuque,
601 4202 756 4260 manente
776 4185 944 4284 coniugali
970 4185 1129 4273 vinculo,
1152 4185 1247 4260 haud
1272 4177 1357 4286 pauci

326 4340 376 4402 (is)
393 4342 420 4390 in
442 4344 483 4390 iv.
496 4343 566 4391 sent.
582 4343 611 4389 D.
627 4341 723 4388 xxxv.
737 4338 759 4400 §.
775 4346 796 4388 t.
