2796 5064
327 365 398 418 err.
414 368 447 416 v.
464 367 504 417 or
521 367 630 418 sotor.
649 368 774 418 rursus.
793 369 887 420 arra.
905 371 975 419 rar.
990 369 1024 420 ιι.
1184 344 1250 418 tlt

136 487 289 586 recipere
312 500 491 586 patoretur.
512 480 614 558 Multo
639 511 717 559 voro
742 486 853 558 minus
872 486 937 559 sibi
961 513 1034 559 eam
1058 487 1251 561 reconcilia-

134 603 200 688 bit,
230 601 382 702 quae-in
406 600 494 674 male
519 618 675 701 suscepto
702 602 820 675 itinere
845 603 1026 688 consistat,
1058 596 1117 675 aut
1144 605 1251 678 conti-

135 743 238 791 nuem
264 716 307 790 de
327 742 371 790 se
394 717 621 814 suspicionem
648 716 805 816 praebeat
825 719 914 812 (33).

207 831 327 930 ltaque
345 855 411 904 non
430 828 497 903 alia
515 831 645 904 ratione
662 830 717 904 bis
736 830 834 904 malis
852 833 980 904 occurri
1001 849 1127 931 potest,
1149 861 1249 933 quam

133 944 359 1019 dissolutione
378 944 548 1045 perlecta,
578 972 646 1045 qua
671 945 811 1018 liberum
838 947 882 1018 sit
899 944 1082 1047 unicuique
1099 949 1142 1022 ad
1165 976 1251 1023 nova

136 1061 283 1134 transire
305 1075 394 1136 vota.
423 1061 539 1161 Neque
563 1061 683 1134 exinde
708 1061 892 1162 periculum
925 1063 1078 1137 imminet
1105 1064 1252 1139 dissolu-

134 1174 287 1249 tionibus
315 1175 504 1275 perpetuis;
540 1190 577 1247 ut
611 1176 700 1247 enim
728 1177 789 1248 rite
814 1175 1093 1250 animadverterat
1123 1178 1249 1252 iamdiu

134 1291 317 1377 Erasmus,
346 1290 381 1362 id
410 1291 710 1390 pertimescendum
730 1316 798 1363 non
818 1307 887 1378 est,
917 1291 1080 1391 equando
1102 1309 1135 1366 et
1160 1294 1249 1393 apud

132 1405 289 1480 ethnicos
307 1430 389 1478 suus
407 1405 582 1479 constabat
598 1404 706 1479 honos
724 1405 947 1492 matrimonio,
967 1407 1056 1506 apud
1073 1434 1161 1507 quos
1180 1435 1251 1481 mu-

134 1537 232 1593 tuum
250 1535 323 1594 erat
338 1520 472 1595 divortii
492 1520 565 1606 ius,
586 1537 622 1594 at
639 1546 706 1595 non
724 1538 847 1593 temere
868 1535 990 1594 tamen.
1008 1521 1064 1595 vis
1082 1549 1157 1595 rara
1173 1548 1249 1596 esse

136 1635 309 1711 divortia?
325 1635 413 1710 Cura
429 1653 467 1710 ut
485 1663 552 1710 non
575 1652 643 1709 tam
667 1635 764 1710 laoile
788 1650 906 1709 co'eant
929 1637 1099 1735 coniugia.
1120 1638 1249 1712 ludicio

132 1764 271 1826 coeant:
293 1765 411 1827 coeunt
434 1751 631 1825 auctoritato
655 1766 847 1849 parentum,
875 1766 933 1824 aut
961 1777 1078 1824 eorum
1106 1778 1247 1851 quorum

132 1867 289 1941 interest:
319 1865 601 1967 quemadmodum
627 1863 716 1963 apud
742 1864 925 1953 hebraeos,
954 1892 1110 1964 graecos,
1140 1893 1248 1941 roma-

133 2007 198 2056 nos
224 2006 266 2054 ac
290 1979 452 2055 barbaros
478 1980 560 2053 olim
585 1981 675 2053 coire
700 1977 852 2051 solebant
872 1982 986 2075 (34).»

205 2096 326 2169 Veram
351 2095 411 2196 qui
436 2095 482 2168 ita
507 2095 699 2180 disserunt,
730 2121 797 2168 rem
826 2096 890 2170 sub
916 2097 1016 2170 unico
1042 2112 1169 2170 tentum
1188 2097 1248 2169 ad-

134 2226 254 2312 spectu
270 2210 464 2311 expendunt
480 2236 590 2308 eoque
599 2210 775 2299 debiliori,
794 2214 852 2312 qui
865 2212 1105 2311 cupiditatibus
1119 2213 1243 2300 lavent,

130 2324 391 2400 dissimulantes
414 2351 501 2425 quae
526 2352 567 2398 ex
591 2324 854 2400 dissolubilitate
879 2327 1112 2425 coniugiorum
1137 2329 1248 2399 immi-

130 2457 266 2529 nerent,
295 2443 397 2515 immo
422 2456 514 2515 certo
538 2441 752 2539 provenirent
776 2442 864 2515 mala
891 2460 960 2516 tum
987 2442 1136 2517 societati
1166 2470 1246 2517 oon·

129 2555 283 2643 achiab,
304 2572 373 2629 tum
393 2555 497 2655 proli,
526 2570 596 2628 tum
621 2554 825 2654 reipublicae
842 2557 921 2656 ipsi.
942 2558 1014 2629 Non
1037 2557 1247 2656 perpendunt

127 2696 245 2745 verum
271 2669 444 2768 religionis
469 2670 673 2743 christianae
697 2686 847 2768 systema
878 2695 939 2742 seu
970 2670 1148 2770 spiritum,
1184 2696 1246 2745 nec

127 2787 270 2860 virtutes
295 2812 381 2885 quas
406 2784 531 2859 Christi
558 2784 674 2881 religio
700 2785 847 2870 suadet,
880 2801 914 2856 et
943 2785 986 2858 ad
1018 2811 1104 2884 quas
1139 2788 1244 2860 culto·

128 2927 184 2975 ms
210 2926 291 2975 suos
317 2901 458 2974 inducit.
480 2897 583 2971 Nihili
611 2900 737 2972 faciunt
763 2900 962 2974 detrimenta
985 2898 1083 2997 longe
1105 2901 1240 3000 peiora,

127 3043 218 3118 queo
241 3043 281 3091 ex
307 3017 373 3091 illis
399 3016 590 3090 theoreticis
617 3016 795 3115 principiis
815 3016 850 3086 in
869 3015 964 3114 praxi
983 3032 1103 3113 suapte
1124 3032 1243 3090 natura

126 3150 316 3207 manarent.

200 3247 290 3320 Sane
313 3250 342 3322 si
369 3249 596 3323 auscultemus
613 3250 773 3335 Erasmo,
795 3273 861 3320 non
888 3246 996 3320 solum
1021 3246 1065 3320 ob
1086 3244 1241 3320 adulterii

125 3362 275 3449 crimen,
302 3388 418 3436 verum
444 3364 545 3437 etiam
571 3364 615 3437 ob
633 3364 821 3435 animorum
838 3360 1051 3450 dissensum,
1072 3361 1115 3436 ob
1134 3363 1239 3449 rixas,

125 3474 171 3551 ob
197 3492 332 3550 mutuas
360 3477 568 3564 simultates,
598 3495 700 3578 atque
725 3463 980 3549 ducundecies
1005 3476 1134 3550 licitum
1160 3478 1243 3551 soret

123 3591 318 3665 discindere
343 3592 512 3689 coniugia.
535 3594 675 3666 Possent
692 3608 863 3693 praeterea
880 3593 1057 3666 dissociari
1075 3591 1241 3667 connubia

123 3706 261 3792 omnia,
278 3733 366 3806 quae
378 3707 490 3781 minus
505 3709 714 3782 considerate
726 3709 904 3782 coniuncta
917 3709 1003 3794 sint,
1019 3723 1120 3808 atque
1136 3707 1240 3780 animi

123 3818 264 3896 levitate
287 3837 468 3913 contracta.
491 3821 573 3895 ltcm
601 3849 658 3910 ea,
687 3848 774 3922 quae
799 3823 922 3896 luerint
948 3821 1124 3896 conciliata
1150 3821 1249 3893 leno*

197 4060 249 4123 (³³)
265 4061 304 4111 lta
318 4060 509 4125 werkmeieter,
526 4063 599 4122 Bata,
615 4062 706 4113 socher
722 4061 814 4126 aliique
830 4076 879 4114 non
898 4063 986 4125 exigno
1006 4073 1108 4111 numero
1123 4071 1186 4122 quoe
1204 4071 1239 4108 re·

121 4141 221 4192 murt
234 4138 266 4190 cl.
282 4141 427 4206 Roslorhny
443 4155 484 4205 op.
498 4142 541 4192 cit.
559 4145 597 4193 De
614 4141 704 4192 indict.
722 4145 802 4194 matr.
815 4141 854 4206 §§.
868 4148 946 4193 tuos.
965 4143 989 4191 et
1008 4140 1096 4190 iterum
1111 4137 1134 4202 §.
1149 4141 1186 4189 ³7.
1198 4136 1240 4187 ubi

123 4222 236 4285 iptorum
253 4222 395 4282 argumente
413 4221 513 4284 profert.

197 4301 251 4363 (st)
265 4301 325 4352 Loc.
336 4301 377 4352 ott.
388 4302 436 4352 col.
448 4306 504 4354 tot.
515 4307 569 4354 702.
