2796 5064
151 340 219 411 llll
262 405 265 412 ,
319 365 380 414 nin.
401 364 449 413 ιιι.
471 364 557 414 saur.
579 365 603 413 ι.
623 366 662 414 ns
688 367 783 416 ιιιιιι.
800 367 922 417 uuursr.
939 366 1086 419 auruum.

150 497 309 568 scentur,
333 507 448 554 varum
474 477 574 555 atium
601 483 675 582 ipse
694 485 805 584 potius
827 483 1029 583 pollutorum
1048 487 1263 564 scortationis

149 596 307 670 sordidus
333 595 550 684 subiicietur,
577 598 742 671 eiusmodi
768 598 925 673 videlicet
941 601 1097 699 personis
1117 627 1138 674 a
1157 607 1196 675 se
1212 603 1263 675 in-

149 713 256 785 vicem
278 713 442 811 separatis
470 713 592 808 (88).»
615 713 769 812 ldipsum
796 714 1007 788 confirmauit
1025 716 1093 789 Leo
1114 715 1264 816 pbiloso-

149 826 239 925 phus
264 852 325 901 seu
345 826 487 925 Sapiens
512 827 627 900 Basilii
654 827 744 901 filius
769 829 907 928 nuptias
932 829 1034 903 etiam
1055 830 1174 905 tertias
1192 856 1265 930 poe

150 942 203 1016 nis
224 941 462 1015 ecclesiasticis
484 941 667 1016 subiiciens
689 946 779 1038 (89).

202 1125 206 1132 ,
229 1057 381 1130 Attamen
414 1056 482 1131 hia
504 1055 593 1128 idem
620 1058 685 1130 Leo
709 1057 851 1155 Sapiens
882 1081 950 1131 nou
980 1071 1159 1169 coptentus
1191 1059 1265 1159 ipsa

148 1174 256 1247 tertiis
280 1177 428 1274 nuptiis,
456 1203 572 1250 verum
598 1194 631 1250 et
652 1192 791 1276 quartas
812 1175 994 1249 celebravit
1012 1201 1091 1249 cum
1111 1175 1177 1250 Zoe
1198 1176 1264 1250 iam

149 1305 246 1362 antea
273 1290 391 1390 pellice
417 1318 480 1365 sua
506 1318 546 1365 ex
574 1318 641 1392 qua
667 1291 773 1364 filium
799 1307 1033 1390 procreaverat
1065 1316 1168 1390 quem
1198 1291 1263 1367 sibi

149 1405 183 1475 in
206 1406 348 1504 imperio
368 1431 597 1481 successorem
622 1406 825 1504 designauit.
848 1406 943 1492 Quae
965 1431 1019 1478 res
1041 1405 1264 1481 conturbatio

148 1545 224 1591 nem
239 1546 304 1594 non
319 1522 491 1594 minimam
504 1522 680 1608 excitavit;
698 1549 775 1594 nam
790 1520 948 1594 Nicolaus
961 1535 1184 1618 cognomento
1197 1521 1265 1621 lly-

147 1635 253 1707 stiaus
283 1636 474 1735 patriarcha
504 1635 885 1736 constantinopolitanus
909 1632 1144 1735 imperatorem
1175 1660 1265 1709 com·

147 1748 306 1821 munione
332 1750 499 1847 privavit:
529 1775 633 1847 quum
658 1774 737 1823 vero
763 1750 944 1847 imperator
973 1747 1263 1846 adapostolicam

148 1862 261 1934 sedem
288 1862 513 1962 appellasset,
543 1864 680 1960 Sergius
711 1863 859 1962 pontifex
886 1863 1021 1960 nuptias
1042 1863 1165 1937 Leonis
1190 1889 1264 1963 pro-

147 1977 239 2050 bavit
263 1978 480 2050 cohaerenter
501 1975 544 2050 ad
567 1978 782 2051 traditionem
792 2003 845 2068 ‚ac
863 1976 1080 2075 disciplinam
1102 1978 1264 2053 ecclesiae

148 2118 315 2164 romanae.
342 2093 430 2165 Hinc
454 2093 635 2191 imperator
660 2092 760 2166 exilio
781 2090 934 2164 multavit
954 2090 1131 2165 Nicolaum
1151 2092 1261 2191 ponti·

147 2205 222 2278 ficis
249 2205 374 2280 iudicio
398 2206 625 2292 obnitentem,
654 2206 976 2305 contendentemque
997 2204 1115 2281 diuino
1133 2205 1209 2281 iure
1221 2206 1263 2280 il·

147 2320 198 2411 las
225 2321 363 2418 nuptias
385 2320 506 2394 vetitas
532 2347 626 2408 esse,
646 2347 707 2394 nec
731 2348 751 2393 a
776 2346 860 2393 rom.
889 2319 1048 2419 pontifice
1068 2320 1261 2421 dispensari

147 2434 182 2506 in
208 2434 276 2508 illis
303 2436 465 2533 potuisse.
494 2435 661 2508 Suffectus
684 2435 746 2508 luit
771 2433 908 2507 Nicolao
932 2435 966 2505 in
992 2436 1263 2536 constantinopo-

147 2549 251 2623 litana
272 2550 353 2622 sede
369 2550 547 2650 Eutymius
566 2554 625 2649 qui
640 2550 831 2648 imperatori
847 2548 989 2623 favebat.
1007 2549 1094 2622 Hinc
1112 2551 1262 2625 schisma

146 2665 231 2739 inter
256 2691 395 2762 graecos
420 2683 546 2751 ortum,
573 2664 651 2738 aliis
677 2665 834 2751 Nicolao,
855 2664 933 2737 aliis
959 2664 1119 2763 Eutymio
1139 2666 1263 2740 adbae-

146 2779 317 2853 rentibus:
347 2781 453 2853 donec
477 2779 720 2854 alternantibus
749 2778 921 2878 prosperis
946 2793 979 2850 et
1005 2777 1161 2853 adversis
1179 2781 1262 2854 casi-

144 2892 228 2981 bus,
258 2920 321 2994 pax
349 2896 430 2968 inita
454 2912 516 2968 est.
551 2896 634 2967 Nam
662 2893 821 2967 Nicolaus
848 2891 982 2966 tandem
1009 2917 1049 2964 eo
1079 2918 1117 2965 se
1143 2895 1263 2995 recepit

144 3025 181 3081 ut
205 3009 364 3082 fateretur
389 3010 524 3083 nonnisi
551 3009 781 3083 ecclesiastico
807 3009 880 3080 iure
906 3006 1096 3105 prohibitas
1128 3026 1262 3108 quartas

145 3124 279 3222 nuptias
305 3123 434 3211 fuisse,
454 3126 672 3198 constitutum
695 3141 804 3197 tamen
822 3122 929 3197 voluit
946 3138 983 3196 ut
1000 3122 1189 3222 disciplina
1205 3148 1261 3225 pro

143 3235 287 3309 ecclesia
308 3263 430 3334 graeca
448 3252 563 3311 contra
580 3238 809 3334 tetragamiam
829 3236 1017 3310 sanciretur
1034 3252 1067 3309 et
1080 3262 1260 3338 numquam

144 3349 305 3449 deinceps
331 3350 559 3437 relaxaretur,
591 3378 701 3450 neque
732 3352 916 3450 apostolica
948 3350 1047 3425 sedes
1081 3352 1165 3426 huic
1188 3379 1262 3428 sau·

144 3465 245 3538 ctioni
271 3464 401 3539 obstitit
421 3468 510 3560 (oo).

217 3669 268 3728 (sa)
285 3667 338 3717 Lib.
356 3674 379 3717 ι.
398 3669 580 3729 introferrent.
601 3669 666 3732 apud
682 3670 825 3720 Arcadium.

215 3748 268 3809 (89)
284 3750 312 3796 ln
328 3747 431 3797 Novella
448 3755 486 3798 9⁰.

145 3842 147 3848 ’
219 3829 269 3889 (ao)
285 3827 406 3890 Epistolas
423 3840 508 3878 omues
528 3829 622 3879 Nicolai
645 3830 761 3893 Mystici,
782 3843 846 3894 quaa
867 3831 986 3881 hacteuus
1001 3830 1027 3880 in
1038 3829 1190 3882 bibliotbaen
1205 3832 1261 3883 itti·

140 3919 201 3956 caua
212 3919 323 3958 sermorm
341 3921 428 3970 graeco
439 3907 586 3958 delituerant
597 3946 604 3971 ,
617 3910 713 3972 primus
732 3909 841 3972 vulgavit
852 3909 919 3960 card.
932 3909 1012 3960 Maius
1023 3909 1050 3959 iu
1065 3911 1109 3960 cit.
1126 3912 1262 3975 aptatas

137 3997 248 4036 romano
270 3988 337 4037 tom,
350 3991 380 4036 x.
393 3989 457 4037 sunt
476 3990 558 4037 autern
569 3989 615 4039 hae
626 3989 742 4052 epistolae
760 4001 863 4039 numero
883 3991 994 4040 chffl.
1014 4000 1077 4052 quas
1089 3989 1206 4041 laudatus
1216 3991 1263 4042 odi·

139 4068 178 4116 tor
191 4067 216 4115 in
227 4069 320 4129 septam
341 4067 432 4117 classes
449 4066 582 4117 distribuit.
600 4070 669 4126 Quae
688 4068 721 4117 ad
732 4081 784 4118 rem
806 4069 914 4118 nostram
937 4067 1094 4130 referuntur,
1107 4069 1264 4121 continentur

140 4145 351 4196 intertiaclasse
372 4159 401 4195 ac
420 4146 492 4197 datae
507 4150 564 4198 sunt
584 4148 616 4197 ad
634 4161 694 4198 rom.
714 4147 854 4212 pontificem
874 4148 977 4212 eiusque
999 4147 1117 4199 ecclesiae
1133 4149 1261 4212 hominu,

139 4223 274 4287 nempe-ad
295 4226 411 4275 loannem
432 4229 463 4276 Χ.
476 4227 514 4276 vel
536 4226 690 4277 Anastasiuru
703 4229 745 4276 ill.
760 4226 807 4277 iiic
820 4227 935 4278 Nicolaus
953 4226 996 4290 qul
1017 4240 1032 4276 a
1050 4229 1133 4278 Mona
1150 4229 1263 4292 sepone

138 4307 236 4354 erectus
256 4304 302 4354 luit
320 4305 351 4354 ad
374 4306 561 4368 patriarchalem
580 4305 662 4408 sadpm
682 4320 722 4357 uu.
735 4314 789 4358 895,
807 4307 970 4371 quadriennio
984 4308 1040 4370 post
1054 4307 1135 4359 Photii
1147 4307 1261 4369 obitum,
