2796 5064
191 418 376 475 asarum
397 417 496 472 aratu
517 407 1040 474 mudumnrsamraunnr.
1120 398 1189 472 331

71 540 171 617 licilis
196 539 382 639 theologis,
403 536 555 613 difficilis
577 537 660 612 iuris
684 537 848 613 naturalis
874 537 1134 638 interpretibus,
1153 557 1192 616 ut

69 656 278 758 patefaciunt
301 657 479 729 innumera
503 680 608 756 prope
631 652 805 728 volumina
831 654 956 729 hacde
978 671 1188 744 maxerata,

68 790 97 847 st
112 773 337 874 quaestiones
361 769 563 846 theoreticae
579 796 620 844 ac
638 774 827 870 practicae,
847 796 936 870 quae
954 771 989 842 in
1007 770 1082 845 dies
1100 772 1193 846 exci-

69 904 193 963 tantur.
216 886 268 960 Ad
292 886 356 961 hos
383 885 485 985 igitur
510 886 618 960 nodos
643 884 764 959 alludit
789 912 818 959 s.
840 885 1072 983 Augustinus,
1095 913 1192 987 pras-

69 1004 185 1078 sortim
200 1028 279 1076 cum
293 1000 475 1077 Pollentius
490 1027 556 1076 non
571 1000 660 1075 hanc
674 1000 780 1075 solam
795 1026 863 1101 qua
881 1002 923 1074 de
940 1002 1074 1099 agimus
1091 1029 1193 1103 quae·

69 1120 215 1193 ationem
242 1116 429 1216 Augustino
456 1115 650 1191 solvendam
674 1116 905 1216 proposuerit,
931 1117 992 1190 sed
1012 1117 1098 1190 alias
1115 1117 1193 1218 plu-

69 1260 142 1320 rss;
174 1259 257 1306 num
283 1231 531 1306 matrimonium
558 1231 645 1303 inter
671 1230 874 1305 christianos
891 1246 924 1303 et
942 1231 1096 1305 infideles
1117 1231 1193 1306 lici-

70 1364 139 1421 tum
165 1344 238 1421 sit?
255 1348 341 1419 Num
362 1344 463 1420 liceat
487 1345 579 1419 fideli
606 1345 773 1420 dimittere
798 1344 971 1419 mulierem
997 1344 1192 1419 infidelem?

69 1465 155 1537 Num
181 1462 273 1537 idem
300 1460 480 1535 dicendum
506 1460 552 1535 sit
576 1460 618 1535 de
644 1461 771 1560 nuptiis
797 1459 831 1532 in
857 1460 1054 1534 infidelitate
1079 1460 1187 1549 initis,

68 1604 104 1652 ao
130 1577 176 1651 de
201 1575 382 1675 iungendis
407 1575 494 1649 inter
518 1576 652 1650 fidelem
674 1591 708 1648 et
727 1574 897 1650 infidelem
920 1575 963 1650 ob
988 1575 1191 1650 adulterium

68 1691 225 1789 coniugis
250 1687 424 1764 infidelis?
441 1689 531 1777 Quid
549 1689 580 1763 si
598 1689 683 1763 haec
700 1689 870 1788 promittat
896 1689 1115 1763 christianam
1138 1716 1192 1764 re-

68 1806 228 1905 ligionem
242 1802 424 1904 amplecti?
435 1804 589 1905 aliasque
604 1804 770 1878 eiusmodi
786 1806 882 1899 (178)
892 1865 898 1876 .
909 1805 957 1878 Dc
971 1805 1095 1905 quibus
1113 1831 1191 1879 cum

68 1921 143 1995 lusa
177 1920 301 2018 egerit,
333 1920 528 2019 profitetur,
558 1946 596 1993 se
622 1919 712 1993 haud
739 1935 865 1992 certum
893 1946 989 2007 esse,
1019 1947 1100 1993 num
1128 1920 1191 1994 rite

68 2036 177 2111 nodos
204 2035 268 2110 hos
293 2061 409 2110 omnes
435 2035 631 2135 expedierit.
649 2034 771 2108 Contra
795 2060 875 2109 varo
899 2036 989 2135 quod
1012 2036 1130 2109 attinet
1146 2037 1190 2110 ad

71 2166 284 2260 praesentem
310 2150 564 2251 quaestionem,
586 2149 677 2223 omni
696 2150 761 2224 suh
779 2168 935 2250 respectu
953 2149 1044 2224 illam
1066 2151 1187 2250 agitat,

67 2283 99 2341 et
122 2283 200 2341 tuto
224 2292 264 2340 ac
289 2266 431 2352 fidenter
455 2265 574 2353 solvit,
602 2281 640 2339 ut
663 2266 834 2354 vidimus,
864 2267 950 2340 nihil
974 2268 1161 2341 haesitans.

140 2382 195 2455 Ad
214 2381 352 2456 alterum
370 2407 449 2456 vero
466 2397 590 2455 textum
608 2382 667 2481 qui
689 2381 846 2455 obiicitur
867 2410 906 2456 ex
924 2383 1009 2457 libro
1023 2385 1072 2456 Dc
1083 2383 1145 2484 fide
1159 2397 1190 2456 ct

68 2497 161 2571 mors
173 2496 654 2597 operih.‚animaduertendum
668 2512 721 2570 est
733 2496 825 2570 hunc
839 2498 961 2571 librum
974 2499 1136 2597 scriptum
1146 2496 1191 2571 ah

69 2613 260 2711 Augustino
277 2613 384 2687 luisse
401 2628 479 2686 ante
496 2612 601 2686 libros
615 2613 663 2685 De
682 2614 842 2710 coniugiis
859 2613 1056 2685 adulterinis
1073 2615 1186 2708 (179).

68 2727 155 2801 Fieri
177 2727 296 2827 utique
320 2727 448 2828 potuit,
469 2741 507 2801 ut
523 2753 553 2800 s.
571 2727 694 2800 Ductor
718 2726 784 2800 hac
809 2752 911 2827 super
927 2752 963 2800 rs
981 2742 1060 2800 tunc
1077 2725 1190 2799 animo

69 2843 233 2930 haeserit,
261 2867 364 2942 quam
389 2867 465 2915 cum
491 2858 609 2941 postea
633 2842 712 2914 data
736 2867 838 2942 opera
863 2841 1101 2941 expendisset,
1131 2839 1191 2913 du·

66 2956 163 3030 bium
195 2981 295 3031 omne
329 2954 495 3045 excussit,
525 2981 565 3029 ac
590 2955 637 3029 ita
660 2955 874 3029 sentiendum
900 2981 977 3029 esse
1003 2953 1191 3030 luculenter

68 3069 230 3146 ostendit.

142 3187 334 3286 Numquam
359 3211 439 3261 uero
463 3213 493 3261 s.
515 3186 724 3285 Augustinus
751 3187 953 3260 contrarium
981 3186 1114 3273 docuit,
1135 3184 1188 3258 vel

69 3302 105 3373 in
133 3301 220 3402 ipsis
250 3300 374 3388 libris,
410 3327 497 3401 quos
522 3317 600 3375 ante
623 3328 709 3401 opus
734 3301 783 3375 De
810 3303 970 3400 coniugiis
995 3301 1191 3374 adulterinis

67 3416 219 3517 scripsit.
249 3416 337 3489 Sane
362 3431 489 3488 tantum
515 3415 629 3503 abest,
662 3416 758 3489 utin
784 3415 870 3490 libro
895 3417 944 3489 De
971 3417 1050 3489 horto
1078 3417 1190 3489 coniu-

65 3531 144 3630 gali
157 3532 255 3628 (18⁰)
286 3529 487 3605 dissolubile
511 3531 546 3603 in
571 3556 675 3604 causa
696 3530 851 3605 adulterii
880 3531 1051 3630 praedicet
1075 3530 1193 3604 matri-

67 3646 239 3734 monium,
272 3661 309 3720 ut
340 3646 452 3746 potius
483 3646 622 3719 firmiter
652 3645 984 3720 indissolubilitatem
1010 3645 1187 3734 stabiliat,

67 3788 212 3864 eamque
238 3762 273 3835 in
298 3761 423 3836 Christi
456 3760 600 3837 ecclesia
634 3762 732 3835 unice
757 3763 942 3837 consistere
974 3761 1120 3836 alfirmet
1145 3761 1189 3836 oh

139 4039 208 4102 (178)
223 4038 279 4090 Lib.
290 4041 309 4090 1.
322 4052 393 4104 capp.
406 4042 426 4090 1.
439 4041 505 4090 xlll.
519 4043 570 4090 xv.
583 4042 649 4090 xvt.
662 4041 739 4090 xvu.
751 4041 798 4090 eto.

140 4117 209 4180 (179)
225 4119 288 4169 sane
305 4118 341 4168 uti
357 4118 490 4169 ostendunt
507 4117 613 4169 cdltorcs
626 4120 705 4168 Maur.
719 4118 744 4168 in
754 4117 936 4169 Admontttonc
950 4117 1061 4183 praevia,
1073 4116 1114 4167 hic
1125 4115 1187 4167 liber

67 4198 150 4250 aditus
159 4201 199 4250 cst
208 4197 381 4262 mansuetius
389 4211 431 4249 aa.
439 4197 568 4261 urantur
576 4210 634 4249 vero
643 4198 675 4249 ad
684 4197 832 4249 Pollentiam
840 4201 880 4250 De
888 4199 1016 4261 contactis
1027 4196 1187 4248 adultertats

67 4279 162 4330 exarati
173 4280 233 4328 sunt
247 4290 288 4328 aa.
301 4281 355 4329 119.
367 4277 479 4342 adeoque
491 4291 534 4328 sex
546 4277 597 4329 lere
609 4278 666 4342 post
678 4289 765 4328 annos.

138 4357 207 4420 (tao)
223 4358 296 4408 lluuc
311 4355 402 4407 librum
420 4355 533 4418 autaut
549 4369 571 4407 s.
582 4356 733 4420 Augustinus
749 4367 791 4407 aa.
802 4359 857 4407 101.
