2796 5064
124 353 195 425 stt
269 374 401 427 amur.
422 374 509 427 sacr.
529 374 841 437 nurmosrrvnrss,
858 374 954 428 nra.
971 375 1097 429 cnusr.

122 497 220 592 ques
234 518 323 594 quae
346 492 447 595 plane
475 491 609 567 inutilia
640 492 804 581 luissent,
832 492 863 567 si
886 492 1052 569 voluisset
1074 492 1238 569 disserere

123 607 168 681 de
194 607 295 708 pleno
319 608 473 683 divortio.
499 609 554 682 Sic
571 609 715 683 tertium
740 608 883 683 dubium
908 609 1081 685 disiicitur
1104 609 1149 685 de
1173 610 1240 683 iure

124 723 311 798 amuliere
335 725 523 824 acquisito,
551 750 592 798 ac
617 724 661 800 de
684 722 891 799 abstinentia
916 725 962 799 ab
986 723 1067 801 aliis
1092 725 1238 827 nuptiis,

124 841 217 940 quod
237 841 284 915 ita
307 842 408 915 ferret
432 841 526 916 illias
552 841 673 915 aetatis
698 841 903 942 disciplina,
923 843 953 916 si
972 842 1059 917 ratio
1081 839 1242 917 habeatur

125 955 295 1031 subiectae
314 958 487 1045 materiae,
508 983 551 1031 err
566 984 636 1057 qus
652 957 939 1057 deprehendimus
955 958 999 1032 de
1014 957 1084 1036 hoc
1108 957 1243 1031 minime

124 1071 201 1168 agi,
227 1072 331 1147 immo
356 1072 400 1149 ab
423 1099 466 1147 ea
489 1073 645 1162 excludi,
673 1099 720 1149 eo·
735 1073 827 1172 quod
852 1099 963 1149 sermo
989 1088 1124 1147 tantum
1143 1073 1190 1147 sit
1204 1070 1242 1145 de

124 1187 338 1286 separatione
357 1213 378 1263 u
396 1202 463 1260 tora
480 1190 643 1286 uictuque.
661 1186 760 1274 Quod
779 1212 860 1261 vero
876 1199 1051 1286 postremo·
1066 1186 1145 1261 loco
1166 1185 1241 1265 dici

126 1319 181 1379 tur
203 1303 549 1381 nancommcmorari
575 1329 597 1378 a
622 1303 752 1379 lustino
776 1328 895 1381 casum
925 1301 1102 1390 adulterii,
1130 1301 1241 1401 depre

124 1417 285 1495 henditur
308 1417 442 1497 lals'nm¹
460 1432 600 1497 essetex
618 1444 662 1493 co.
678 1417 770 1516 quod
797 1416 873 1516 ipse
890 1416 1021 1497 ,reserat
1032 1474 1047 1504 ,.
1070 1415 1241 1497 mulierem

125 1533 219 1613 illam
245 1533 380 1609 tandem
401 1560 439 1608 se
457 1533 508 1617 ad.
521 1533 702 1615 divortium
723 1533 916 1617 laciendum
936 1533 1187 1609 determinasse
1206 1558 1241 1607 es

126 1648 294 1750 iisj‘quae
320 1650 388 1750 ipsi
414 1648 519 1724 mata
536 1649 671 1729 luerunt
685 1648 731 1725 de
745 1648 1006 1747 flagitiosa-viri
1033 1647 1090 1724 sui
1115 1672 1242 1725 mater·

126 1763 260 1844 maone
283 1763 519 1840 Alexandriae.
550 1814 554 1831 .
684 1838 687 1845 ,
719 1782 722 1788 ·
1046 1826 1051 1845 ,

126 1936 131 1943 .
166 1952 171 1961 ,
200 1878 290 1965 Quid
309 1878 340 1953 si
359 1879 550 1956 diceremus
577 1878 753 1963 mulierem
777 1878 870 1962 illam
896 1895 966 1955 tum
992 1878 1180 1979 perlectum
1204 1878 1242 1951 le

125 1994 215 2076 cisse
227 1994 421 2083 divortium,
433 2011 503 2070 tum
516 1996 571 2071 ius
584 1996 748 2073 habuisse
759 1996 803 2071 ad
817 1995 1238 2096 aliasineundasnuptias,

126 2135 168 2185 eo
188 2111 281 2210 quod
301 2127 457 2216 ageretur
469 2111 512 2186 de
524 2112 597 2186 viro
614 2112 755 2200 infideli,
772 2111 831 2213 qui
845 2111 923 2193 ,sine
934 2110 1144 2187 conmmelia
1155 2110 1242 2185 Creu

128 2224 212 2301 toris
240 2246 361 2301 secum
382 2226 578 2303 cohabitare
610 2226 802 2302 renuebat?
827 2227 914 2307 Huc,
929 2227 1058 2310 ratione
1085 2226 1165 2326 ipsa
1187 2249 1242 2299 usa

127 2339 250 2417 linisset
269 2341 445 2442 privilegio
457 2342 493 2414 in
508 2342 657 2419 levorem
670 2342 844 2440 religionis
861 2341 1069 2435 christianae
1082 2369 1104 2415 a
1116 2340 1241 2414 Christo

126 2482 302 2545 concesso,
323 2457 367 2532 de
384 2484 451 2557 quo
476 2459 624 2559 loquitur
648 2458 828 2559 Apostolus
855 2456 1075 2533 1.cor.vl1.
1099 2460 1159 2530 tn.
1183 2455 1240 2528 illis

124 2570 259 2646 verbis:
286 2572 380 2659 Quod
404 2575 436 2646 ai
452 2573 768 2674 infideliadt'ecsdit,
793 2573 962 2647 discedot:
985 2572 1061 2646 Noa
1078 2575 1168 2646 enim
1182 2597 1241 2644 eto

124 2689 226 2765 aitutt'
248 2689 410 2762 subiectus
435 2704 481 2764 est
505 2692 634 2790 freter,
662 2704 721 2764 cut
745 2715 836 2762 soror
852 2691 888 2761 iu
909 2687 1109 2763 huiusmodi.
1127 2688 1167 2760 ln
1186 2686 1240 2758 hac

124 2820 204 2879 ver'o
230 2805 432 2905 hypothesi,
458 2831 547 2906 quae
567 2805 748 2880 verissima
769 2821 841 2892 cst,
866 2829 984 2878 omncs
1006 2802 1239 2900 praeciduntur

126 2917 396 3001 adversariorum
418 2918 655 3006 difficultates,
675 2933 778 3017 atque
799 2917 966 2991 catholica
983 2915 1112 2990 veritas
1128 2914 1164 2988 in
1179 2930 1237 2989 tuto

126 3033 324 3134 plenissime
336 3051 402 3115 'cst
428 3035 549 3135 posita.
567 3034 631 3109 Sed
650 3033 714 3106 hoc
731 3033 774 3107 ad
794 3031 1048 3105 abundantiam.

168 3193 172 3229 :
199 3148 319 3248 ltaque
344 3149 495 3224 lustinus
520 3173 657 3248 quoque
671 3146 960 3247 locupletissimus
979 3144 1065 3218 alter
1084 3145 1179 3219 testis
1194 3155 1236 3215 est

127 3263 301 3339 doctrinae
331 3264 518 3339 catholicae
545 3264 634 3338 circa
659 3263 853 3337 firmitatem
877 3260 1004 3336 vinculi
1029 3258 1232 3360 coniugalis,

126 3377 330 3453 etiamnum
356 3380 573 3455 intervenerit
598 3379 756 3454 adulterii
783 3378 924 3452 cumen.
970 3416 974 3427 ·

624 3599 660 3698 p.
690 3598 750 3670 111.

581 3795 617 3843 De
632 3792 796 3855 Athenagora.

201 3953 330 4029 lustino
354 3952 587 4026 subnectimus
615 3951 864 4048 Athenagoram
893 3959 1010 4046 utpote
1040 3946 1152 4022 eidem
1180 3943 1236 4016 lere

127 4093 322 4170 supparem.
349 4066 441 4140 Adeo
470 4092 551 4141 vero
575 4081 691 4166 aperte
716 4081 817 4164 atque
843 4063 1024 4162 perspicue
1048 4062 1126 4160 ipse
1150 4056 1235 4132 nohis

127 4185 315 4259 doctrinam
341 4182 384 4258 de
409 4183 510 4283 plena
535 4180 685 4281 coniugii
712 4176 1010 4254 indissolubilitate
1036 4175 1190 4261 exhibet,
1207 4183 1236 4243 ut

127 4299 298 4374 launoius
335 4298 410 4373 eius
448 4297 677 4374 auctoritatam
715 4293 991 4371 dissimulaverit.
1022 4291 1117 4369 llaec
1151 4306 1236 4391 porro
