2796 5064
334 389 771 443 aerumnosissimam.
788 392 884 443 uara.
901 393 978 444 aar..
990 393 1013 442 1.
1171 372 1237 443 tot

128 512 225 585 minis
250 525 313 583 etc.
342 509 390 582 ita
412 523 451 582 ut
473 506 675 584 cohabitatio
695 509 882 608 proximum
900 510 946 583 sit
963 509 1024 583 Dei
1049 509 1238 584 offendendi

126 623 323 725 periculum.
352 621 426 695 Huc
451 637 581 721 spectat
604 621 688 695 illud
705 620 830 694 Christi
852 623 986 696 Domini
1009 623 1144 697 effatum
1161 624 1240 697 llat-

125 741 173 815 tb.
192 738 309 811 XVlll.
333 741 367 812 o.
399 736 467 809 «Si
493 736 611 811 oculus
637 753 715 810 tuus
744 738 951 812 scandalizat
975 755 1025 826 te,
1059 765 1138 813 erue
1161 765 1239 813 eum

123 870 156 930 et
167 853 296 955 proiice
311 851 387 926 abst
403 867 446 926 te.
461 881 479 921 n
500 851 594 938 Quae
610 852 711 925 verba
727 854 964 927 commentario
982 880 1045 927 suo
1066 854 1240 928 illustrans

123 999 153 1046 s.
174 969 401 1068 Hieronymus
428 967 524 1040 docet
548 966 639 1041 hanc
662 993 738 1040 esse
762 968 896 1069 Domini
919 970 1136 1056 sententiam,
1155 986 1192 1043 ut
1209 971 1240 1043 si
1287 1026 1290 1031 -

123 1084 168 1172 ii,
188 1083 248 1183 qui
267 1082 365 1156 nobis
381 1082 645 1155 coniunctissimi
665 1097 744 1155 sunt
764 1098 797 1155 et
817 1083 910 1156 chari
927 1083 1099 1158 oculorum
1117 1084 1236 1171 instar,

124 1215 162 1271 ut
185 1211 367 1298 parentes,
394 1195 482 1283 filii,
510 1221 614 1283 uxor,
638 1221 743 1269 causa
768 1196 836 1270 sint
862 1198 997 1285 ruinae,
1027 1197 1130 1270 abiis
1149 1224 1241 1272 rece-

123 1311 258 1384 damus.
286 1311 370 1383 Nota
394 1309 519 1408 pariter
543 1325 622 1382 sunt
646 1336 676 1382 s.
698 1309 846 1407 Gregorii
864 1312 908 1383 ll.
929 1310 1050 1384 verba:
1076 1311 1146 1383 «Ut
1162 1337 1240 1384 uxo

124 1451 195 1499 rem
213 1440 247 1498 et
265 1425 326 1525 qui
343 1423 440 1499 nobis
457 1423 568 1498 carnis
585 1425 783 1521 cognatione
800 1426 967 1499 coniuncti
986 1442 1081 1513 sunt,
1102 1441 1136 1498 et
1151 1451 1239 1524 quos

124 1539 294 1638 proximos
312 1535 485 1626 novimus,
507 1537 710 1635 diligamus;
736 1553 768 1611 et
784 1565 870 1636 quos
893 1538 1101 1613 adversarios
1128 1540 1161 1610 iu
1182 1540 1239 1611 via

123 1652 184 1726 Dei
214 1652 381 1753 patimur,
408 1651 553 1725 odiendo
578 1668 612 1723 et
636 1651 794 1748 fugiendo
819 1652 1011 1726 nesciamus
1045 1654 1170 1749 (15).»
1199 1653 1240 1725 Et

124 1792 208 1842 sune
234 1765 320 1838 nihil
345 1766 380 1838 in
405 1765 469 1840 hoc
495 1766 620 1840 mundo
644 1782 717 1853 est,
745 1766 937 1866 quodcum
962 1769 1023 1841 Dei
1049 1767 1240 1842 honoreac
1309 1793 1313 1800 ·

123 1883 228 1957 animi
242 1882 347 1955 nostri
365 1881 473 1954 salute
487 1883 595 1980 possit
608 1882 767 1969 conferri;
790 1884 950 1956 nuncium
967 1883 1125 1958 omnibus
1143 1910 1237 1956 mun·

123 1997 224 2072 denis
248 1996 349 2070 rebus
375 1997 485 2095 potius
512 1997 678 2070 remittere
703 1997 884 2085 debemus,
905 2026 1006 2098 quam
1026 1999 1156 2072 animae
1181 1997 1239 2072 de-

124 2112 316 2186 trimentum
340 2113 376 2183 in
400 2110 533 2208 negotio
558 2109 677 2184 salutis
702 2127 856 2185 aeternae
880 2113 1059 2211 patiamur.

195 2223 291 2298 libet
316 2224 380 2298 hoc
405 2223 603 2298 concludere
629 2240 861 2321 argumentum
881 2226 995 2300 verbis
1018 2226 1124 2313 blatii,
1153 2251 1241 2325 quae

124 2340 209 2414 baec
235 2355 324 2412 sunt.
353 2337 401 2412 Ac
425 2339 468 2412 de
492 2339 631 2413 crimine
656 2340 794 2438 quidem
819 2341 1047 2415 fornicationis
1073 2342 1140 2414 iam
1158 2339 1241 2411 dixi-

123 2480 245 2528 mus...
266 2454 316 2527 lle
332 2453 409 2528 aliis
435 2469 544 2527 autem
570 2454 787 2542 criminibus,
816 2457 1003 2530 cuiusmodi
1029 2472 1109 2530 sunt
1125 2455 1241 2555 impie·

125 2586 198 2658 tas,
221 2571 410 2669 apostasia,
440 2569 612 2656 haeresis,
643 2569 874 2656 latrocinium,
904 2571 1117 2667 sacrilegium
1135 2585 1168 2642 et
1193 2570 1240 2641 si-

124 2684 219 2758 milia
245 2683 444 2782 generalitor
469 2684 718 2770 annotandum,
740 2709 805 2756 non
828 2711 905 2758 esse
927 2683 1054 2758 licitum
1080 2684 1238 2782 cuiquam

124 2815 262 2899 propter
286 2799 351 2874 has
371 2823 492 2873 causas
518 2799 685 2872 dimittere
709 2825 787 2872 ase
803 2800 976 2896 coniugem
994 2825 1034 2872 eo
1056 2797 1240 2896 modoque

124 2914 306 2988 dimittitur
329 2940 433 2989 causa
458 2914 708 3001 fornicationis,
734 2915 861 3002 idest,
885 2930 1081 3014 perpetuum
1106 2938 1183 2985 cum
1200 2937 1241 2986 eo

125 3029 306 3105 divortium
332 3030 462 3118 lacere,
489 3055 529 3103 ac
555 3029 627 3102 iure
652 3029 787 3128 petendi
817 3029 921 3103 debiti
948 3027 1145 3128 simpliciter
1176 3027 1241 3128 pri·

124 3171 227 3233 varo;
255 3171 332 3219 oum
352 3145 508 3219 (lhristus
525 3144 567 3219 de
584 3145 648 3217 hac
667 3171 702 3218 re
719 3145 928 3245 praecipiens
950 3144 1057 3218 solam
1074 3144 1241 3242 exceperit

125 3260 424 3336 fornicationem...
452 3261 534 3359 quia
559 3286 620 3359 per
643 3260 707 3332 hoo
730 3259 839 3333 solum
868 3261 993 3333 crimen
1018 3260 1110 3332 iuxta
1125 3260 1240 3358 ,signi-

125 3375 317 3450 ficationem
339 3376 413 3450 eius
436 3402 539 3476 supra
563 3376 771 3474 expositam,
797 3377 994 3467 ammittitur
1015 3376 1068 3449 ius
1095 3393 1241 3475 potesta-

125 3490 170 3564 tis
195 3488 401 3587 coniugalis,
421 3489 471 3562 sic
487 3506 525 3561 ut
549 3490 716 3563 innocenti
735 3490 877 3564 liberum
897 3491 959 3578 sit,
988 3491 1073 3565 lacto
1095 3491 1239 3565 divortio

122 3632 247 3682 vovere
268 3609 337 3682 Deo
356 3624 549 3708 perpetuam
568 3610 826 3698 continentiam,
848 3611 913 3684 imo
932 3627 965 3683 et
980 3611 1023 3684 ad
1045 3611 1239 3708 religionem

123 3723 288 3810 transirc;
310 3724 399 3824 quod
418 3725 527 3798 lacere
547 3726 577 3798 ei
604 3753 670 3798 non
690 3725 766 3799 licet
786 3726 872 3799 sacta
895 3726 1093 3799 dimissione
1107 3740 1240 3824 propter

123 3835 194 3911 alia
212 3839 366 3911 crimina.
388 3841 620 3914 Verumtamen
643 3841 757 3914 licebit
781 3842 948 3916 dimittere
967 3844 1142 3938 coniugem
1164 3840 1242 3913 bae-

123 3952 283 4040 reticum,
303 3952 356 4026 vel
373 3953 458 4028 alias
476 3955 633 4053 impium,
664 3972 721 4029 aut
742 3957 982 4041 facinorosum,
1004 3973 1060 4030 aut
1081 3982 1236 4040 saevum,

122 4068 156 4143 si
182 4067 227 4141 ab
252 4095 310 4156 oo,
338 4070 391 4144 vel
416 4071 482 4170 ipsi
508 4072 664 4169 coniugi,
692 4072 745 4146 vel
771 4073 885 4148 liberis
910 4073 1084 4145 immineat
1108 4072 1239 4171 pericu-

122 4182 219 4271 lum,
245 4182 381 4284 aliquod
400 4185 532 4260 animae
548 4201 607 4259 aut
623 4187 794 4285 corporis,
816 4204 852 4261 ut
877 4188 905 4262 si
929 4188 973 4262 sit
998 4185 1181 4286 periculum
1196 4212 1239 4257 ne

202 4335 254 4397 (rs)
271 4338 346 4386 nom.
371 4339 491 4388 xxxvu.
505 4341 532 4388 a
556 4340 659 4402 sorny.
1098 4314 1100 4319 ’
