2796 5064
137 358 206 428 172
282 378 343 430 ur.
365 379 412 429 m.
435 378 522 429 secr.
544 378 674 428 aurens.
696 377 984 429 pernumerare.
1007 377 1134 431 canter.

137 500 245 597 posita
261 496 460 570 difficultate
477 496 659 582 asseritur,
680 497 859 570 ostendere
878 496 1041 571 adversus
1055 496 1257 571 Marcionem

138 628 197 685 aut
226 611 411 685 Cerdonem
441 610 546 683 alium
571 637 638 684 non
664 637 740 685 esse
772 612 880 684 Deum
912 629 1082 685 auctorem
1108 614 1256 699 veteris,

139 727 242 801 alium
255 729 338 801 Novi
352 728 571 813 Testamenti,
587 726 648 799 sed
664 728 776 827 potius
790 726 951 799 trifariam
964 727 1152 800 dividenda
1169 753 1256 815 esse,

58 895 61 901 ·
139 842 286 943 quaein
312 841 537 915 Pentateucho
561 843 791 929 continentur,
821 842 868 914 ita
890 859 927 913 nt
952 841 1019 914 alia
1044 867 1065 914 a
1090 842 1163 916 Deo
1192 843 1260 915 lue-

140 958 207 1029 rint
234 957 430 1043 constituta,
459 955 527 1029 alia
556 983 576 1027 a
601 957 694 1029 Mose
724 972 761 1029 ut
792 957 921 1055 priuato
946 973 1109 1044 auctore,
1137 982 1202 1029 seu
1226 972 1262 1028 ut

139 1073 214 1170 ipse
238 1072 406 1171 loquitur,
430 1097 492 1170 per
511 1098 545 1143 se
562 1097 600 1142 oc
617 1086 731 1169 suopte
751 1085 862 1168 sponte
880 1070 1009 1169 aliquid
1027 1073 1257 1153 constituente,

139 1187 205 1260 alia
230 1215 250 1262 a
274 1186 477 1262 senioribus.
508 1187 604 1284 Quod
631 1204 668 1260 ut
692 1188 825 1259 evincat
848 1185 1038 1285 exemplum
1071 1187 1200 1286 profert
1222 1213 1261 1260 ex

139 1302 253 1377 libello
277 1303 409 1403 repudii
434 1329 455 1376 a
480 1294 572 1376 Mose
594 1328 754 1376 concesso
781 1301 957 1376 scribens:
990 1302 1117 1388 «Quod
1143 1328 1261 1401 quem·

140 1418 320 1492 admodum
347 1444 424 1491 sese
448 1416 589 1504 haheat,
611 1444 651 1490 cr
679 1416 764 1515 ipsis
790 1417 973 1489 Salvatoria
988 1415 1102 1490 verbis
1123 1416 1262 1491 demon-

140 1551 280 1608 stmtum
308 1560 384 1607 mox
406 1533 585 1630 intelliges.
614 1531 680 1604 Hic
705 1532 795 1604 enim
816 1531 962 1631 quodam
983 1531 1018 1602 in
1041 1530 1117 1604 loco
1141 1530 1188 1603 ad
1205 1556 1261 1604 eos

61 1703 62 1708 η
139 1649 242 1722 verba
266 1648 413 1734 laniena,
443 1647 570 1747 qni-de
596 1646 728 1744 repudii
751 1645 866 1721 libello
884 1672 999 1719 secum
1016 1645 1257 1745 disputabant,

140 1764 231 1863 quod
262 1763 485 1862 permissione
512 1762 598 1860 legis
628 1761 775 1850 licebat,
804 1762 854 1836 sic
884 1762 960 1837 illos
990 1761 1159 1836 allocutus
1185 1778 1258 1835 est:

140 1880 244 1952 Moses
269 1880 313 1952 od
338 1879 497 1951 duritiam
527 1878 634 1950 cordis
663 1880 765 1951 vestri
793 1879 945 1976 perctarit
976 1878 1068 1951 vohis
1101 1877 1261 1949 dimittere

140 2023 258 2068 scores
284 2011 420 2068 cestros.
449 1995 496 2066 Ab
513 1997 607 2067 initio
628 2008 736 2065 notem
760 2021 824 2065 oon
849 1994 915 2092 soit
938 1995 999 2066 sic.
1031 1994 1125 2066 Deus
1151 1994 1259 2077 enim,

58 2190 60 2194 Α
142 2109 270 2209 inquit,
299 2109 491 2206 coniugium
510 2109 574 2181 hoc
592 2107 786 2208 copulavit:
809 2123 840 2180 et
860 2108 945 2207 qood
963 2108 1051 2180 Deus
1070 2109 1258 2190 coniunxit,
1285 2174 1289 2184 .

143 2223 233 2294 homo
254 2248 318 2294 oon
334 2237 472 2320 separet.
494 2221 557 2294 Ubi
575 2220 677 2294 aliam
695 2247 772 2294 esse
789 2221 850 2294 Dei
871 2221 977 2318 legem
995 2220 1158 2308 ostendit,
1179 2246 1263 2321 quae

142 2361 278 2409 uxorem
297 2362 317 2408 a
334 2338 405 2409 viro
425 2335 555 2432 seiungi
575 2335 770 2435 prohibeat,
791 2335 892 2409 aliam
918 2336 1043 2422 Mosis,
1063 2337 1123 2435 qui
1142 2335 1189 2409 ob
1204 2335 1263 2409 du·

143 2452 253 2525 ritiam
279 2452 390 2525 cordis
416 2478 477 2551 per
503 2451 586 2525 illud
608 2452 789 2527 dissociari
811 2453 993 2551 permittat.
1016 2454 1054 2523 ln
1068 2479 1137 2551 quo
1156 2453 1262 2526 Moses

143 2568 306 2667 quiddam
329 2568 399 2640 Deo
424 2568 627 2641 contrarium
651 2566 752 2653 tulit,
782 2569 811 2639 ei
840 2568 970 2641 scilicet
992 2568 1170 2655 cautioni,
1200 2593 1261 2667 qua

142 2684 283 2758 dissolvi
303 2685 514 2758 matrimonia
531 2698 680 2757 vetuerat
702 2685 792 2778 (22).
810 2714 827 2752 »
847 2682 931 2755 Cum
958 2683 1060 2779 igitur
1085 2682 1176 2756 alius
1201 2709 1264 2757 om·

144 2801 223 2874 nino
244 2826 369 2898 scopus
394 2799 581 2873 Ptolemaeo
600 2798 700 2871 luerit
729 2797 772 2870 ab
798 2825 837 2871 eo
863 2824 963 2897 quem
991 2797 1212 2872 adversarius
1235 2799 1261 2870 ei

144 2916 289 3011 affingit,
311 2943 376 2988 non
394 2932 465 2989 erat
482 2915 566 2987 ratio
584 2941 690 3013 quare
706 2914 931 2987 conditionem
951 2912 1043 2986 illam
1062 2929 1259 3014 apponeret.

216 3031 439 3105 Tertullianus
466 3032 499 3103 in
523 3031 581 3102 lih.
608 3032 659 3102 lll.
689 3046 794 3102 contr.
824 3030 1028 3103 Marcionem
1051 3055 1120 3102 non
1145 3028 1263 3127 allegat

145 3172 221 3245 cap.
242 3147 328 3219 Xlll.
358 3174 386 3220 s.
409 3147 585 3232 Matthaei,
610 3145 670 3216 sod
696 3162 797 3244 caput
815 3146 851 3215 ll.
875 3147 932 3216 32.
956 3162 988 3216 et
1007 3145 1127 3232 affert,
1156 3162 1196 3219 ut
1220 3145 1263 3218 vi·

144 3259 271 3347 dimus,
294 3263 533 3361 exceptionem.
555 3260 715 3358 Adeoque
732 3260 799 3331 dici
821 3260 939 3358 nequit
957 3258 1052 3330 illum
1071 3259 1107 3330 in
1125 3285 1217 3332 vers.
1231 3261 1260 3328 t.

146 3376 266 3475 capitis
279 3377 365 3447 xlx.
387 3377 614 3475 exceptionem
632 3376 674 3447 de
692 3402 759 3474 qua
773 3376 904 3472 agimus
921 3401 986 3448 non
1006 3374 1144 3470 legisse.
1172 3372 1263 3461 Quod

146 3515 225 3561 vero
250 3489 329 3561 citot
355 3506 456 3588 caput
480 3491 517 3561 V.
541 3491 599 3560 32.
621 3491 733 3587 potius
755 3516 857 3588 quam
879 3506 980 3589 caput
997 3490 1085 3561 xlx.
1109 3505 1205 3589 patet
1232 3513 1265 3562 ex

147 3603 295 3687 rationo,
312 3631 378 3701 qua
392 3605 488 3676 affert
506 3604 609 3677 verba
631 3604 770 3691 Christi,
787 3605 916 3676 dicens:
938 3605 1047 3674 «Nam
1065 3618 1099 3676 et
1118 3604 1153 3674 in
1171 3629 1266 3677 evan·

18 3789 22 3794 .
147 3716 234 3814 gelio
253 3718 435 3791 Matthaei:
465 3720 532 3804 Qui
548 3719 728 3802 dimiserit,
749 3718 881 3817 inquit,
904 3745 1040 3790 acorem
1063 3744 1161 3790 soom
1174 3744 1265 3816 proe-

149 3850 353 3906 terraneam
378 3834 558 3917 adulterii,
587 3837 668 3934 socit
693 3861 763 3906 enm
780 3834 989 3905 adulterari:
1018 3849 1116 3932 atque
1143 3832 1266 3905 adulter

148 3964 294 4021 censetor
311 3964 340 4019 et
359 3951 435 4033 itte,
453 3953 512 4047 qni
522 3949 724 4021 ditniseomo
742 3952 813 4020 viro
832 3949 978 4020 donor-it.
1000 3948 1157 4022 Ceterum
1175 3973 1266 4048 proc

150 4078 196 4134 ter
221 4091 263 4137 oo
293 4091 393 4136 conso
418 4064 574 4143 adulterii
601 4090 663 4138 nec
691 4063 828 4138 Creator
857 4064 1046 4161 disiungit,
1077 4063 1170 4163 quod
1201 4065 1265 4162 ipse

227 4253 277 4312 (22)
293 4254 319 4300 tn
339 4251 474 4314 Sptrtqut'o
493 4265 526 4301 rs.
543 4254 653 4302 Petrum
672 4254 691 4300 t.
713 4254 740 4299 tt.
761 4250 846 4301 Grahit
860 4253 938 4301 oxon.
958 4254 1025 4301 1714.
1047 4263 1112 4301 saec.
1129 4252 1161 4300 rt.
1175 4253 1234 4300 tom
1248 4246 1262 4292 l·

150 4342 204 4391 pap
215 4336 253 4381 72.
