2796 5064
231 376 303 448 391
376 398 439 451 nn.
461 398 509 451 ιιι.
530 398 618 450 ιιιι.
636 398 767 450 aarum.
780 397 821 451 ιι
838 397 952 450 morsa.
968 396 1065 450 ιιιι.
1082 396 1209 451 caum.

228 543 298 618 quo
311 517 420 593 scissa
431 533 483 592 est
495 516 638 592 ecclesia
651 542 771 615 graeca
784 543 805 592 a
816 516 938 605 latina,
962 532 1073 592 netum
1093 534 1148 593 est
1164 518 1210 592 de
1228 518 1345 594 unione

230 631 318 706 inter
340 650 517 732 utramque
546 631 723 707 eeclesiam
749 632 1027 731 redintegranda,
1045 659 1245 734 numquam
1271 635 1349 709 iuter

229 747 389 823 articulos
408 748 639 825 discutiendos
658 749 851 849 propositus
876 765 930 824 est
952 749 1116 825 articulus
1142 749 1187 824 de
1212 750 1349 828 dissolu

229 861 362 940 bilitate
379 880 436 939 ant
453 864 749 940 indissolubilitate
769 866 919 965 coniugii
938 866 974 938 in
990 892 1095 941 causa
1112 865 1277 941 adulterii
1292 869 1347 963 (8).

304 980 562 1055 Firmamentum
588 981 673 1055 haec
697 981 812 1056 omnia
838 980 1009 1081 accipiunt
1023 1006 1064 1054 ex
1084 980 1212 1079 agendi
1231 983 1350 1056 radone

229 1120 332 1199 quam
358 1112 549 1171 constanter
570 1113 748 1171 tenuemnt
764 1122 831 1171 non
850 1096 960 1171 solum
977 1095 1089 1194 graeci
1108 1095 1223 1185 uniti,
1243 1120 1348 1171 vernn

231 1211 332 1284 etiam
361 1210 569 1286 schismatici
601 1227 756 1311 respectu
781 1227 830 1287 tot
853 1211 1061 1287 decretorum
1081 1226 1117 1284 et
1143 1211 1348 1285 sanctionum

231 1350 316 1400 rom.
333 1327 552 1425 pontificum,
573 1326 698 1427 quibus
723 1325 901 1401 dissolutio
926 1325 1166 1423 coniugiorum
1192 1325 1240 1399 ob
1265 1323 1348 1399 adul·

229 1441 352 1516 terium
366 1442 554 1544 improbata
566 1459 669 1544 atque
681 1443 840 1517 damnata
857 1458 921 1518 est.
932 1440 1107 1543 Siquidem
1123 1466 1230 1515 nemo
1248 1442 1347 1515 adver

231 1556 367 1633 sushas
385 1559 577 1660 pontificias
594 1561 784 1635 sanctiones
806 1558 1006 1646 insurrexit,
1026 1557 1127 1658 quasi
1151 1557 1345 1633 desciverint

231 1672 277 1747 ab
288 1673 483 1772 evangelica
494 1674 725 1776 etapostolioa
738 1675 892 1749 doctrina
904 1689 963 1748 aut
981 1700 1004 1747 a
1017 1671 1122 1748 reteri
1142 1689 1281 1772 patrum
1297 1689 1345 1745 tra

231 1786 379 1877 ditiona;
407 1789 499 1890 quod
523 1790 660 1890 quidem
682 1806 914 1888 argumentum
932 1813 1038 1889 pmpe
1053 1785 1200 1863 evidens
1219 1804 1274 1862 est
1289 1784 1344 1861 nul

232 1900 302 1977 lum
328 1903 554 2002 dogmaticum
576 1932 693 1981 ravam
717 1905 782 1980 hac
806 1905 842 1978 in
868 1929 906 1978 ra
924 1903 1107 1978 dissidium
1127 1902 1286 2001 viguisse
1303 1915 1344 1976 ont

230 2019 346 2117 vigere
367 2017 454 2095 inter
476 2018 640 2094 ecclesias
664 2018 861 2095 orientalem
885 2033 919 2092 et
940 2016 1204 2094 occidentalem.

305 2134 420 2208 Restat
443 2134 546 2232 igitur
565 2151 605 2208 ut
621 2135 789 2236 practicus
805 2134 874 2212 dici
891 2133 1014 2209 debeat
1033 2157 1142 2220 usus,
1165 2158 1230 2208 sen
1248 2132 1343 2233 potiit

231 2246 382 2337 abusus,
408 2248 470 2350 qni
501 2274 605 2349 penes
636 2274 774 2348 graecos
805 2249 944 2326 inolevit
971 2247 1154 2324 scindendi
1184 2247 1343 2326 vinculum

232 2363 409 2463 coniugale
435 2364 479 2439 ol>
502 2364 658 2440 adulterii
683 2365 872 2465 flagitium,
897 2364 996 2439 cuius
1014 2389 1077 2439 nec
1102 2362 1175 2462 ipsi
1194 2364 1342 2454 maionem

232 2478 373 2555 reddere
398 2495 593 2581 potuerunt,
615 2508 690 2556 cum
710 2481 794 2555 haec
811 2480 965 2582 quaestio
982 2480 1025 2553 iis
1047 2494 1141 2553 esset
1167 2479 1341 2580 proposita.

231 2596 321 2671 Sana
345 2596 500 2671 absoluto
517 2597 661 2673 concilio
683 2598 882 2684 florentino,
910 2611 1013 2696 atquo
1037 2595 1166 2669 unione
1193 2596 1341 2696 perlecta,

232 2738 310 2788 cum
334 2712 430 2787 latini
455 2712 591 2787 silentio
615 2714 797 2813 praeterire
822 2711 991 2786 noluerint
1019 2710 1230 2784 contrariam
1266 2735 1344 2808 grae

233 2854 349 2904 corum
369 2829 499 2930 praxim
525 2829 615 2904 circa
641 2828 789 2926 coniugii
813 2826 1096 2915 dissolutionem,
1124 2826 1293 2900 sciscitati
1314 2823 1345 2899 ab

234 2944 277 3018 iis
302 2960 403 3033 sunt,
432 2971 538 3046 quare
568 2945 635 3044 ipsi
662 2945 821 3043 coniugia
844 2944 1085 3032 dissolverent,
1122 2960 1159 3018 et
1190 2969 1283 3044 aqua
1307 2941 1345 3016 eis

233 3158 279 3206 art.
290 3164 314 3207 s.
327 3170 352 3208 n.
364 3164 387 3207 s.
400 3160 424 3208 ct
434 3165 457 3208 ι.
468 3160 530 3209 item
543 3161 647 3222 Prosper
657 3158 689 3209 ab
699 3157 832 3223 Aquitania
843 3160 956 3210 Dicitoa.
971 3153 1109 3219 theotecto.
1121 3157 1187 3207 torn.
1199 3158 1220 3207 i.
1233 3169 1288 3222 pag.
1302 3161 1343 3206 ιιι.

233 3237 289 3287 Ant
305 3237 430 3288 Possevini
450 3238 476 3287 in
496 3240 635 3302 apparato
656 3250 731 3288 sacro
750 3238 780 3287 ad
796 3250 882 3287 vocem
898 3237 999 3286 Graeci.

310 3317 344 3379 (8)
362 3317 427 3367 satis
446 3319 484 3368 cst
502 3331 642 3382 percurrere
663 3322 723 3369 Acta
742 3317 840 3368 concilii
862 3316 974 3380 lugdun.
986 3317 1019 3364 ii.
1031 3315 1057 3365 et
1070 3314 1212 3367 Florentini
1228 3314 1346 3380 mqnitn

233 3394 265 3445 de
282 3394 373 3447 unione
390 3399 472 3446 actum
493 3400 543 3460 est,
560 3401 588 3448 ut
607 3399 712 3462 quisquc
732 3397 853 3460 intelligat
875 3396 906 3446 de
925 3396 1034 3460 quatuor
1054 3394 1215 3457 potissimum
1233 3396 1348 3447 noctua

234 3475 356 3540 capitibus
374 3478 554 3528 controversias
572 3478 677 3540 agitatas
690 3478 781 3539 iuriae,
794 3477 890 3527 scilicet
907 3474 938 3526 de
959 3474 1144 3525 consecratione
1163 3476 1240 3526 etiam
1259 3477 1285 3526 in
1297 3483 1349 3539 pm

233 3569 335 3620 aymo,
346 3555 377 3607 de
397 3556 527 3606 existentia
548 3559 697 3622 purgatorii,
710 3558 741 3607 de
756 3558 861 3620 primatu
873 3555 939 3606 sadis
959 3566 1089 3616 romanae,
1100 3553 1184 3618 daque
1204 3555 1349 3619 processiset

234 3637 340 3702 Spiritus
359 3639 385 3688 s,
399 3637 474 3686 etiarn
495 3638 596 3688 nFilio.
617 3639 656 3688 ct.
671 3637 813 3702 christoph.
831 3635 960 3698 Peiohictt,
979 3634 1122 3699 specuium
1143 3639 1270 3688 ueritatis
1291 3636 1350 3684 tnta

235 3716 392 3768 orientalem
411 3719 438 3766 ot
457 3716 647 3768 occidentatem
660 3717 791 3770 molestor.
803 3719 889 3767 venet.
905 3721 973 3767 1725.
988 3728 1044 3779 cap.
1055 3717 1088 3765 x.
1101 3729 1125 3779 p.
1142 3722 1198 3767 tto.
1210 3728 1305 3767 necnon
1315 3716 1348 3764 io.

233 3795 391 3850 claudent
409 3798 628 3849 Dtmcrtctieaem
651 3812 703 3863 pro
723 3797 833 3850 concillo
849 3795 995 3862 florentino
1015 3794 1081 3859 apud
1105 3794 1228 3846 titatium
1250 3794 1349 3846 Graccis

235 3875 389 3930 Orttodom
408 3879 469 3928 tom.
491 3881 512 3928 i.
532 3892 557 3943 p.
577 3885 632 3930 ott.
653 3879 695 3930 ubi
711 3879 821 3943 quinque
838 3876 1018 3928 dissentionum
1037 3876 1119 3939 capita
1140 3876 1208 3927 inter
1228 3878 1349 3937 omniunt

234 3957 362 4009 ecclesiam
382 3956 497 4009 distincte
519 3961 692 4022 numerantur,
705 3962 772 4009 etna
792 3956 894 4006 verbum
914 3953 1240 4019 quidemdematrimonio.
1253 3958 1348 4005 oman

232 4040 284 4094 lac.
298 4041 330 4089 G.
345 4038 463 4103 Pitzipioa
474 4038 498 4087 in
511 4052 552 4103 op.
568 4039 594 4089 ι’
603 4038 692 4103 eqire
711 4036 840 4088 orientale
858 4044 878 4086 1.
894 4036 961 4085 Part.
974 4037 1052 4085 itone
1065 4041 1133 4085 taso.
1145 4048 1218 4100 capp.
1234 4036 1299 4085 vlit.
1311 4034 1347 4082 tx.

235 4119 262 4169 ct
281 4120 311 4168 x.
325 4130 452 4167 recensens
474 4118 616 4181 praecipuas
635 4117 801 4180 differentias,
812 4129 855 4167 seu
867 4114 1047 4165 controversias
1061 4128 1125 4177 quae
1136 4114 1203 4166 inter
1213 4113 1347 4165 criminin

235 4201 260 4247 at
278 4196 455 4247 occidentalem
475 4197 604 4248 ecclesiam
620 4196 717 4259 rigent,
731 4209 773 4246 eas
788 4197 897 4246 marctat
909 4194 942 4245 ad
960 4195 1007 4245 tria
1017 4194 1099 4258 capita
1107 4212 1117 4258 i
1128 4193 1222 4247 danda
1232 4208 1291 4246 tero
1300 4205 1346 4258 pu·

236 4289 341 4340 ιιιιιιιιι
362 4276 543 4326 controversias
563 4276 671 4326 minores
685 4275 715 4326 ad
728 4279 821 4340 septem
839 4276 1074 4339 rovooat,nnspiam
1096 4288 1157 4326 aero
1178 4275 1305 4341 qniclpinm
1320 4272 1346 4321 de

235 4356 409 4421 melciacum,
420 4357 523 4422 eioaqm
541 4356 574 4409 ob
595 4356 744 4410 ιᾱιιΙίιιίιιιιι
762 4357 925 4411 dissolutione
943 4359 988 4408 aut
1006 4354 1363 4411 indissolubilitatcm'ull'
