2796 5064
141 369 208 438 tot
285 390 346 438 ιιι.
363 388 411 438 ιιι.
429 386 515 439 ιιιι.
533 386 664 438 ruram.
682 388 722 438 ιι
740 387 853 440 ιιιιιι.
870 387 966 439 ιιιι.
985 389 1111 440 numer.

138 532 294 580 scussum
322 505 428 578 luisse
456 529 572 576 casum
602 504 781 577 cuiusdam
806 504 869 578 riri
895 505 1008 602 graeci
1033 506 1095 605 qui
1116 505 1251 581 dissolu-

138 623 261 695 tionem
293 619 440 716 eoniugii
466 619 509 691 ob
540 618 742 692 adulterium
775 620 889 693 uxoris
915 647 1001 694 suae
1024 622 1202 695 convictae
1225 641 1252 694 et

138 736 330 820 confessae,
360 734 460 806 etiam
489 749 564 833 post
589 734 789 808 sententiam
819 759 959 831 graecae
984 735 1113 834 synodi
1133 735 1255 811 solutio

139 876 215 923 nem
244 848 455 922 decernentis
485 849 642 948 petebat:
673 867 706 923 et
732 875 864 923 saomm
891 848 955 922 hoc
977 847 1129 923 tribunal
1158 851 1256 925 decre

140 965 231 1037 visse
247 963 440 1061 coniugium
467 963 579 1063 quoad
602 962 773 1037 vinculum
794 961 1030 1038 indissolubile
1058 965 1253 1062 persistere,

141 1103 202 1151 noc
215 1077 284 1152 ullo
299 1077 399 1151 modo
418 1103 519 1177 posse
537 1078 645 1150 virum
666 1076 761 1150 illum
781 1102 885 1150 novas
906 1077 993 1150 inire
1016 1078 1162 1176 nuptias
1178 1082 1253 1174 (tt).

225 1195 273 1265 Ex
299 1194 462 1266 hacteuus
487 1192 651 1292 expositis
682 1218 825 1293 pronum
849 1209 902 1266 est
930 1192 1092 1290 colligere
1129 1198 1166 1266 1.
1194 1195 1256 1268 licet

141 1335 284 1384 errorem
308 1311 509 1407 'graecorum
542 1309 725 1408 practicam
761 1309 872 1408 potius
906 1335 1008 1407 quum
1045 1309 1254 1385 theoreticam

140 1425 184 1498 de
209 1424 375 1500 solutione
399 1424 547 1522 coniugii
582 1439 718 1524 propter
747 1423 948 1498 adulterium
978 1450 1059 1499 esse
1083 1425 1252 1511 dieamus,

143 1557 252 1614 tamen
270 1540 502 1640 quaestionem
529 1566 589 1638 per
614 1566 651 1613 se
678 1539 771 1613 nulla
797 1564 936 1639 prorsus
954 1540 1088 1614 ratione
1110 1541 1161 1616 uti
1180 1567 1256 1615 mere

143 1655 397 1755 disciplinamm
423 1656 567 1754 spectari
604 1680 729 1755 posse,
767 1654 827 1728 sed
854 1653 1047 1729 habendam
1082 1682 1164 1731 esse
1193 1682 1255 1732 rere

143 1770 364 1845 doctrinalem
390 1788 492 1871 atque
524 1770 769 1868 dogmaticam3
799 1771 833 1842 Ξ.
862 1786 1042 1871 utramque
1074 1790 1253 1873 praeterea,

143 1884 337 1958 orientalem
364 1884 494 1958 scilicet
516 1900 550 1957 et
575 1882 815 1958 occidentalem
840 1882 1041 1970 ecelesiam,
1068 1886 1192 1985 primis
1215 1911 1255 1960 se

143 1999 229 2073 culis
260 2000 351 2073 eirca
379 1999 533 2072 eamdem
567 1999 803 2085 consensisse,
838 2023 900 2072 nec
931 1998 1036 2073 ullam
1069 2000 1139 2075 hac
1168 2001 1211 2075 de
1230 2026 1255 2073 re

145 2116 233 2188 inter
257 2141 315 2189 eas
342 2116 519 2189 excitatam
546 2116 651 2189 luisse
668 2115 945 2202 controversiam
967 2116 1003 2187 3.
1023 2119 1184 2218 coepisse
1199 2117 1256 2218 qui·

145 2230 222 2302 dem
248 2230 408 2329 temporis
434 2245 542 2303 tractu
567 2229 659 2330 apud
685 2254 825 2328 graecos
848 2245 882 2304 et
910 2229 1096 2306 orientales
1129 2257 1256 2308 consue

145 2344 295 2418 tudinem
323 2344 489 2418 introduci
510 2343 662 2419 solvendi
688 2345 844 2442 coniugia
869 2345 903 2417 in
922 2371 1005 2419 casu
1023 2346 1199 2434 adulterii;
1216 2373 1256 2422 re

145 2488 219 2534 rum
246 2459 411 2534 eiusmodi
434 2462 689 2535 consuetudinis
714 2461 877 2557 originem
903 2461 1123 2560 repetendam
1150 2487 1256 2537 esses

145 2577 302 2652 civilibus
327 2577 479 2673 legibus,
500 2604 561 2650 nec
585 2578 752 2674 cogitasse
769 2602 907 2674 graecos
924 2577 967 2650 de
984 2578 1158 2653 eiusmodi
1177 2577 1255 2680 praxi

146 2695 218 2767 sive
243 2694 507 2790 Scripturarum,
537 2693 608 2766 sive
633 2711 764 2792 patrum
790 2693 991 2767 testimoniis
1016 2694 1256 2768 cohonestandi

148 2809 213 2882 nisi
241 2809 365 2896 serius,
386 2835 461 2882 curn
488 2807 552 2880 hac
577 2808 619 2879 de
644 2834 747 2881 causa
765 2807 933 2905 obiurgari
951 2828 1141 2907 coeperunt
1158 2809 1201 2885 ab
1216 2833 1256 2882 ιι

224 3052 275 3112 (ιι)
290 3051 331 3101 Sic
352 3052 426 3101 etiam
448 3065 462 3100 ι
483 3065 553 3114 cong.
574 3052 671 3101 concilii
687 3051 805 3115 reperitur
818 3051 876 3103 dala
888 3053 947 3103 haec
962 3052 1083 3104 resolutio
1098 3054 1124 3104 iu
1139 3054 1255 3106 roman

148 3132 300 3180 resolution.
317 3132 404 3181 Urbini
426 3137 492 3182 1739.
510 3131 556 3179 suh
575 3132 648 3180 titulo
670 3132 786 3181 Dulium
807 3135 969 3183 orotrlmonil
991 3140 1028 3184 ll.
1049 3136 1105 3184 lan.
1129 3139 1197 3185 titt.
1210 3139 1256 3195 Age

148 3209 219 3258 bstrrr
241 3211 271 3260 de
293 3211 401 3273 qrrodsm
421 3212 525 3273 Georgia
546 3210 662 3261 d'necoti
684 3212 917 3274 graeco-catholico,
937 3211 980 3274 qui
1002 3214 1193 3264 matrimonium
1210 3223 1255 3263 ool·

149 3291 255 3338 traxerat
274 3303 329 3339 eum
352 3291 454 3340 muliere
475 3290 603 3341 lutirerane
622 3305 706 3341 eorem
727 3292 824 3343 duobis
845 3292 947 3342 testibus
965 3295 990 3342 el
1011 3293 1175 3357 praedicante
1194 3295 1257 3343 luttr-

151 3382 210 3418 rano
226 3370 363 3421 incivitate
377 3371 579 3435 wiburgi,quae
598 3372 645 3422 sila
665 3378 702 3423 est
720 3372 745 3423 iu
762 3374 897 3436 Ftnnania,
916 3386 980 3436 quae
995 3387 1054 3438 pars
1071 3379 1111 3425 est
1129 3376 1198 3439 regni
1211 3378 1255 3424 ste

149 3449 213 3510 vici,
226 3462 332 3512 cumque
352 3451 470 3514 Georgius
489 3452 592 3501 militem
613 3465 687 3515 agens
707 3454 820 3516 captivus
838 3453 918 3503 iectus
930 3453 1015 3503 luisset
1029 3453 1061 3503 ab
1079 3455 1258 3518 amabamus

150 3528 254 3577 reditum
273 3543 288 3578 ι
301 3530 442 3593 captivitate
453 3534 502 3580 tres
521 3532 600 3595 tilios,
613 3546 639 3582 se
651 3532 766 3595 absente,
779 3546 794 3582 a
810 3547 855 3583 sua
868 3546 944 3583 uxore
961 3534 1104 3597 progenitos
1125 3535 1257 3590 insenistri.

150 3623 204 3658 ιιιι
224 3609 248 3658 in
268 3609 386 3659 iudicium
401 3611 506 3660 vocarit.
524 3614 635 3675 cumque
654 3614 706 3676 ipse
719 3613 807 3677 triplex
822 3613 933 3663 contem
946 3613 1022 3663 inerit
1035 3613 1258 3678 adulteriumne

148 3691 198 3739 lata
216 3692 254 3740 esi
274 3691 393 3740 sententia
413 3692 438 3740 in
462 3691 555 3753 synodo
575 3691 606 3741 de
626 3692 786 3743 dissolutione
805 3693 955 3744 matrimonii
973 3694 1056 3756 quoad
1078 3695 1258 3756 vinculum

148 3772 258 3822 libertale
282 3773 380 3834 Georgii
410 3772 440 3821 sd
462 3773 522 3822 alias
549 3775 647 3838 nuptias
673 3774 817 3825 transeundi
849 3776 917 3826 iuxta
944 3789 1091 3838 graecorum
1113 3777 1209 3841 praxim
1225 3788 1258 3826 ιιι

150 3851 269 3914 ιιιιιιι,
285 3853 558 3915 interpretationemque
578 3868 592 3902 ι
612 3855 706 3917 graecis
726 3854 808 3905 datam
826 3854 953 3905 doctrinae
963 3868 984 3904 ι.
1001 3856 1103 3920 Basilii,
1117 3857 1145 3906 in
1163 3870 1211 3920 qua
1226 3869 1258 3919 pe

151 3932 271 3982 tissimum
286 3931 395 3994 synodus
406 3946 464 3982 suae
487 3935 619 3984 sententiae
634 3936 742 3999 reposuit
761 3935 955 3985 tundamentum.
973 3937 1088 3999 cumque
1104 3936 1137 3986 ad
1153 3936 1261 4001 praelate

147 4012 282 4061 sententiae
297 4024 408 4062 normam
424 4014 544 4076 Georgius
560 4014 634 4064 vellet
649 4029 705 4064 cum
719 4016 768 4064 ulia
787 4014 909 4077 foemina,
921 4015 962 4065 cui
981 4028 1052 4065 suam
1069 4015 1145 4067 tidem
1162 4016 1258 4074 dolent,

150 4091 334 4141 matrimonium
352 4093 511 4153 contrahere,
525 4096 593 4155 puter
614 4093 762 4157 Apollinaris
781 4095 929 4158 capuccinus
944 4096 1120 4148 missionarius
1136 4097 1162 4148 in
1179 4099 1259 4148 ltosoo

151 4171 207 4232 vie,
220 4171 310 4234 degens
327 4172 467 4235 Petropoli,
486 4171 597 4222 inducias
617 4185 632 4221 ι
653 4173 758 4236 Georgia
780 4173 900 4235 obtinuit,
921 4176 950 4224 ut
967 4174 1074 4226 asadia
1094 4175 1212 4227 iudicium
1228 4188 1259 4224 er·

151 4251 267 4313 quireret.
289 4255 324 4301 lte
342 4250 373 4300 ad
395 4266 445 4301 sac.
468 4255 605 4316 congreget.
628 4266 661 4303 ss.
687 4253 852 4316 inquisitionis
873 4254 970 4319 delula;
983 4267 1048 4320 resp.
1064 4260 1202 4308 orotom
1218 4265 1258 4305 aot

150 4341 224 4389 porse
244 4328 321 4378 olirrd
340 4332 540 4381 matrimonlum
558 4331 713 4382 contradere
729 4344 783 4395 pag.
797 4340 891 4397 soeqq.
