2796 5064
341 367 409 416 aar.
427 368 448 415 ι.
464 366 506 416 nr
524 366 698 416 consensu
716 364 1074 417 sanctissimarum.
1206 348 1249 415 39

147 501 259 559 cantra
276 499 451 570 naturam,
475 482 542 555 alia
559 498 676 556 contra
700 507 825 568 mores,
847 482 913 556 ulia
930 499 1044 557 contra
1063 503 1249 586 praecepta.

146 600 238 685 Quae
262 624 340 672 cum
365 599 412 671 ita
437 598 525 685 sint,
554 597 638 696 quid
664 596 797 670 tendam
822 596 975 670 criminis
1000 614 1068 688 est,
1096 598 1186 696 quod
1211 601 1253 672 de

145 713 299 814 pluribus
325 711 427 786 simul
455 710 582 786 habitis
607 710 767 784 uxoribus
791 709 947 784 obiicitur
971 728 1088 786 sancto
1112 713 1184 786 viro
1202 716 1254 786 la-

142 827 232 902 ceb?
255 828 293 899 Si
319 843 472 901 naturam
496 825 677 913 consulas,
698 853 765 898 uon
782 825 995 914 lasciviendi,
1017 828 1077 901 scd
1094 829 1252 927 gignendi

142 969 245 1018 causa
272 943 341 1017 illis
366 943 564 1017 mulieribus
590 942 762 1016 utebatur:
792 942 989 1029 simeram,
1017 942 1075 1017 illo
1106 960 1255 1044 tempore

141 1076 243 1160 utque
260 1060 297 1132 in
314 1059 382 1133 illis
406 1059 502 1133 terris
520 1058 585 1132 hoc
601 1057 832 1132 factitabatur:
853 1058 882 1131 si
901 1074 1133 1158 praeceptum,
1159 1062 1253 1134 nullu

142 1176 208 1274 iope
228 1175 470 1275 prohibebatur
484 1178 629 1271 (tots
672 1213 674 1216 v
975 1164 979 1172 ⁴

212 1291 305 1377 Quid
332 1289 460 1390 plura?
491 1289 544 1363 vel
559 1326 563 1334 ·
576 1290 650 1390 ipsa
664 1332 667 1337 ,
682 1290 928 1376 Tertullianus,
961 1291 1020 1388 qui
1052 1293 1254 1367 montanista

140 1406 280 1479 allectus
316 1406 560 1506 polygamiam,
588 1421 626 1477 ut
650 1404 817 1491 vidimus,
846 1404 889 1476 ab
921 1404 1016 1478 initio
1051 1406 1251 1505 prohibitam

141 1523 254 1595 allec
280 1522 445 1608 asseruit,
474 1548 550 1594 cum
576 1521 689 1594 adhuc
720 1519 906 1594 catholicus
931 1537 1022 1594 esset
1050 1526 1252 1597 contrarium
1318 1561 1322 1569 ·

141 1638 275 1724 docuit,
305 1636 459 1711 scribens
476 1665 530 1708 :-«
550 1638 637 1711 Sane
670 1636 761 1735 apud
795 1653 923 1733 veteres
957 1653 1114 1724 nostros,
1144 1638 1254 1738 ipsos-

139 1779 202 1852 que
229 1752 462 1852 patriarchas,
498 1779 565 1827 non
602 1751 703 1825 modo
733 1750 884 1840 nubere,
919 1753 978 1826 ssd
1013 1753 1115 1826 ctiam
1143 1755 1254 1852 pluri-

139 1869 262 1965 fariam
294 1869 513 1940 matricensis
538 1868 590 1939 uti
619 1868 672 1966 [cs
703 1866 782 1965 [cit.
806 1865 911 1939 Erant
939 1883 973 1940 et
996 1867 1248 1942 concubinae...

141 1984 373 2057 Necessarium
391 1983 454 2056 luit
472 1983 666 2069 instituere,
687 2008 774 2081 quac
791 1998 908 2081 postea
932 2000 990 2057 aut
1013 1984 1170 2085 imputari
1187 2011 1254 2058 me·

141 2098 451 2194 terantur..,lgitur
463 2124 523 2197 per
536 2098 701 2170 licentiam
721 2112 795 2169 tunc
808 2097 978 2195 passivam
994 2100 1083 2193 (tt),
1095 2098 1255 2173 materiae

140 2213 416 2313 subsequentium
447 2211 718 2286 emendationum
749 2213 1132 2312 praeministrabantur,
1168 2241 1253 2315 quas

140 2327 302 2401 Dominus
335 2326 509 2425 evangelio
534 2353 618 2414 suo,
652 2328 775 2401 dehinc
798 2326 979 2426 Apostolus
1005 2316 1041 2400 in‘
1064 2330 1253 2402 extremita-

140 2444 227 2517 tibus
253 2443 402 2531 saeculi,
423 2460 481 2517 aut
498 2444 622 2518 excidit
641 2443 885 2529 redundantes,
915 2461 973 2517 aut
997 2445 1185 2544 composuit
1201 2445 1253 2517 in-

137 2559 290 2632 conditas
307 2561 421 2655 (lilla
437 2560 486 2632 llx
511 2558 636 2659 quibus
663 2575 752 2657 patet
777 2559 888 2657 ipsum
914 2559 1026 2633 adhuc
1051 2559 1251 2634 catholicum

139 2699 201 2747 uon
229 2675 332 2747 modo
358 2674 580 2772 permissam,
608 2673 850 2747 verumetiam
876 2675 1090 2747 necessariam
1114 2692 1254 2774 putasse

140 2788 384 2862 institutionem
410 2789 643 2889 polygamiae,
666 2816 753 2888 quae
780 2805 896 2888 postea
921 2789 955 2860 in
982 2789 1155 2887 evangelio
1173 2790 1254 2866 abo-

139 2901 237 2976 lenda
254 2903 394 2977 omnino
411 2919 493 2976 erat.
515 2902 586 2975 Sibi
605 2920 777 3002 praeterea
795 2902 1010 2990 contradicit,
1027 2903 1108 2976 dum
1127 2929 1167 2975 ex
1184 2930 1253 2978 una

137 3033 230 3114 parte
254 3017 469 3090 constitutam
494 3018 727 3115 monogamiae
743 3017 851 3114 legem
869 3016 1014 3090 affirmat
1032 3015 1100 3091 illis
1116 3018 1248 3092 verbis:

136 3146 271 3204 ctercnt
288 3132 352 3204 duo
367 3135 512 3205 incarne
534 3160 618 3217 unc,
640 3132 793 3232 adeoque
812 3158 904 3205 reum
921 3131 1066 3206 violatae
1081 3131 1167 3230 legis
1185 3150 1252 3207 tra·

138 3245 229 3320 ducit
252 3247 398 3320 Lamech
412 3273 451 3321 eo
465 3247 556 3346 quod
573 3247 659 3320 duas
678 3247 810 3321 duxerit
834 3273 973 3335 uxores,
994 3273 1034 3320 ex
1052 3247 1156 3322 altera
1174 3275 1251 3323 vero

138 3361 281 3435 affirmat
306 3361 375 3436 illis
400 3363 460 3435 Dei
485 3362 618 3436 verbis:
635 3365 764 3436 crescite
776 3378 806 3435 et
818 3363 1103 3461 multiplicamini,
1124 3362 1249 3438 licitam

138 3477 289 3552 allectam
316 3477 567 3578 polygamiarn,
595 3478 675 3550 dum
706 3480 771 3551 nit:
800 3478 918 3550 «Sane
949 3478 1057 3550 licebit
1088 3478 1250 3577 (polyga-

210 3680 260 3742 (95)
277 3680 332 3730 Lib.
346 3682 424 3730 xxii.
435 3683 501 3731 cont.
511 3682 627 3729 Faustum
637 3692 691 3742 cap.
702 3681 798 3729 xcvn.

205 3761 257 3820 (sc)
273 3761 418 3810 Licenttcm
427 3762 565 3824 passivam
581 3759 700 3823 Rigaltius
711 3759 747 3809 sic
756 3763 864 3809 enamt:
875 3773 886 3802 a
896 3761 1010 3823 Nuptias
1022 3757 1182 3822 multiplices
1190 3772 1249 3822 pas-

138 3839 183 3887 nn
192 3851 355 3888 concertat.»
367 3841 428 3888 item
442 3839 516 3889 etiarn
528 3838 654 3889 income
665 3838 701 3888 sic
713 3839 829 3900 expoui13
847 3838 890 3900 qul
905 3840 1027 3901 praeterea
1041 3837 1116 3887 verba
1134 3837 1187 3887 ilia:
1201 3839 1250 3887 lic·

138 3920 277 3967 emerium
285 3917 346 3979 snit
356 3920 496 3969 instituere
506 3919 540 3967 ita
551 3918 737 3981 interpretatur:
751 3916 829 3967 «vult
844 3917 949 3980 scriptor
964 3915 1162 3979 (Tertullianus)
1175 3917 1248 3964 insti·

139 3998 220 4047 tetam
232 4000 313 4048 σθω
327 3998 507 4061 polygaminm,
522 4001 550 4048 ut
562 4002 646 4060 postea
660 4000 753 4061 quanta
771 4000 834 4048 meet
848 3997 887 4046 ris
900 3997 1019 4060 evangelii
1042 3996 1194 4056 nosoeretnr,
1214 4007 1249 4044 rc·

140 4077 262 4136 mimantis
272 4076 417 4127 aucteritate
427 4091 472 4128 sua
482 4078 604 4127 luxuriam
613 4077 805 4139 connubiorum,
818 4077 891 4127 etlam
901 4075 1034 4141 aliquando
1044 4075 1144 4125 licitam.
1153 4072 1248 4123 Nollem

140 4152 224 4206 diceret
242 4155 422 4218 Tertullianus,
441 4159 617 4207 noeascrtnm
623 4154 684 4218 snit
700 4159 853 4206 instituere:
865 4155 925 4204 sads
940 4157 1005 4217 erat,
1017 4153 1191 4203 necatorium
1203 4150 1249 4200 init

141 4236 301 4294 militm.»

204 4315 254 4376 (97)
270 4314 324 4363 cin.
339 4317 358 4364 1.
370 4314 410 4364 Ac
422 4328 499 4365 naor.
511 4327 566 4376 rap.
578 4316 610 4364 lt.
