2796 5064
144 347 213 419 1⁰8
301 371 362 420 nur.
384 369 430 420 ιιι.
452 368 538 419 seer.
560 370 584 418 1.
605 368 645 418 on
670 367 765 419 uara.
787 366 908 418 enarsr.
930 363 1077 419 currere.

142 479 255 576 gemis
278 477 480 575 generatim,
510 492 547 549 ut
570 492 701 549 constat
726 502 765 548 ex
783 474 859 549 aliis
882 475 1034 549 eiusdem
1056 474 1255 549 testimoniis

141 620 229 693 quae
247 593 402 692 superius
420 591 682 689 descripsimus,
712 617 752 665 eo
773 590 826 663 vel
848 590 957 688 magis
982 591 1075 690 quod
1104 617 1174 664 non
1194 591 1254 662 dil-

141 705 401 803 fiteaturviginti
419 705 504 778 duos
519 704 664 804 priores,
685 705 810 803 quibus
829 703 914 776 haec
931 703 1053 776 mulier
1070 720 1251 804 nupserat,

54 874 57 879 ι
141 822 248 896 luisse
270 821 421 895 maritos.

214 936 256 1007 Et
279 935 364 1007 haec
387 934 430 1007 de
454 933 670 1033 Hieronymo.
702 932 799 1018 Quod
821 959 901 1006 vero
923 947 1052 1030 spectat
1066 931 1110 1004 ed
1131 958 1163 1005 s.
1184 931 1256 1004 Ful·

141 1049 290 1146 gentium
317 1048 441 1121 nullam
469 1047 606 1120 facessit
630 1047 859 1120 difficultatem
885 1045 976 1146 quod
995 1045 1029 1117 in
1048 1045 1210 1119 secundis
1225 1060 1257 1119 et

141 1164 247 1237 tertiis
270 1163 398 1263 nuptiis
425 1163 612 1235 constiterit
630 1189 739 1261 neque
756 1160 896 1234 ulterius
918 1161 1016 1234 luerit
1041 1187 1252 1260 progressus.

141 1279 224 1350 Nam
242 1304 308 1351 nou
326 1277 361 1350 in
383 1304 486 1351 sensu
503 1303 603 1376 quem
620 1294 740 1350 vocant
755 1276 925 1349 exclusivo
942 1301 983 1347 ea
1004 1275 1166 1374 scripsit,
1188 1301 1256 1375 per·

141 1391 220 1465 inde
244 1418 284 1467 sc
310 1393 339 1466 si
365 1392 540 1466 ulteriores
571 1392 706 1490 nuptias
737 1391 922 1475 abiecerit,
964 1389 1024 1462 sed
1055 1389 1135 1463 ideo
1170 1390 1257 1463 stetit

141 1506 175 1577 in
201 1507 308 1580 tertiis
335 1507 480 1605 nuptiis,
508 1506 598 1606 quod
624 1505 867 1604 utplurimum
893 1505 927 1576 in
948 1504 998 1579 eis
1025 1504 1184 1578 homines
1212 1504 1256 1578 si·

140 1637 229 1695 stare
247 1621 388 1695 soleant.
410 1619 502 1692 Nihil
518 1637 570 1693 est
587 1621 677 1720 quod
697 1647 759 1693 nos
779 1638 876 1717 cogat
896 1617 962 1693 alio
981 1619 1014 1689 in
1034 1644 1140 1692 sensu
1158 1618 1256 1693 rerba

140 1735 214 1808 eius
241 1734 414 1833 accipere,
444 1762 532 1834 quae
566 1736 612 1807 ita
637 1761 675 1807 se
699 1734 848 1807 habent:
882 1733 1122 1806 «Firmissime
1154 1750 1250 1819 tene,

141 1865 174 1922 et
190 1849 383 1922 nullatenus
402 1847 561 1922 dubites.
585 1909 591 1920 .
612 1908 619 1920 .
640 1907 647 1920 .
665 1849 807 1947 Nuptias
827 1873 961 1949 quoque
980 1847 1145 1922 divinitus
1163 1847 1254 1920 insti·

141 1979 230 2036 tutas
250 1980 284 2036 et
305 1963 500 2036 benedictas
518 1997 553 2035 .“.
576 2022 582 2034 .
604 2024 610 2035 .
634 1966 701 2036 Nec
727 1963 818 2037 solas
846 1963 971 2061 primas
990 1962 1138 2061 nuptias.
1152 1988 1173 2035 a
1188 1963 1255 2035 Deo

139 2077 331 2149 institutas:
353 2077 534 2150 sedetiam
557 2078 724 2151 secundas
746 2094 779 2151 et
800 2079 934 2165 tertias,
959 2104 1019 2177 pro
1039 2102 1178 2163 eorum,
1199 2072 1253 2176 qui

139 2217 177 2263 se
201 2190 372 2263 continere
396 2217 463 2263 non
491 2209 657 2291 possunt,
692 2193 887 2265 infirmitate
911 2217 1105 2265 concessas.
1121 2222 1140 2261 s
1172 2192 1254 2263 Sane

139 2331 169 2378 s.
193 2305 388 2402 Fulgentius
412 2305 540 2404 ubique
562 2306 764 2379 fidissimum
787 2334 816 2378 s.
840 2305 1018 2403 Augustini
1044 2303 1251 2406 discipulum

138 2446 177 2494 se
200 2421 390 2519 profitetur3
418 2447 495 2494 cum
521 2438 631 2494 autem
657 2447 686 2493 s.
716 2421 923 2518 Augustinus
948 2439 981 2493 et
1006 2421 1124 2493 tertias
1150 2436 1185 2494 et
1206 2419 1251 2492 ul-

139 2535 275 2608 teriores
289 2535 479 2634 probaverit
496 2537 633 2634 nuptias
653 2552 813 2635 tanquam
832 2536 959 2620 licitas,
981 2562 1049 2608 non
1067 2533 1137 2608 alio
1157 2560 1253 2608 seusu

138 2650 285 2725 enarrari
310 2649 409 2722 debet
434 2678 463 2722 s.
486 2651 693 2746 Fulgentius

211 2763 381 2837 Herardus
400 2764 676 2864 archiepiscopus
703 2766 892 2838 turonensis
910 2765 1021 2837 varios
1040 2790 1191 2838 canones
1211 2763 1251 2834 di·

139 2879 337 2977 sciplinarcs
363 2879 496 2976 collegit
521 2904 606 2978 quos
633 2878 794 2952 ecclesiae
821 2906 903 2952 suae
924 2879 1109 2952 servandos
1137 2903 1253 2977 propo

139 2994 208 3067 suit
233 2994 443 3092 sancivitque
474 2993 506 3063 in
540 2992 681 3066 concilio
706 3018 726 3063 a
752 3018 790 3064 se
815 2992 992 3065 celebrato.
1030 2993 1103 3066 Non
1131 2992 1253 3065 indicat

138 3133 216 3181 vero
240 3108 347 3182 sontes
372 3108 463 3180 unde
488 3134 546 3180 eos
577 3108 781 3193 adsciverit;
812 3107 895 3179 lorte
921 3108 1010 3179 hunc
1040 3106 1083 3179 de
1109 3133 1179 3205 quo
1209 3121 1255 3179 est

139 3248 268 3308 sermo,
293 3249 333 3294 ex
359 3222 474 3321 aliquo
500 3238 635 3295 auctore
660 3248 780 3318 graeco
806 3221 975 3319 decerpsit
1000 3220 1180 3318 trigamiae
1201 3221 1254 3293 ed-

138 3361 250 3409 verso.
272 3337 338 3407 Aut
355 3335 453 3407 etiam
473 3335 630 3406 adulterii
645 3361 758 3407 vocem
777 3335 887 3408 latiori
907 3334 1154 3431 significatione
1166 3360 1255 3408 usur

139 3449 231 3549 pavit
256 3466 294 3522 ut
310 3449 431 3522 viduos
452 3449 559 3545 magis
578 3476 598 3521 a
616 3449 849 3522 consectandis
869 3448 975 3521 tertiis
993 3464 1024 3521 et
1041 3448 1254 3523 ulterioribus

140 3564 267 3662 nuptiis
288 3564 469 3636 deterreret
495 3565 612 3637 eadem
640 3565 768 3638 ratione
793 3591 862 3663 qua
887 3589 924 3636 se
949 3564 1054 3659 gessit
1079 3590 1110 3636 s.
1140 3564 1254 3637 Hiero

139 3704 273 3778 nymus.
299 3678 396 3764 Quod
421 3679 522 3751 etiam
553 3678 697 3752 coniicio
722 3706 762 3751 en
787 3679 830 3750 iis
858 3705 946 3777 quae
964 3677 1142 3752 constituit
1169 3678 1252 3750 idem

139 3792 310 3867 llerardus
329 3820 402 3867 can.
424 3794 506 3864 llll.
531 3794 769 3892 «Quicumque
794 3793 932 3866 viduam
950 3792 1038 3863 inlra
1054 3792 1156 3866 XXX.
1186 3792 1254 3864 dies

138 3908 316 3981 viduitatis
343 3909 481 3981 invitam
507 3909 559 3981 vel
585 3907 750 3981 volentem
777 3908 969 4006 acceperit,
994 3905 1081 3977 ultra
1099 3933 1175 3979 eam
1194 3931 1255 3979 non

140 4023 283 4121 attingat
301 4053 307 4096 :
330 4045 363 4096 et
380 4023 538 4096 adulterii
556 4048 681 4122 poenas
699 4020 768 4094 luet
788 4024 909 4116 (104),
929 4052 946 4090 »
970 4021 1095 4093 namsi
1121 4020 1165 4093 de
1182 4045 1255 4094 vero

139 4139 318 4235 coniugio,
347 4155 385 4211 ut
408 4137 557 4223 videtur,
589 4137 651 4210 hoc
679 4138 713 4208 in
739 4162 866 4210 canone
890 4136 1021 4233 agitur,
1052 4161 1119 4209 non
1146 4151 1254 4235 potest

217 4316 282 4378 (to-t)
298 4313 368 4377 Apud
385 4313 459 4363 tato.
478 4314 524 4363 loe.
538 4313 579 4362 cit.
592 4271 642 4361 m
659 4319 714 4362 tto.
