2796 5064
239 358 307 431 300
357 380 418 432 tia.
440 380 488 430 tit.
509 378 595 431 sect.
616 378 934 430 attestationes.
957 378 1053 429 lira.
1072 376 1198 430 auulsa.

238 497 342 583 roris,
370 497 469 570 etiam
499 521 575 569 reus
608 494 728 593 culpae
753 511 826 568 est.
844 554 850 565 .
869 555 900 566 ..
926 494 1075 568 Dimittis
1110 521 1191 593 ergo
1221 521 1341 570 uxorem

152 708 156 715 ¹
237 613 337 711 quasi
363 611 454 697 iure,
484 610 558 683 sine
582 609 745 696 crimine,
773 623 807 681 et
838 625 938 709 putas
971 608 1006 680 id
1032 608 1092 681 tibi
1125 610 1247 698 licere,
1276 613 1344 710 quia

237 725 290 799 les
314 725 462 799 bumana
487 751 554 798 non
581 723 757 823 prohibet:
786 723 846 797 sed
872 724 987 797 divina
1014 724 1182 824 probibet,
1206 725 1272 811 Qui
1294 725 1345 800 lio

239 840 386 913 minibus
410 839 628 938 obsequeris,
657 838 762 911 Deum
798 865 925 913 verere.
953 837 1040 911 iudi
1066 838 1176 936 legem
1202 841 1344 923 Domini,

238 955 292 1029 eui
320 954 551 1053 obsequuntur
574 955 675 1026 etiam
701 953 761 1052 qui
788 953 879 1050 leges
906 954 1034 1027 lerunt:
1057 954 1147 1040 Quae
1170 955 1260 1028 Deus
1285 982 1346 1027 aaa·

239 1071 352 1143 iuaait
377 1071 466 1141 iama
499 1096 563 1141 aaa
594 1083 731 1168 separet.
768 1069 834 1142 Sed
870 1094 938 1142 non
980 1068 1089 1142 solum
1124 1069 1182 1142 bio
1216 1070 1347 1144 caeleste

240 1199 473 1284 praeceptum,
502 1183 561 1257 sed
587 1182 757 1282 quoddam
782 1183 882 1256 etiam
915 1208 1001 1281 opus
1025 1182 1087 1255 Dei
1113 1182 1269 1257 solvitur.
1300 1184 1348 1256 l’a

241 1300 383 1387 terisne,
410 1325 488 1386 oro,
512 1297 635 1372 liberos
662 1314 762 1385 tuos,
787 1298 919 1372 vivente
944 1315 997 1383 te,
1026 1323 1103 1371 esse
1127 1297 1196 1371 sub
1218 1299 1346 1382 citrium

240 1431 299 1488 aut
331 1413 489 1487 ineolumi
518 1429 645 1500 matre,
679 1414 799 1511 degere
830 1412 894 1487 sub
919 1411 1084 1487 noverca?
1113 1413 1230 1501 Pone,
1260 1415 1289 1487 si
1311 1439 1350 1486 re

241 1529 379 1630 pudiate
405 1554 472 1602 non
501 1527 616 1601 nubat.
646 1528 689 1601 Et
717 1527 801 1601 baec
824 1529 897 1600 vira
927 1527 987 1600 tibi
1017 1527 1134 1601 debuit
1161 1527 1346 1627 displicere,

147 1728 151 1733 ,
240 1645 294 1719 cui
323 1642 475 1717 adultero
510 1643 611 1715 fidem
645 1641 789 1716 servet?
817 1643 918 1727 Pane,
942 1642 970 1715 si
1003 1641 1118 1717 nubat.
1140 1643 1351 1718 Necessitate

241 1758 333 1832 illius
357 1775 450 1832 tuum
484 1758 609 1831 crimen
636 1771 706 1830 est:
735 1773 768 1829 et
800 1757 992 1853 coniugium
1017 1756 1107 1856 quod
1125 1773 1229 1856 putas
1243 1816 1252 1844 ,
1268 1757 1351 1831 adut

242 1874 360 1947 terium
392 1888 455 1947 est.
488 1872 578 1957 Quid
601 1873 692 1946 enim
715 1872 834 1959 refert,
868 1888 980 1946 utrum
1002 1871 1038 1944 id
1066 1887 1185 1972 aperta
1211 1874 1352 1946 criminis

241 1987 473 2073 confessione,
493 2012 537 2059 an
563 1986 672 2059 mariti
698 1987 812 2084 speeie
837 1986 968 2060 adulter
984 1985 1158 2074 admittas;
1189 1988 1257 2061 nisi
1274 1985 1352 2088 quod

241 2100 379 2197 gravius
398 2115 450 2174 est
479 2098 584 2196 legem
615 2099 767 2173 criminis
804 2100 944 2186 iecisse,
978 2126 1081 2200 quam
1117 2099 1274 2175 lurtum?
1296 2099 1352 2172 Sed

242 2214 384 2288 fortasse
410 2213 498 2286 dicet
520 2213 668 2312 aliquis:
693 2213 857 2300 Quomodo
885 2214 1015 2314 Moyses
1039 2214 1212 2287 mandauit
1228 2215 1306 2287 duri
1319 2215 1352 2286 li·

245 2328 337 2399 iram
348 2326 493 2424 repudii,
514 2341 544 2399 et
563 2326 722 2399 dimittere
742 2353 876 2400 umorem
893 2328 911 2398 i
928 2327 994 2414 Qui
1014 2328 1078 2402 hoc
1099 2328 1196 2415 dicit,
1220 2329 1350 2401 iudaeus

243 2456 306 2515 est.
326 2440 390 2526 Qui
417 2441 482 2514 hoe
502 2440 597 2527 dicit,
613 2440 819 2514 christianus
844 2468 910 2516 non
937 2457 1000 2515 est.
1016 2443 1058 2516 lit
1080 2441 1171 2530 ideo,
1192 2443 1274 2542 quia
1299 2443 1350 2514 hoe

244 2556 371 2641 obiicit,
389 2555 480 2654 quod
504 2556 670 2630 obiectum
695 2573 748 2630 est
772 2557 935 2643 Domino,
968 2556 1168 2658 respondeat
1193 2560 1224 2631 ei
1250 2557 1350 2631 Domi·

245 2698 325 2744 nus:
342 2670 392 2743 Ad
409 2671 582 2754 duritiam,
605 2672 727 2770 inquit,
748 2671 973 2744 cordisvestri
989 2674 1141 2769 permisit
1159 2673 1253 2745 uobis
1268 2672 1348 2771 tiry-

242 2813 292 2859 ses
323 2786 401 2858 dare
436 2786 556 2857 librum
581 2786 728 2884 repudii,
764 2801 793 2857 et
824 2785 984 2857 dimittere
1009 2812 1152 2858 umores:
1188 2788 1231 2859 ab
1269 2788 1348 2859 icitia

243 2930 307 2974 nen
330 2904 396 3000 suit
420 2905 479 2973 sie.
509 2903 645 3000 Moyses
672 2902 840 3000 permisit,
866 2901 995 3000 inquit,
1025 2927 1091 2975 non
1118 2902 1212 2977 Deus
1237 2903 1344 2976 iussit:

244 3017 287 3089 ab
306 3017 401 3089 initio
418 3032 529 3089 autem
546 3017 605 3089 Dei
634 3016 688 3088 lex
714 3032 778 3089 est.
808 3016 904 3101 Quae
929 3032 980 3089 est
1003 3016 1054 3088 lex
1079 3015 1170 3087 aei?
1193 3016 1346 3114 Relinquit

245 3133 334 3203 lamo
372 3148 499 3229 patrem
530 3147 560 3202 et
592 3147 753 3216 matrem,
786 3147 818 3202 ct
850 3132 1039 3204 adhaerebit
1076 3134 1180 3203 umori
1202 3159 1298 3214 auce,
1326 3143 1346 3200 rt

243 3263 337 3318 erunt
354 3247 447 3318 orabo
469 3249 504 3318 in
529 3275 624 3320 carm
649 3275 727 3319 aaa.
762 3248 850 3344 Ergo
875 3249 933 3346 qui
959 3247 1103 3320 dimittit
1124 3273 1263 3322 uxorem
1289 3271 1344 3320 car·

245 3386 320 3432 nem
347 3386 442 3432 suam
478 3361 623 3446 scindit,
654 3361 776 3435 dividit
801 3387 969 3461 corpus...
997 3362 1121 3443 Tamen
1150 3362 1235 3460 quia
1258 3382 1343 3460 supra

247 3475 420 3574 proposuit
444 3501 582 3571 regnum
605 3477 664 3548 Dei
693 3477 943 3573 evangelizare,
976 3493 1009 3548 et
1034 3501 1112 3548 cum
1143 3475 1289 3550 dixisset
1313 3473 1343 3546 dc

244 3589 317 3685 lege
342 3616 444 3660 unum
470 3590 598 3688 apicem
616 3615 681 3663 nou
705 3590 956 3689 pessumdare,
973 3589 1137 3663 subiecit:
1171 3592 1286 3664 Omnis
1301 3588 1343 3687 qui

245 3703 380 3775 dimittit
405 3730 538 3776 uxorem
564 3731 672 3787 suam,
693 3721 725 3776 et
743 3706 832 3777 ducit
857 3706 1006 3787 alteram,
1037 3706 1226 3778 maechatur
1247 3707 1340 3801 (112).

246 3819 344 3890 liecte
361 3818 517 3893 admonet
530 3820 710 3918 Apostolus
728 3822 857 3895 dicens:
879 3824 1125 3893 Sacramentum
1138 3821 1196 3895 liae
1207 3842 1341 3919 moquurr

246 3959 311 4004 csse
337 3933 375 4004 de
398 3933 526 4006 Christo
552 3950 583 4005 et
605 3937 739 4007 eeclesia
759 3938 898 4031 (113).»

318 4076 383 4137 (itt)
402 4079 435 4125 Ex
448 4076 486 4126 iris
504 4077 624 4127 Ambrosii
640 4078 721 4128 verbis
739 4078 891 4141 illustratur,
903 4077 970 4141 qrrod
990 4077 1103 4141 superius
1123 4077 1334 4130 animadvertimus.

246 4155 272 4205 ia
294 4156 425 4219 Evangelio
444 4158 524 4206 Lucae
544 4157 607 4206 hauc
623 4157 766 4207 seutentiam
777 4171 835 4206 curn
845 4157 1045 4221 praecedentibus
1060 4170 1124 4219 quae
1142 4158 1261 4208 habeatur
1276 4151 1336 4203 rem

244 4233 334 4283 Christi
354 4234 452 4283 Domini
471 4235 593 4284 manenti.

320 4315 385 4377 (tlt)
401 4314 900 4376 0p.ed.itaur.t01u.1.cal.itio-1472.
921 4330 935 4366 a
952 4329 975 4365 n.
990 4315 1086 4367 uada.
