2796 5064
138 353 205 422 l08
281 374 342 425 ιιι.
354 373 400 423 ιιι.
418 372 504 422 secr.
521 372 651 421 narrar.
669 370 708 420 ur
727 370 838 420 mursa.
855 369 951 420 uiri.
969 368 1093 420 onnur.

136 493 223 565 niter
233 506 465 590 exposuerunt
482 490 677 575 conventui,
695 505 839 562 veterem
864 486 1109 587 rempublicam
1128 513 1249 588 semper

136 606 444 679 coniunctissimam
470 605 576 677 luisse
596 604 802 703 apostolicae
818 602 916 688 Sedi,
936 619 971 675 et
986 603 1147 676 conciliis
1164 628 1249 676 oecu-

136 720 277 793 menicis
304 720 376 794 eius
398 718 593 792 auctoritate
619 717 820 803 celebratis,
841 717 966 817 pioque
991 742 1132 815 semper
1151 717 1251 791 studio

136 832 342 932 complexam
367 859 407 906 ac
430 848 620 906 veneratam
638 833 773 906 decreta
790 830 1054 930 sanctionesque
1080 831 1163 904 inde
1187 856 1251 930 pro

137 948 241 1031 lecta,
270 961 385 1046 utpote
408 947 559 1020 divinam
584 945 744 1045 gloriam,
773 945 961 1019 animorum
998 944 1173 1032 salutem,
1208 971 1252 1044 pe·

136 1088 276 1163 remque
302 1062 560 1136 christianorum
588 1061 829 1163 promoventia.
856 1060 977 1133 Verum
1003 1059 1049 1133 ab
1074 1086 1145 1147 eo,
1173 1058 1251 1160 quod

137 1179 279 1278 septimo
304 1203 433 1251 canone
458 1177 653 1278 parabatur,
675 1177 740 1252 nisi
759 1175 988 1250 moderatione
1012 1173 1136 1275 aliqua
1162 1175 1252 1248 reior-

136 1310 302 1379 maretur,
332 1293 447 1366 inlerri
473 1317 574 1391 posse
601 1318 667 1365 non
694 1290 860 1366 modicam
877 1290 1105 1365 offensionem
1123 1290 1250 1364 orientis

136 1407 319 1495 ecelesiae,
347 1407 542 1507 praesertim
562 1433 640 1480 vero
664 1422 857 1479 venetorum
876 1404 1020 1490 insulis,
1042 1403 1183 1491 Cretae,
1202 1404 1250 1504 ey-

138 1547 214 1621 pm,
231 1521 414 1622 Corcyrae,
433 1522 617 1621 Zacyntho,
638 1519 883 1620 cephaleniae,
898 1534 932 1592 et
943 1518 1022 1593 aliis
1038 1519 1176 1606 multis,
1197 1545 1249 1592 non

136 1637 245 1709 solum
272 1663 347 1710 cum
373 1635 528 1737 publicae
545 1635 690 1735 quietis,
720 1635 779 1709 sed
798 1661 874 1709 cum
892 1631 1056 1708 eeclesiae
1073 1634 1249 1710 catholicae

135 1751 346 1826 detrimento.
375 1751 586 1852 Compertum
612 1777 688 1825 esse
713 1750 888 1850 patribus,
910 1749 1044 1823 tametsi
1068 1775 1193 1848 graeca
1208 1775 1250 1823 er·

135 1864 239 1940 elesia
263 1891 284 1938 a
302 1891 439 1940 romana
456 1893 497 1939 ex
518 1882 612 1966 parte
628 1864 843 1950 dissentiret,
865 1890 930 1937 non
949 1880 1065 1937 tamen
1083 1889 1127 1938 eo
1145 1862 1249 1961 despe

137 1982 275 2055 rationis
301 1982 480 2056 deventum
506 2009 603 2067 esse,
633 1999 670 2055 ut
696 1979 832 2055 meliora
858 1981 988 2079 sperari
1011 2006 1081 2054 non
1095 1995 1246 2081 possent;

136 2098 333 2195 praesertim
360 2123 436 2171 cum
462 2098 573 2195 graeci
602 2098 637 2169 in
662 2096 823 2171 subiectis
850 2093 1060 2196 reipublicae
1088 2095 1175 2171 locis
1202 2095 1249 2168 de

135 2228 275 2308 gentes,
304 2213 459 2312 quamvis
485 2213 550 2286 ritu
577 2239 637 2286 suo
662 2213 830 2297 viverent,
859 2229 969 2285 tamen
996 2211 1248 2309 praesulibusa

134 2353 219 2401 rom.
251 2327 410 2425 pontifice
435 2328 620 2427 assumptis
646 2327 927 2426 obtemperarent.
950 2326 1000 2404 Ea
1024 2344 1167 2426 propter
1192 2342 1247 2401 tum

135 2467 245 2514 rerum
272 2441 523 2527 convenientia,
552 2459 622 2515 tum
648 2457 818 2516 oratorum
844 2465 984 2513 munere
1009 2466 1049 2513 se
1075 2439 1245 2539 compelli,

135 2585 178 2630 ne
213 2559 278 2657 ipsi
306 2583 364 2631 eos
399 2558 540 2657 populos
576 2559 699 2657 percuti
732 2559 880 2631 sinerent
914 2555 1085 2629 eiusmodi
1120 2555 1246 2629 anathe

135 2690 243 2759 mate,
271 2673 405 2775 quoad
431 2674 629 2758 tumultum,
664 2674 894 2772 integramque
920 2697 939 2743 a
962 2670 1044 2744 sede
1075 2671 1247 2772 apostoliea

135 2790 360 2864 secessionem
389 2806 657 2888 provocarentur.
688 2789 776 2861 Satis
802 2805 972 2871 constare,
1011 2788 1048 2857 in
1076 2813 1171 2860 more
1200 2812 1246 2886 po

135 2904 235 2976 situm
267 2905 358 3002 apud
390 2931 549 3002 graecos,
580 2924 615 2977 ut
641 2932 776 2978 uxorem
802 2903 990 2976 adulteram
1016 2903 1199 2988 deserant,
1222 2919 1247 2975 et

134 3019 235 3091 aliam
249 3021 385 3105 ducant,
406 3021 616 3093 veterrimam
636 3021 799 3093 maiorum
817 3016 1120 3106 consuetudinem,
1138 3035 1175 3092 ut
1191 3016 1245 3116 ipsi

134 3134 267 3219 dicunt,
290 3135 395 3207 secuti
411 3165 418 3221 ;
436 3160 498 3207 nec
517 3136 641 3209 ideirco
660 3135 736 3209 illos
756 3135 951 3218 damnatos,
972 3149 1031 3205 aut
1044 3133 1247 3207 anathemate
1272 3175 1274 3181 ,

136 3246 307 3344 perculsos
334 3249 439 3323 luisse
461 3249 504 3323 ab
529 3251 598 3323 ulla
624 3251 754 3350 synodo
779 3249 1019 3334 oecumenica,
1049 3250 1185 3322 etiamsi
1210 3273 1247 3320 ro

134 3387 254 3433 manae
270 3379 304 3435 et
321 3363 506 3437 catholicae
523 3365 686 3437 ecclesiae
705 3364 899 3437 huiusmodi
918 3388 991 3436 mos
1011 3361 1146 3461 liquido
1164 3364 1248 3435 inne

134 3474 264 3547 tuisset.
293 3476 493 3551 Existimare
511 3479 613 3575 igitur
630 3495 778 3552 oratores
797 3477 850 3550 sui
869 3502 945 3549 esse
962 3478 1136 3565 muneris,
1158 3501 1247 3577 quam

133 3589 369 3664 efficacissime
403 3612 561 3691 possent,
592 3595 786 3694 postulare,
816 3610 852 3665 ut
878 3617 975 3665 voces
1004 3591 1085 3664 illae
1107 3592 1247 3677 ‚canonis

134 3706 218 3778 adeo
243 3708 412 3780 moderate
440 3708 642 3794 lenirentur,
671 3735 712 3781 ne
737 3711 869 3806 graecis
895 3707 1137 3781 detrimentum
1158 3709 1248 3780 inler-

135 3837 230 3906 rent,
259 3823 455 3919 praesertim
483 3824 645 3896 intentato
662 3824 875 3895 anathemate
890 3851 897 3908 ;
918 3821 1010 3920 quod
1028 3821 1174 3894 dubium
1192 3846 1247 3894 uon

133 3955 204 4009 erat
228 3939 347 4011 confici
368 3965 486 4039 posse,
510 3966 574 4013 non
601 3939 710 4013 solum
731 3937 822 4011 nulla
844 3954 939 4036 parta
958 3935 1127 4012 eeclesiae
1145 3938 1248 4013 calbo

134 4051 219 4125 lirae
233 4053 452 4151 indignitate,
469 4056 529 4128 sed
544 4055 685 4128 lortasse
703 4070 829 4128 retenta
848 4053 1071 4153 plurimorum
1086 4052 1246 4127 doctorum

135 4169 332 4241 reverentia.
351 4171 473 4252 Posse,
494 4187 655 4269 quantum
670 4169 737 4268 ipsi
757 4167 930 4253 rebantur,
952 4180 986 4239 et
1003 4166 1148 4241 obtineri
1167 4163 1245 4268 quod

134 4283 284 4378 synodus
308 4284 521 4372 intendebat,
543 4302 575 4357 et
593 4283 799 4384 reipublicae
818 4282 1000 4370 satisfieri,
1025 4308 1157 4359 canone
1172 4285 1248 4357 eius·
