2796 5064
253 378 325 429 cnr.
346 377 382 428 n.
399 378 439 429 or
453 378 629 430 notrorum
642 378 840 433 successus.
859 384 929 433 aar.
946 383 981 435 u.
1135 366 1180 437 95

69 522 197 571 sensum
216 497 308 573 circa
331 496 390 571 illa
412 497 677 598 patefaceremus
695 515 809 574 contra
831 501 1012 578 nonnullos
1030 504 1088 603 qui
1106 531 1182 580 con·

67 612 197 685 tendere
221 612 289 686 visi
310 626 389 686 sunt
408 612 585 687 ecclesiam
607 614 745 688 modum
762 617 952 691 excessisse
974 620 1178 718 spectando,

64 745 95 800 ut
115 728 183 826 ipsi
207 743 405 815 antumant,
433 729 599 802 eiusmodi
617 730 832 804 matrimonia
850 748 1011 832 tanquam
1028 733 1182 810 absolute

63 842 177 914 illicita
203 842 307 915 immo
331 843 433 916 etiam
460 842 634 940 illegitima
660 869 699 917 ac
725 844 829 918 nulla.
853 845 895 921 At
918 874 994 922 vero
1018 849 1109 946 rigor
1126 851 1183 924 ille

63 985 123 1031 non
149 957 276 1054 dogma
298 957 357 1031 sed
383 957 490 1031 solam
518 957 734 1058 disciplinam
760 962 955 1059 attingebat.

136 1074 228 1145 Sane
255 1071 348 1146 nulla
372 1088 445 1147 erat
474 1073 559 1146 ratio
588 1101 695 1173 quare
724 1075 868 1151 ecclesia
902 1079 1092 1177 trigamiam
1125 1098 1184 1156 ant

62 1188 295 1286 tetragamiam
308 1188 553 1289 ulterioresque
565 1191 703 1289 nuptias
715 1191 891 1266 damnaret
905 1194 986 1266 dum
1000 1194 1183 1293 bigamiam

62 1306 233 1393 toleraret,
256 1303 493 1405 probaretque.
514 1305 689 1406 Siquidem
702 1307 812 1381 eidem
828 1309 1046 1385 fundamento
1063 1338 1183 1388 omnes

61 1420 229 1495 eiusmodi
256 1421 508 1496 coniunctiones
534 1447 623 1521 quae
647 1423 750 1522 priori
778 1424 1027 1512 succedebant,
1062 1428 1184 1502 innite-

61 1537 201 1624 bantur,
230 1535 344 1610 verbis
370 1535 500 1611 scilicet
524 1535 677 1636 Apostoli
700 1554 769 1612 tum
796 1539 830 1612 in
849 1540 912 1641 Ep.
928 1542 981 1615 ad
1003 1542 1097 1616 Rom.
1122 1544 1183 1616 «Si

62 1668 212 1725 mortuus
240 1651 340 1725 luerit
360 1652 413 1724 vir
434 1651 508 1724 eius
530 1650 672 1726 liberata
691 1669 743 1726 est
768 1655 929 1750 (mulier)
951 1682 971 1728 a
998 1656 1071 1754 lcge
1094 1659 1180 1748 viri,

61 1783 93 1840 nt
111 1793 181 1840 non
205 1765 251 1839 sit
271 1764 442 1852 adultera,
464 1765 493 1841 si
517 1766 618 1841 luerit
634 1794 711 1840 cum
725 1767 793 1842 alio
806 1769 878 1843 viro
889 1800 896 1857 ;
908 1801 926 1839 »
940 1787 1009 1843 tum
1028 1772 1062 1843 in
1078 1773 1104 1844 l.
1117 1774 1180 1874 Ep.

62 1881 99 1952 ad
118 1879 276 1954 Corinth.
303 1880 416 1954 «Dico
434 1896 544 1954 autem
567 1906 634 1955 non
656 1883 771 1982 nuptis
788 1899 819 1955 ct
836 1884 967 1970 viduis,
989 1886 1114 1960 bonum
1133 1904 1185 1967 est

63 1997 147 2082 illis,
178 1997 211 2070 si
239 1997 290 2070 sic
321 2014 556 2097 permaneant,
590 1998 678 2072 sicut
702 2016 736 2072 ct
760 2000 843 2097 Ego.
874 2000 1027 2087 Quodsi
1055 2029 1121 2075 non
1147 2029 1186 2080 se

63 2112 256 2197 continent,
286 2111 442 2184 nubant»
471 2113 667 2186 etiterum:
702 2143 718 2184 c
729 2114 851 2188 mulier
876 2115 1013 2214 alligata
1039 2134 1092 2194 est
1117 2118 1182 2218 legi

63 2245 187 2329 quanto
210 2245 359 2326 tempore
375 2227 428 2300 vir
444 2228 518 2301 eius
539 2227 641 2316 vivit,
663 2230 753 2329 quod
773 2231 802 2303 si
821 2230 996 2305 dormierit
1016 2234 1068 2306 vir
1085 2235 1181 2322 eius,

64 2345 204 2420 liberata
229 2360 303 2431 est,
330 2343 385 2417 cui
410 2343 481 2418 vult
506 2343 628 2417 nubat:
660 2361 789 2419 tantum
816 2347 850 2418 in
871 2347 1060 2422 Domino.»

131 2463 232 2549 Quae
257 2458 442 2534 sententiae
466 2458 640 2557 generales
668 2477 766 2546 suot,
794 2489 903 2563 neque
928 2482 1099 2539 coarctant
1123 2492 1186 2537 nu·

64 2580 210 2676 ptiarum
241 2575 473 2674 repetitionem
500 2575 542 2647 ad
569 2601 671 2648 unam
696 2576 749 2649 vel
775 2577 913 2651 alteram
943 2594 1096 2667 tantum,
1125 2580 1185 2654 sed

64 2694 240 2768 indefinite
262 2711 300 2765 se
319 2718 357 2766 sc
378 2691 562 2765 extendunt
583 2692 626 2765 ad
649 2693 786 2781 tertias,
811 2712 951 2794 quartas
973 2713 1031 2770 aut
1048 2696 1185 2796 quintas

63 2810 200 2910 nuptias
220 2823 319 2907 prout
336 2806 467 2879 iamdiu
484 2804 673 2880 adverterat
699 2834 728 2882 s.
750 2808 959 2904 Augustinus
982 2810 1059 2883 licet
1074 2810 1187 2883 vidui-

63 2943 161 2999 tatem
181 2949 265 3024 prae
282 2923 410 3023 nuptiis
428 2939 461 2996 et
477 2911 689 2996 bommendet
712 2941 745 2997 et
765 2923 926 2998 suadeat:
955 2956 972 2994 n
988 2926 1037 2998 Dc
1051 2926 1183 3011 tertiis,

64 3042 191 3142 inquit,
212 3056 247 3113 ct
268 3038 311 3113 de
332 3039 462 3139 quartis
484 3039 613 3139 nuptiis
633 3041 742 3115 solent
760 3040 915 3114 homines
934 3067 1066 3116 movere
1084 3067 1188 3142 quae·

64 3159 224 3231 stionem.
246 3156 360 3243 Unde,
381 3154 582 3229 utbreviter
599 3157 839 3255 respondeam,
861 3183 924 3230 nec
940 3156 1029 3230 ullas
1048 3157 1186 3256 nuptias

64 3274 172 3346 audeo
193 3271 376 3346 damnare.
395 3329 401 3343 .
418 3330 447 3343 ..
470 3272 555 3358 Quis
577 3273 668 3345 enim
691 3299 786 3360 sum,
810 3273 869 3372 qui
891 3288 1002 3373 putem
1023 3272 1187 3347 definien-

64 3389 142 3462 dum
160 3388 254 3488 quod
276 3413 337 3461 nec
355 3386 553 3486 Apostolum
569 3387 669 3462 video
687 3387 863 3462 definiisse
879 3390 896 3459 l
912 3388 968 3461 Ait
985 3389 1096 3462 enim:
1116 3386 1188 3460 dla-

68 3506 123 3578 liei·
139 3506 287 3603 alligato
308 3519 356 3577 est
372 3505 530 3603 quamdiu
546 3506 600 3577 cir
616 3506 686 3576 eius
703 3506 797 3576 vicit.
822 3505 893 3576 Non
912 3504 1017 3590 dixit,
1039 3503 1185 3605 primas,

67 3638 120 3694 aut
144 3620 335 3707 secundas,
365 3625 422 3694 ant
446 3621 578 3709 tertias,
606 3636 664 3694 aut
685 3637 844 3719 quartas:
871 3620 951 3706 sed,
980 3622 1118 3704 mulier,
1141 3619 1190 3691 in-

68 3739 156 3836 quit,
177 3737 321 3835 alligato
343 3751 390 3809 est
406 3737 565 3836 quamdin
582 3738 636 3809 vir
655 3740 724 3809 circs
745 3739 845 3820 uicit,
866 3739 899 3810 si
918 3750 1026 3808 cirtem
1042 3750 1188 3808 mortuus

71 3854 165 3946 fcerit
190 3855 245 3925 vir
269 3855 362 3934 eius,
393 3854 531 3925 liberato
556 3868 626 3935 est,
664 3854 719 3923 coi
744 3853 815 3923 vult
843 3852 967 3934 nnbat,
1000 3866 1129 3923 tontum
1154 3852 1189 3921 in

73 3967 217 4040 lloinr'no.
244 3969 377 4040 Bentior
402 3970 612 4051 accerserit,
635 3970 667 4038 si
682 3970 729 4038 sic
747 3967 976 4064 permanserit.
1000 3965 1090 4052 Quid
1109 3963 1189 4037 huic

77 4084 276 4170 sententiae,
306 4100 470 4183 quantum
495 4083 539 4155 ad
565 4083 652 4155 hanc
679 4109 747 4156 rom
773 4082 920 4169 adtinet,
950 4080 1029 4154 addi
1055 4080 1106 4153 vel
1131 4080 1192 4151 de-

79 4200 153 4271 trahi
181 4201 316 4299 possit,
347 4200 535 4298 ignoro...
555 4258 561 4270 .
585 4199 772 4298 Quaprotcr
799 4224 861 4270 ncc
887 4213 1001 4271 contra
1021 4197 1189 4268 humanae

80 4316 288 4389 uerecundiae
313 4341 451 4388 sensum
483 4313 591 4387 audeo
616 4314 746 4399 dicero,
777 4329 812 4387 ut
836 4313 992 4412 quotiens
1022 4308 1185 4396 voluerit,
