2796 5064
143 351 211 423 tet
287 370 348 420 cn.
361 366 652 421 maronianum.
674 366 714 418 nc
732 365 845 419 mmss.
866 365 965 418 man.
985 363 1116 418 canter.

140 514 259 568 novom
275 485 462 562 traducere.
479 484 633 560 Attamen
645 484 858 560 Chemmitius
873 483 1025 560 scribere
1037 511 1107 560 non
1119 484 1254 562 erubuit:

144 600 336 676 «Definitio
363 598 423 674 illa
448 599 582 674 divortii
611 603 728 695 (conc.
749 600 828 673 trid.
848 625 924 674 ean.
944 599 1033 673 Vlll.
1046 602 1082 695 ),
1108 601 1199 701 qnod
1218 604 1258 677 sit

141 717 310 818 separatio
334 713 539 789 matrimonii
564 711 677 814 quoad
703 729 831 801 torum,
856 727 1013 789 manente
1035 712 1179 791 vinculo
1192 741 1259 790 cou-

141 831 267 930 iugnli‚
297 857 382 904 noea
399 846 471 918 est,
496 845 593 902 etex
617 828 731 904 verbis
756 828 850 904 Pauli
872 828 960 904 male
982 828 1174 906 intellectis
1192 858 1260 932 per·

141 971 256 1045 peram
282 945 447 1018 fabricata
466 945 555 1040 (tt).
575 972 594 1013 e

213 1060 263 1132 lle
283 1057 435 1157 Apostoli
456 1071 567 1131 mente
587 1057 690 1157 paulo
705 1058 813 1147 inlra;
835 1058 968 1131 interim
985 1057 1090 1133 exiis
1110 1058 1260 1135 omnibus

141 1200 229 1274 quae
242 1171 444 1248 adduximus
459 1171 580 1272 poterit
596 1173 743 1273 quisque
759 1172 923 1247 iudicium
932 1174 1039 1262 lene,
1052 1201 1140 1247 num
1158 1175 1259 1276 reipsa

140 1288 311 1374 definitio,
332 1313 393 1361 eeu
411 1286 565 1360 doctrina
585 1286 719 1362 diuortii
737 1288 850 1388 quoad
868 1303 997 1378 torum,
1013 1305 1177 1364 manente
1192 1290 1258 1362 rin·

140 1401 217 1477 culo
241 1399 429 1500 coniugali,
450 1398 566 1499 eliqua
583 1399 652 1474 veri
672 1401 787 1500 specie
806 1401 873 1476 dici
895 1429 979 1477 coeo
999 1419 1129 1503 queat;
1153 1429 1257 1478 annon

141 1518 254 1617 potius
279 1515 446 1601 eiusmodi
476 1516 618 1590 assertio
635 1513 722 1589 falsa
738 1517 877 1591 omniuo
893 1516 940 1592 sit
956 1533 990 1592 et
1009 1543 1103 1594 nove
1129 1535 1259 1621 prorsus

141 1647 243 1732 atque
267 1630 458 1732 antiquitati
484 1629 663 1706 universae
686 1631 866 1707 contrarie.

646 1847 685 1948 a.
704 1847 751 1920 11.

202 2046 293 2115 mam
310 2061 424 2114 amara·
439 2022 578 2114 vairam
593 2059 624 2113 aa
638 2058 717 2112 uon
731 2062 790 2114 ma
803 2063 972 2129 omnam
986 2074 1047 2116 cun
1062 2064 1206 2131 awa

419 2164 424 2168 ·
542 2143 568 2191 ct
583 2139 718 2204 apostottat
734 2138 855 2192 doemon.

213 2328 256 2402 Ut
269 2328 357 2402 hanc
368 2327 615 2429 oppositionem
629 2330 787 2405 evincant
798 2329 1002 2421 adversarii,
1017 2331 1258 2434 ostendantque

139 2442 268 2519 nullum
287 2444 321 2517 in
339 2444 446 2518 saeris
464 2444 583 2521 litteris
598 2447 729 2520 admitti
746 2446 858 2545 quoad
876 2463 983 2521 torum
1002 2448 1257 2549 convictumque

137 2561 329 2648 divortium,
346 2561 427 2633 dum
445 2562 611 2659 integrum
629 2577 741 2636 manat
759 2563 962 2637 matrimonii
978 2560 1171 2653 vinculum,
1191 2587 1256 2664 pro

139 2693 260 2751 vocant
284 2676 327 2749 ad
353 2692 542 2752 contextum
571 2677 721 2777 Apostoli
749 2680 783 2750 l.
805 2677 881 2751 Cor.
908 2679 979 2750 vlt.
1010 2679 1066 2752 cui
1084 2694 1156 2753 tota
1177 2677 1258 2751 inni·

140 2793 244 2880 titur,
273 2807 309 2865 ut
333 2792 400 2893 ipsi
425 2793 539 2882 aiunt,
573 2793 814 2867 catholicorum
841 2793 1004 2867 doctrina.

214 2907 269 2981 Sic
294 2909 383 2981 enim
411 2909 519 3007 pergit
540 2907 751 2983 Chemnitius
773 2924 850 3011 post
874 2909 1019 2985 adduam
1044 2911 1178 3000 verba,
1204 2926 1252 2994 ut,

139 3023 424 3122 quemadmodum
447 3023 512 3098 sibi
538 3041 780 3123 proposuerat,
809 3026 964 3100 ostendat
987 3026 1179 3101 doctrinam
1207 3051 1256 3099 ca·

137 3137 297 3212 tholicam
322 3139 365 3212 da
391 3139 533 3214 divortio
558 3140 757 3238 fabricatam
782 3166 859 3215 csse
876 3168 917 3215 cx
938 3167 1117 3242 perperam
1139 3141 1257 3215 intelle·

138 3251 202 3323 ctis
228 3251 340 3326 verbis
362 3253 477 3327 Pauli:
508 3253 660 3329 «Scribit
684 3254 887 3354 Apostolus,
912 3256 960 3329 ait
983 3257 1079 3356 ipsa,
1095 3258 1256 3357 praecipio

138 3391 203 3438 oon
219 3392 295 3462 epo,
316 3367 372 3439 sed
390 3370 568 3454 Dominus,
597 3396 771 3445 amorcmo
794 3373 866 3443 viro
886 3397 950 3442 ooo
974 3370 1161 3445 discedere:
1179 3369 1257 3472 quod

138 3481 170 3552 si
192 3480 393 3567 discesserit,
414 3511 542 3556 monere
572 3486 760 3583 innuptam,
785 3501 843 3558 out
866 3487 938 3558 viro
962 3512 1020 3559 sco
1038 3488 1252 3562 reconciliari.

215 3685 266 3747 (to)
283 3686 320 3734 lte
342 3685 442 3749 quidem
465 3685 531 3750 apud
551 3688 727 3738 Baltarminum
752 3691 789 3738 Dc
807 3691 924 3740 matrtm,
945 3702 1000 3753 cap.
1022 3691 1089 3742 xtv.
1113 3704 1139 3755 p.
1164 3697 1200 3743 to.
1214 3688 1254 3754 oui

138 3762 200 3813 haec
212 3762 285 3814 rerba
296 3764 385 3828 attegat
395 3778 426 3815 ex
437 3767 468 3814 lt.
484 3767 553 3828 parte
565 3769 705 3817 Eccmtnta
719 3780 774 3831 pag.
789 3774 856 3818 ttet.
872 3771 964 3818 varum
978 3768 1004 3817 in
1019 3768 1132 3821 edttlouc
1143 3783 1193 3834 qua
1204 3771 1255 3819 utor

138 3842 212 3893 huius
235 3845 376 3895 Exomtnts
396 3857 467 3895 cone.
485 3844 592 3896 trident.
607 3848 720 3897 Genetes
743 3849 932 3911 tett.pert.11.
948 3861 1003 3912 pag.
1020 3854 1076 3900 att.
1095 3851 1173 3915 puoto
1193 3849 1257 3900 mter

138 3922 268 3972 immutata
280 3923 400 3973 abatiam
413 3937 497 3987 manu,
511 3927 623 3988 utputo,
640 3925 762 3988 teguntur.
780 3927 821 3976 sic
831 3926 896 3977 enim
906 3925 942 3976 ibi
951 3927 1087 3979 hennam
1110 3950 1124 3973 ι
1134 3931 1200 3981 [tuce
1210 3939 1256 3979 nott

137 4004 177 4051 eet
186 4015 256 4052 noea
266 4002 376 4054 dcflnttto
386 4003 500 4067 divortii,
513 4003 581 4068 quod
595 4004 690 4055 scilicet
699 4006 733 4055 sit
741 4008 835 4055 tantum
846 4005 967 4069 separatio
979 4006 1044 4057 iuter
1053 4008 1173 4072 coniuges
1181 4005 1257 4073 quood

137 4081 220 4132 torum
242 4084 268 4133 ct
285 4083 368 4147 quoad
388 4084 610 4147 cohabitationem,
625 4087 740 4136 manente
764 4086 861 4136 intertm
880 4085 955 4136 ctiam
976 4086 1043 4137 inter
1063 4091 1190 4152 tepentes
1210 4087 1257 4136 ria·

138 4161 196 4212 cnto
207 4163 366 4214 matrimontt.
383 4166 415 4215 Et
425 4165 482 4215 tatis
495 4165 595 4228 quidem
607 4165 729 4228 separatio
739 4169 838 4230 sumpta
852 4165 899 4217 tuit
910 4165 1018 4230 primum
1030 4181 1061 4219 ax
1072 4167 1143 4220 dicto
1155 4167 1224 4220 emti
1234 4167 1254 4214 t.

138 4241 196 4291 (tor.
209 4245 232 4292 7.
247 4244 294 4293 ete.
305 4263 317 4286 n
334 4245 425 4294 vemm
446 4244 565 4294 sententie
584 4244 619 4294 sic
641 4247 737 4296 mutatu
758 4258 807 4296 non
824 4245 931 4311 amplius
944 4244 1062 4298 conteret
1074 4260 1136 4300 cum
1149 4247 1181 4300 tit
1197 4257 1254 4312 quta

138 4321 291 4384 amnentur,
304 4323 333 4372 ut
351 4322 425 4386 paulo
448 4324 504 4387 post
523 4321 663 4375 ridebimur
