2796 5064
258 388 329 444 mr.
342 389 440 442 rnna
457 387 555 441 seusu
573 387 664 438 rom.
676 385 739 438 cra.
757 385 868 437 mnrss.
881 385 976 436 narn.
990 385 1061 435 nnn.
1079 387 1102 435 v.
1171 365 1238 434 eet

127 507 216 583 bunc
240 507 434 607 pontificem
452 532 513 607 pro
530 505 725 581 omnimoda
746 505 895 602 coniugii
918 504 1074 576 firmitate
1091 505 1236 578 stetisse.

125 625 222 712 Quod
237 639 279 697 ut
294 623 509 709 evincamus,
531 619 777 720 praemittimus
798 645 886 718 quae
907 619 942 690 in
964 620 1021 690 cit.
1039 618 1181 716 epistola
1198 620 1240 692 ad

125 739 272 813 Probum
302 737 457 837 scripsit;
487 752 557 810 tum
582 761 623 809 ea
648 734 896 835 expendemus,
924 760 1013 833 quae
1038 734 1241 808 adversariis

124 853 236 928 favere
262 852 419 926 ridentur
443 878 484 925 ex
509 850 687 926 collatione
711 875 847 936 eorum,
868 875 956 948 quae
979 849 1067 922 idem
1094 849 1244 948 pontifex

125 968 188 1044 bac
200 993 307 1068 super
319 992 356 1040 re
366 966 532 1041 decrerit:
549 965 668 1041 eadem
681 965 828 1064 denique
841 963 966 1038 directe
983 963 1239 1063 explicabimus.

194 1083 255 1156 Sic
278 1107 378 1183 porro
403 1081 438 1154 in
461 1081 563 1181 epist.
584 1080 628 1154 ad
656 1079 800 1154 Probum
825 1077 966 1152 scribit:
996 1077 1244 1154 «conturbatio

124 1196 296 1298 procellae
325 1195 520 1270 barbaricae
551 1194 699 1269 facultati
728 1194 839 1292 legum
865 1192 978 1267 intulit
1002 1220 1130 1267 casum.
1161 1196 1243 1268 Nam

123 1311 210 1386 bene
236 1310 417 1385 constituto
438 1309 652 1384 matrimonio
671 1310 759 1383 inter
781 1308 973 1382 fortunium
998 1324 1031 1382 et
1055 1309 1175 1383 Ursam
1192 1335 1244 1382 ca·

125 1424 293 1526 puritatis
321 1424 477 1498 incursus
506 1423 631 1498 fecerat
656 1449 816 1510 naevum,
845 1423 912 1496 nisi
937 1438 1054 1497 sancta
1072 1422 1244 1520 religionis

126 1556 253 1616 statuta
270 1538 496 1639 providerent.
508 1538 591 1611 Cum
606 1538 695 1612 enim
715 1538 750 1611 in
767 1539 960 1638 captivitate
977 1539 1147 1638 praedicta
1160 1539 1246 1613 Ursa

127 1655 251 1729 mulier
274 1668 463 1740 teneretur;
491 1653 583 1726 aliud
618 1654 811 1750 coniugium
836 1679 912 1726 cum
943 1654 1105 1728 Restituta
1129 1655 1246 1727 Fortu-

126 1771 204 1844 nius
222 1784 428 1843 memoratus
447 1767 568 1842 iniisse
584 1769 808 1865 cognoscitur.
829 1769 894 1842 Sed
912 1768 1026 1844 favore
1041 1769 1175 1843 Domini
1194 1795 1246 1842 re-

125 1909 224 1958 versa
246 1882 333 1955 Ursa
357 1907 419 1956 nos
444 1880 547 1969 adiit,
575 1896 609 1955 et
633 1881 726 1955 nullo
750 1882 936 1969 diffitente,
958 1909 1096 1956 uxorem
1117 1908 1155 1956 se
1176 1909 1246 1954 me-

127 1995 247 2072 morati
267 1994 452 2094 perdocuit.
476 1993 608 2081 Quare,
629 1995 765 2069 domine
784 1994 832 2067 fili
850 1996 969 2070 merito
993 1994 1152 2083 illustris,
1182 2012 1247 2069 sta-

128 2112 275 2196 tuimus,
297 2108 365 2182 fide
381 2107 548 2183 catholica
566 2108 794 2207 suffragante,
824 2108 907 2183 illud
932 2137 1010 2185 esse
1033 2110 1243 2208 coniugium,

127 2225 217 2327 quod
237 2239 311 2299 erat
329 2223 484 2324 primitus
502 2224 611 2321 gratia
627 2224 743 2298 divina
760 2223 957 2311 fundatum;
979 2242 1248 2325 conventumque

127 2339 301 2416 secundae
324 2337 495 2425 mulieris,
524 2337 634 2437 priore
660 2339 863 2439 superstite,
891 2366 948 2412 rrec
970 2339 1109 2413 divortio
1126 2342 1243 2423 eiecta,

128 2455 221 2531 nullo
249 2469 348 2554 pacto
372 2478 475 2553 posse
499 2479 576 2527 esse
600 2450 823 2550 legitimum.»
840 2454 889 2525 llx
914 2453 1066 2527 clausula
1083 2454 1160 2527 illa:
1181 2454 1248 2527 Nec

127 2573 270 2649 diuortio
280 2574 392 2657 eiecta
406 2571 554 2646 inferunt
566 2569 767 2656 adversarii;
783 2595 874 2667 ergo,
893 2570 1086 2644 lnnocentio
1099 2585 1246 2656 anctore,

127 2714 194 2764 non
217 2686 331 2762 solum
356 2702 485 2775 morte,
508 2711 622 2760 vemm
647 2684 749 2758 etiam
772 2684 914 2759 divortio
940 2684 1052 2757 dirimi
1078 2683 1249 2758 vinculum

128 2801 307 2900 coniugale
333 2816 454 2901 potest.

200 2919 438 2991 Verumtamen
463 2918 493 2991 si
520 2917 605 2992 haec
630 2919 845 2992 conferantur
870 2943 945 2991 cum
972 2918 1034 3003 iis,
1063 2942 1150 3014 quae
1175 2917 1249 3014 ipse

130 3030 308 3132 respondit
331 3031 519 3131 Exsuperio
543 3032 696 3107 tolosano
720 3033 900 3132 episcopo,
929 3030 988 3130 qui
1016 3056 1092 3103 eum
1117 3029 1182 3102 hac
1207 3031 1249 3103 de

128 3175 163 3222 re
179 3149 461 3244 interrogaverat,
482 3149 593 3222 omnis
607 3147 650 3220 de
662 3148 736 3222 eius
751 3163 860 3221 mente
873 3146 1039 3220 dubitatio
1057 3145 1246 3220 evanescit:

133 3261 212 3334 «De
231 3260 288 3334 bis
305 3261 426 3348 etiam,
448 3262 576 3362 inquit,
600 3262 777 3362 requisivit
797 3260 931 3335 dilectio
956 3277 1034 3348 tua,
1054 3261 1126 3360 qui,
1148 3260 1252 3334 inter-

130 3376 287 3450 veniente
315 3374 476 3475 repudio,
499 3373 558 3449 alii
579 3401 617 3449 se
637 3376 850 3450 matrimonio
873 3374 1083 3475 copularunt.
1106 3373 1198 3461 Quos
1216 3375 1251 3446 in

130 3507 276 3592 utraque
294 3504 390 3589 parte
412 3489 582 3564 adulteros
605 3516 683 3564 esse
707 3492 922 3567 manifestum
940 3507 1002 3564 est.
1021 3489 1086 3577 Qui
1103 3516 1182 3565 vero
1199 3489 1253 3563 vel

128 3632 235 3682 uxore
260 3605 413 3693 vivente,
438 3605 594 3705 quamvis
618 3605 840 3680 dissociatum
864 3606 1019 3680 videatur
1041 3631 1117 3680 esse
1141 3605 1254 3679 coniu-

129 3720 248 3821 gium,
267 3719 312 3793 ad
330 3719 432 3794 aliam
450 3719 605 3819 copulam
623 3719 846 3808 festinarunt,
867 3747 978 3821 neque
994 3735 1141 3820 possunt
1157 3717 1254 3792 adul-

130 3836 192 3912 teri
218 3861 287 3910 non
311 3835 439 3925 videri,
468 3836 503 3908 in
531 3851 682 3925 mutum,
702 3852 741 3911 ut
756 3837 857 3910 etiam
878 3835 943 3909 hae
965 3862 1152 3935 personae,
1177 3835 1254 3935 qni·

130 3950 194 4026 bns
220 3949 309 4025 tales
333 3951 532 4025 coniunctae
557 3968 656 4039 sunt,
684 3951 787 4024 etiam
816 3953 911 4052 ipsae
935 3950 1137 4025 adulterium
1163 3975 1254 4024 com·

130 4065 271 4139 misisse
294 4063 491 4153 videantur,
520 4065 706 4139 secundum
724 4064 808 4139 illud
825 4065 917 4166 quod
934 4064 1077 4162 legimus
1095 4064 1131 4135 in
1149 4062 1255 4137 Evan-

128 4181 246 4280 gelio:
277 4179 345 4268 Qui
360 4180 522 4255 dimiserit
544 4208 680 4254 acorem
699 4208 815 4268 suam,
837 4197 866 4254 et
883 4181 1017 4254 decerit
1032 4181 1154 4264 uliam,
1174 4205 1256 4250 moe-

128 4298 264 4383 ebatur,
286 4298 438 4371 similiter
451 4313 482 4370 ct
493 4299 553 4397 qui
564 4297 735 4374 dimissam
746 4297 898 4382 decerit,
914 4297 1110 4371 moechatur.
1123 4293 1166 4368 Et
1180 4294 1255 4368 ideo

187 4440 233 4496 ΙΙΙ
1175 4441 1209 4493 2²
