2796 5064
142 361 210 434 tlt
260 384 322 435 ιιι.
343 383 392 434 ιιι.
411 382 500 435 srcr.
521 381 656 433 ursan.
676 379 717 431 nr
734 379 848 432 inorsa
869 380 966 432 asra.
983 379 1110 433 maur.

140 528 202 602 pm
220 500 371 603 qualibet
388 500 609 600 turpitudine.
631 498 765 574 Etenim
787 498 847 573 ubi
872 499 983 596 agitur
999 499 1045 574 de
1063 526 1174 600 poena
1185 527 1253 600 gra·

137 616 279 690 sissima
304 613 507 712 infligenda,
536 614 649 714 qualis
675 613 872 689 aestimatur
900 613 1070 715 separatio
1095 614 1143 689 ab
1163 616 1253 690 altero

138 731 301 828 coniuge,
335 730 388 803 lex
412 727 512 803 debet
535 754 612 802 esse
636 727 809 826 conceptis
833 727 945 802 verbis
975 754 1162 828 expressa;
1195 730 1257 804 ium

137 869 219 918 vero
242 843 395 939 coniugis
420 843 615 930 fornicatio,
644 868 706 916 seu
729 841 884 917 moechia
908 856 975 916 tam
996 843 1034 915 in
1053 844 1255 945 Scriptum,

138 985 241 1060 quam
254 960 290 1032 in
307 958 545 1034 ecclesiasticis
562 958 694 1056 legibus
711 957 757 1032 ad
775 957 1022 1057 separationem
1036 957 1258 1035 inducendam

139 1074 183 1149 ab
208 1075 312 1149 altam
335 1075 497 1173 coniuge,
525 1100 587 1148 seu
611 1073 654 1147 ad
676 1073 855 1149 divortium
882 1073 1077 1148 faciendum
1103 1101 1258 1175 expresse

138 1207 361 1277 memoratur;
382 1216 451 1264 non
469 1203 579 1265 autem
599 1189 693 1264 alind
705 1188 880 1289 quodlibet
891 1204 1070 1288 peecatum
1084 1189 1181 1291 quod
1198 1190 1259 1264 for·

138 1306 306 1381 nicatione
329 1310 389 1380 aut
412 1305 564 1381 moechia
592 1306 739 1379 deterius
766 1321 824 1379 aut
844 1304 1029 1379 deformius
1055 1304 1117 1379 sit.

215 1420 265 1494 De
286 1421 457 1522 Scriptura
482 1420 568 1493 nihil
595 1421 713 1495 attinet
737 1420 849 1494 dicere
877 1435 956 1518 post
979 1435 1258 1495 commemoratos

139 1535 298 1611 Matthaei
323 1552 445 1612 textus.
474 1538 608 1611 Petrum
632 1563 711 1610 uero
736 1551 770 1610 et
790 1534 1007 1610 conciliorum
1033 1535 1166 1635 profert
1185 1535 1256 1611 (ira-

138 1651 251 1726 tianus
276 1653 467 1726 testimonia
493 1652 528 1724 in
553 1653 682 1726 Decreti
709 1679 743 1752 p.
769 1653 814 1726 11.
836 1676 940 1727 causa
960 1651 1099 1725 xxxss.
1124 1678 1161 1753 q.
1187 1653 1252 1725 Vll.

140 1769 352 1867 cap.12.et
376 1767 557 1868 deinceps,
588 1768 623 1839 in
648 1766 774 1868 quibus
794 1783 1009 1842 recensentur
1031 1766 1255 1867 turpitudines

139 1881 305 1957 adulterio
329 1885 516 1982 gravioras;
545 1900 692 1958 attamen
713 1884 849 1958 nonnisi
873 1881 1078 1959 adulterium
1104 1883 1156 1958 uti
1173 1881 1255 1981 legi·

139 1996 222 2070 tima
250 2022 353 2071 causa
384 1997 606 2098 separationis
636 1998 724 2072 inter
760 1998 920 2096 coniuges
954 2014 1164 2072 memoratur
1193 2001 1252 2094 (t).

139 2110 301 2211 Exemplo
324 2113 370 2186 sit
389 2139 420 2186 s.
441 2113 668 2210 Augustinus,
690 2113 750 2214 qui
774 2113 835 2187 lib.
860 2114 888 2187 l.
907 2113 957 2186 De
981 2115 1148 2211 coniupirir
1171 2112 1255 2187 ndul-

142 2227 256 2299 terioir
279 2226 365 2301 adeo
390 2226 518 2301 insistit
544 2243 582 2301 ut
606 2228 757 2315 evincat,
783 2245 859 2329 post
883 2227 1123 2302 dimissionem
1148 2227 1254 2302 uxoris

140 2337 185 2414 ob
203 2339 433 2416 fornicationis
459 2367 610 2431 eausam,
632 2369 699 2416 non
720 2342 821 2416 licere
844 2342 917 2418 viro
942 2341 1075 2442 absque
1101 2341 1252 2417 adulterii

141 2454 276 2555 piaculo
300 2455 395 2530 alteri
421 2457 625 2546 adhaerere;
655 2483 695 2531 ac
717 2458 858 2558 pminda
881 2456 984 2532 ueluti
1015 2483 1078 2558 pro
1098 2475 1191 2534 certo
1209 2484 1255 2532 su

141 2596 233 2644 mere
249 2571 381 2647 videtur
400 2572 443 2647 ob
463 2572 667 2647 adulterium
685 2588 718 2646 et
738 2573 874 2672 quidem
896 2572 1005 2647 solum
1025 2599 1131 2673 posse
1149 2601 1170 2648 a
1185 2599 1255 2647 con·

141 2688 220 2786 iuge
243 2688 356 2788 quoad
381 2705 490 2762 torum
515 2688 772 2788 convictumque
796 2687 944 2784 legitime
970 2689 1139 2787 separari.
1176 2690 1254 2761 lnter

141 2819 251 2877 cetera
272 2803 462 2878 describam
487 2830 575 2904 quae
597 2803 699 2877 habet
715 2830 745 2876 s.
766 2803 888 2877 Doctor
904 2828 978 2901 cap.
1001 2802 1058 2874 lll.
1082 2801 1146 2875 ubi
1162 2825 1255 2902 quum

142 2919 208 2992 sihi
234 2920 413 2994 obiecisset
431 2920 582 2994 Pollentii
604 2919 836 2993 difficultatem
855 2945 894 2991 ex
918 2943 957 2990 eo
983 2918 1148 3017 potitam,
1174 2914 1255 3017 quod

142 3034 305 3111 Dominus
331 3063 398 3110 non
424 3035 624 3135 generaliter
648 3036 770 3109 dixerit
796 3061 888 3108 reum
910 3033 1069 3106 adulterii
1093 3035 1188 3119 fieri,
1206 3030 1254 3131 qui

141 3176 278 3223 uxorem
291 3152 456 3225 dimiserit
468 3168 501 3226 et
514 3151 614 3224 alium
627 3151 777 3240 duxerit,
798 3151 857 3225 sed
873 3150 1113 3248 interposuerit
1127 3171 1254 3223 causam

141 3264 389 3354 fornicationis,
410 3266 586 3340 siccidam
603 3267 761 3341 occurrit:
786 3265 934 3360 «Credo,
954 3264 1048 3364 quod
1067 3263 1158 3337 illud
1170 3260 1253 3365 quod

142 3380 253 3453 mains
271 3398 338 3470 est,
359 3382 424 3456 hoo
442 3383 606 3455 Dominus
625 3406 886 3456 commemorare
904 3379 1021 3455 uoluit.
1045 3380 1158 3452 llaius
1175 3377 1254 3452 enim

143 3494 344 3570 adulterium
366 3523 443 3570 csse
460 3498 538 3596 quis
556 3514 671 3594 negat,
696 3521 799 3569 uxore
818 3521 887 3569 non
912 3493 1100 3567 fornicante
1119 3520 1188 3568 non
1210 3489 1255 3563 di·

143 3609 249 3684 missa
261 3610 399 3684 alteram
419 3611 559 3699 ducere,
581 3611 726 3712 quamsi
752 3610 971 3684 fornicantem
990 3609 1146 3708 quisque
1170 3604 1256 3681 dimi·

220 3782 254 3845 (a)
270 3782 312 3832 sic
333 3783 358 3832 in
380 3795 433 3846 cap.
450 3789 486 3833 12.
504 3781 640 3844 offerebat
653 3783 762 3832 sonetur
775 3779 849 3830 Loth.
863 3792 885 3829 c.
903 3785 939 3829 ra.
958 3777 1096 3842 Fluctua,
1116 3790 1186 3844 qaue
1199 3775 1254 3827 runt

145 3862 240 3910 contra
259 3864 350 3911 natur.
364 3875 418 3925 rap.
436 3865 472 3912 tl.
490 3863 556 3912 Usus
578 3861 722 3912 maturato.
739 3862 770 3910 Et
781 3860 806 3909 ln
819 3860 914 3922 quaet.
929 3860 950 3907 1.
964 3870 988 3907 e.
1001 3865 1024 3908 a.
1041 3858 1165 3921 allegatur
1176 3870 1196 3907 a.
1210 3855 1256 3905 llic

145 3955 241 4004 ronynr.
265 3941 308 4004 qui
331 3954 457 4004 expresse:
475 3963 486 3985 «ι
498 3945 525 3991 Ιιι
539 3943 666 4005 coniugio,
679 3941 776 4004 inquit,
789 3939 845 4003 quis
854 3938 965 4002 positus,
980 3951 1158 4001 quaecumque
1167 3936 1255 4001 peccata

144 4021 243 4084 fecerit,
256 4035 305 4071 non
322 4023 445 4086 propriam
462 4022 568 4071 infuscat
586 4021 730 4084 coniugem,
742 4019 788 4071 scd
803 4018 951 4081 sorrttcotto
964 4030 1080 4067 uxorem
1094 4015 1256 4081 coinquinat:

144 4107 172 4153 nt
190 4104 239 4153 iam
261 4117 310 4153 non
331 4103 366 4154 alt
385 4104 438 4153 viro
458 4117 504 4153 suo
524 4103 609 4165 licita,
622 4101 664 4152 sed
685 4102 756 4165 quasi
777 4100 888 4151 adultera
908 4101 980 4149 stc.-
999 4101 1095 4148 Verum
1116 4101 1199 4149 textus
1222 4093 1257 4143 hle

142 4183 294 4246 apocryphus
316 4182 459 4245 desumptus
475 4184 512 4232 ast
531 4196 562 4231 ex
581 4183 712 4232 comment.
725 4181 751 4231 in
764 4181 835 4244 epist.
849 4182 880 4230 ll.
903 4179 936 4228 ad
952 4178 1068 4229 Conntlr.
1083 4186 1139 4230 ot.
1161 4176 1203 4241 qui
1217 4173 1253 4224 tri·

144 4261 383 4313 hunnturhueretico
395 4262 502 4326 Pelagio.
516 4262 555 4312 ct.
568 4262 672 4315 admon.
686 4262 810 4326 maeviam
829 4260 868 4310 tris
883 4260 1016 4310 comment.
1031 4257 1153 4311 vallum
1165 4258 1193 4311 ln
1206 4265 1254 4319 apo·

143 4341 174 4391 ad
192 4355 234 4406 op.
246 4357 267 4393 s.
282 4343 424 4406 Hieronymi
446 4344 506 4393 tom⁴
521 4345 562 4394 xl.
