2796 5064
152 353 221 426 tta
296 374 359 427 ιιιι.
380 375 428 428 ιιι.
449 373 537 426 sacr.
558 373 983 427 irrumperetportam.
1001 374 1128 427 samm.

147 522 226 571 esse
250 495 360 596 potuit
384 493 516 584 mulier,
546 522 635 596 quae
660 495 695 569 id
717 494 854 570 fecisset
875 496 967 594 quod
991 495 1109 595 alege
1135 498 1274 597 permit·

148 613 298 699 tobatur,
316 612 476 712 quodque
501 626 573 684 erat
593 611 693 711 plane
714 609 925 708 legitimum?
943 613 1014 685 lam
1034 638 1117 687 vero
1142 628 1275 687 constat

143 753 189 832 ‘sn
213 728 287 826 lega
311 728 461 802 mosaica
483 727 657 801 mulierem
676 753 736 825 per
755 727 908 803 libellum
934 727 1068 828 repudii
1089 727 1274 807 dimissam

147 844 300 946 potuisse
325 844 419 918 alteri
448 845 579 919 viroso
604 869 642 919 se
672 843 821 942 legitime
850 842 1025 944 copulare:
1058 842 1127 925 hoc
1156 858 1275 943 aperta

146 961 295 1035 ostendit
311 961 447 1036 divinus
461 960 635 1060 legislator
651 961 733 1034 dum
746 961 813 1035 ait:
837 990 855 1032 c
872 959 1024 1060 Cumque
1045 985 1190 1058 egressa
1211 963 1275 1056 (rs-

148 1077 302 1178 pudiata)
332 1077 471 1153 altorum
490 1080 659 1153 ‘moritum
688 1077 868 1151 duxerit.»
886 1077 943 1150 llir
969 1103 1049 1174 ergo
1075 1076 1163 1171 alter
1194 1100 1273 1152 rora

39 1282 45 1302 1
145 1194 288 1268 maritus
312 1193 466 1294 adeoque
491 1194 614 1268 mulier
632 1220 711 1268 vero
739 1220 825 1268 uror
858 1193 991 1268 censeri
1015 1192 1132 1267 debet.
1167 1191 1271 1267 Acce-

146 1308 197 1384 dit
221 1308 313 1409 quod
338 1308 507 1383 secundus
531 1309 633 1383 etiam
659 1309 801 1384 maritus
827 1335 895 1383 non
917 1324 1032 1408 posset
1054 1308 1131 1381 sine
1155 1305 1268 1383 libello

146 1425 278 1526 repudii
308 1425 397 1502 hanc
421 1453 559 1502 uxorem
586 1426 773 1513 dimittere;
802 1453 882 1525 ergo
909 1441 944 1500 et
967 1427 1000 1499 is
1023 1450 1128 1499 verus
1159 1422 1267 1521 legiti-

143 1567 288 1640 musque
305 1543 446 1616 maritus
466 1557 499 1616 et
516 1542 575 1615 illa
594 1569 674 1617 vera
691 1568 732 1616 ac
747 1543 899 1639 legitima
920 1568 1004 1616 uxor
1022 1539 1264 1614 censebantur.

143 1659 289 1757 Insuper
303 1658 440 1732 Levitioi
470 1659 556 1730 Xlll.
580 1659 691 1733 hloses
721 1658 896 1758 prohibuit
926 1683 969 1730 ne
1005 1655 1080 1730 sive
1115 1679 1266 1730 summm

144 1773 304 1848 sacerdos
332 1774 403 1848 sive
432 1774 533 1847 ceteri
560 1773 751 1849 sacerdotes
781 1773 996 1847 matrimonio
1020 1799 1060 1846 se
1086 1771 1267 1867 coniunge·

144 1908 218 1964 rent
241 1917 317 1965 oum
342 1891 486 1964 dimissa
510 1891 669 1964 muliere:
695 1916 773 1988 ergo
807 1890 928 1990 reliqui
953 1890 997 1964 de
1023 1888 1152 1990 populo
1177 1901 1265 1988 poto·

146 2023 222 2080 rant
251 2032 326 2079 eam
357 2005 506 2102 legitime
529 2007 654 2080 ducere
675 2008 765 2102 (81).

218 2120 269 2193 td
288 2120 453 2222 triplicem
470 2148 550 2195 vero
568 2121 783 2221 hypothesim
797 2148 818 2195 a
830 2119 874 2195 cl.
890 2136 1026 2194 auctore
1043 2119 1263 2220 propositam,

144 2236 332 2334 respondeo
349 2236 566 2334 pollutionem
580 2250 612 2309 et
626 2236 909 2311 abominationem
923 2234 1016 2309 houd
1041 2234 1153 2308 luisse
1172 2235 1265 2307 sitam

144 2364 203 2424 aut
229 2351 263 2423 in
292 2352 503 2451 separatione
525 2378 545 2425 a
567 2351 676 2451 primo
698 2352 837 2438 marito,
867 2368 926 2425 aut
950 2353 985 2424 in
1010 2350 1267 2449 separationes

142 2466 310 2553 secundo,
327 2483 401 2552 eut,
429 2482 468 2539 ut
496 2482 611 2540 auctor
634 2466 824 2553 contendit,
853 2467 887 2538 in
912 2492 974 2552 eo,
1003 2465 1095 2566 quod
1123 2464 1264 2538 dimissa

144 2580 187 2656 ad
213 2580 381 2655 secundas
415 2581 551 2679 nuptias
583 2581 772 2667 transierit,
799 2580 860 2654 sed
890 2581 925 2652 in
950 2606 990 2654 eo
1014 2578 1128 2678 (quod
1153 2590 1266 2652 auctor

143 2699 296 2793 omisit),
319 2698 410 2797 quod
430 2697 550 2770 mulier
567 2724 587 2770 a
604 2698 753 2771 secundo
770 2697 843 2770 viro
863 2697 1028 2781 dimissa,
1047 2694 1101 2768 vel
1120 2721 1162 2769 eo
1180 2704 1264 2768 mor·

141 2829 200 2888 tuo
224 2816 344 2888 iterum
357 2815 407 2888 'ad
425 2815 571 2914 priorem
587 2814 697 2886 virum
724 2812 860 2886 rediret.
882 2813 974 2886 Haec
990 2828 1043 2885 est
1059 2817 1184 2911 quarta
1203 2809 1264 2910 hy·

141 2930 294 3030 pothesis
314 2930 488 3016 addenda,
507 2957 572 3002 non
587 2945 700 3002 antem
717 2928 752 3000 in
773 2929 838 3002 hoc
856 2929 984 3014 reditu,
1001 2928 1036 2999 in
1055 2927 1121 3000 hac
1140 2927 1265 2999 instau-

140 3047 270 3120 ratione
295 3047 443 3143 coniugii
477 3046 600 3144 prioris
627 3062 703 3145 post
729 3044 872 3119 alterum
896 3045 1093 3140 coniugium
1124 3040 1263 3141 pollutio

140 3178 174 3234 et
192 3162 398 3235 abominatio
416 3161 556 3258 legalis,
577 3178 610 3233 et
627 3162 656 3233 si
676 3160 806 3260 placet,
823 3161 923 3233 etiam
942 3158 1084 3232 moralis.
1100 3175 1172 3232 tota
1189 3183 1263 3231 oon·

140 3278 232 3351 sistit
260 3280 357 3372 (82),
383 3295 481 3378 prout
506 3276 607 3378 paulo
634 3277 744 3349 insius
772 3303 848 3350 mox
877 3275 1097 3349 ostendemus
1123 3298 1261 3374 respon·

139 3393 251 3466 dendo
276 3393 532 3466 difficultatibus
558 3420 646 3492 quae
676 3392 719 3466 ab
745 3393 821 3466 aliis
848 3392 982 3465 suerunt
1007 3391 1215 3490 propositae.

213 3509 297 3581 Sunt
313 3509 402 3581 enim
429 3509 487 3608 qui
514 3525 688 3581 'autumant
712 3536 772 3609 per
792 3507 943 3581 libellum
962 3505 1096 3606 repudii
1115 3504 1261 3579 ablatam

140 3624 278 3724 quidem
305 3624 412 3696 luisse
432 3651 571 3722 poenam
589 3624 631 3697 ah
658 3626 701 3697 iis
727 3625 785 3724 qui
804 3624 899 3696 illum
917 3621 1079 3696 uxoribus
1103 3619 1259 3695 tradidis

139 3756 235 3827 sont,
265 3767 332 3812 non
359 3757 470 3813 autem
498 3742 646 3839 culpam,
674 3740 758 3814 adeo
783 3756 820 3813 ut
853 3753 1029 3839 peccarent
1049 3762 1166 3809 coram
1193 3736 1260 3808 llso

137 3857 197 3956 qui
226 3856 274 3929 ita
297 3882 334 3929 se
356 3873 525 3953 gererent,
548 3857 626 3930 licet
656 3857 782 3928 nullam
814 3881 956 3956 poenam
982 3850 1123 3950 legalem
1151 3852 1261 3924 incur·

139 3991 261 4047 rorent.
288 3971 393 4073 ldque
411 3973 572 4070 colligunt
597 4000 636 4046 ex
662 3971 788 4046 Christi
814 3971 927 4045 verbis
948 3999 966 4038 «
986 3969 1122 4068 Moyses
1141 3967 1188 4040 ad
1204 3965 1258 4039 du·

211 4198 260 4258 (at)
271 4196 310 4246 ct.
323 4197 414 4257 brach,
427 4199 470 4246 Du
482 4196 587 4247 divorse
598 4195 666 4247 dans
682 4194 711 4246 lo
722 4199 883 4260 Synapoocc.
895 4195 973 4244 Rome
988 4195 1057 4242 toto.
1069 4190 1195 4241 Promisso
1210 4199 1257 4252 spo

137 4290 187 4339 que
199 4276 483 4419 lshltltitlonlicrinm
501 4358 525 4407 in
542 4357 567 4406 h.
576 4357 594 4406 ι.
606 4356 774 4419 tentassem,
783 4358 809 4407 ot
820 4354 946 4406 &nohum
963 4353 990 4402 io
1005 4365 1060 4415 cap.
1073 4353 1106 4403 ιι.
1115 4350 1219 4404 Uolsco.
