2796 5064
185 397 254 446 um.
270 395 319 447 ιιι.
336 395 376 445 nr
390 394 485 446 seusu
504 394 595 444 rme.
612 394 675 443 cm.
690 393 801 444 vvntss.
816 394 911 443 urie.
924 394 993 442 ιιι.
1011 395 1033 442 ι.
1108 372 1177 440 stt

55 514 241 588 launoium
266 514 381 613 ipsum
406 513 616 586 recordatum
635 538 701 585 non
721 539 814 598 esse,
835 512 942 608 legem
960 539 981 584 a
1006 539 1042 583 ee
1064 511 1183 584 lauda-

55 646 122 703 tam
148 629 194 702 de
215 629 284 702 alia
305 628 442 702 omnino
465 655 500 701 re
525 627 626 701 latam
653 629 770 701 fuisse.
799 627 894 700 Certe
920 643 1031 727 patres
1051 628 1181 701 milevi·

56 746 124 818 tani
152 744 250 818 illam
275 743 384 841 legem
402 767 465 815 neo
481 741 654 826 viderunt,
676 768 788 840 neque
807 741 881 814 eius
900 741 1063 815 recordati
1083 761 1177 828 sunt,

56 887 95 934 eo
121 859 218 959 qnod
242 884 430 958 numquam
456 857 617 943 extiterit,
639 873 697 929 aut
721 857 752 929 si
777 883 845 955 qua
869 857 996 942 extitit,
1016 859 1183 930 contraria

58 1000 199 1073 prorsus
220 992 292 1048 erat
315 975 365 1061 ei,
390 999 493 1073 quam
517 973 583 1072 ipsi
606 972 818 1071 expetebant.

131 1087 233 1175 Quod
246 1114 325 1163 vero
342 1103 463 1185 negat,
479 1087 662 1162 concilium
675 1087 904 1159 milevitanum
919 1090 1183 1162 communivisse

56 1231 95 1278 ac
112 1202 311 1278 defendisse
340 1202 532 1278 absolutam
556 1203 704 1298 coniugii
723 1200 1056 1276 indissolubilitatem
1081 1205 1183 1276 etiam

57 1319 197 1392 exclusa
214 1318 368 1392 adulterii
384 1343 506 1404 causa,
528 1343 588 1417 pro
609 1318 746 1391 arbitrio
770 1344 831 1391 suo
849 1335 882 1391 et
900 1318 1065 1392 immerito
1086 1337 1185 1416 negat

58 1454 94 1508 ut
109 1433 337 1509 ostendimus.
362 1487 365 1495 ,

130 1551 187 1622 Sic
205 1564 295 1622 certe
311 1547 538 1622 Bellarminus
557 1548 736 1646 Augustini
758 1550 1029 1634 commentarios,
1050 1575 1090 1621 ex
1108 1551 1184 1648 quiP

58 1666 123 1737 bus
143 1663 312 1737 launoius
330 1678 378 1736 tot
396 1664 484 1736 eruit
504 1664 708 1750 testimonia,
736 1690 777 1737 ne
797 1665 900 1737 torvis
918 1664 1056 1763 quidem
1075 1664 1183 1738 oeulis

59 1779 209 1880 aspexit,
230 1777 337 1852 oculis
363 1777 497 1852 scilicet
518 1805 558 1851 ac
583 1796 694 1854 mente
713 1780 869 1866 Launoii,
890 1779 933 1851 ad
958 1777 1092 1852 illorum
1111 1807 1185 1853 sen-

60 1922 136 1968 snm
163 1892 424 1993 intorquendum
446 1897 560 1990 (197).

132 2009 185 2082 Ad
211 2009 294 2081 illud
319 2007 410 2108 quod
433 2008 492 2081 alii
517 2035 555 2082 se
576 2025 693 2107 optare
719 2009 859 2108 professi
883 2028 980 2096 sunt,
1002 2028 1039 2083 ut
1065 2038 1185 2110 nempe
1269 2076 1276 2087 .

61 2142 177 2224 patres
201 2125 386 2200 milevitani
406 2125 590 2224 specialem
609 2127 812 2199 mentionem
831 2127 986 2200 adulterii
1005 2129 1182 2215 iecissent,

59 2267 129 2340 quo
154 2243 225 2313 vim
250 2239 415 2340 probandi
443 2239 584 2313 haberet
604 2240 756 2338 ipsorum
779 2267 905 2328 canon,
935 2243 1032 2315 facile
1057 2261 1108 2317 est
1134 2271 1186 2317 re·

62 2383 209 2454 ponere,
239 2355 368 2428 nnllam
394 2354 502 2428 luisse
528 2380 686 2439 causam,
713 2355 758 2428 ob
783 2383 884 2455 quam
915 2360 1112 2431 nominatim
1142 2360 1186 2432 de

61 2471 229 2544 adulterio
248 2471 452 2544 mentionem
478 2471 673 2557 iniicerent,
694 2498 789 2557 cum,
810 2488 847 2545 ut
864 2472 949 2545 alias
975 2474 1186 2547 animadver-

62 2590 190 2671 timus,
219 2586 426 2685 exploratum
452 2601 542 2659 esset
570 2585 660 2683 apud
684 2611 801 2659 omnes
829 2588 861 2657 in
890 2587 972 2684 lege.
993 2588 1186 2684 evangelica
1242 2581 1247 2599 ’

62 2700 190 2773 nnllam
216 2717 304 2773 certe
329 2700 464 2774 divortii
488 2726 549 2772 seu
568 2700 698 2799 repudii
717 2726 854 2773 causam
873 2702 1058 2773 admissam
1081 2729 1181 2788 esse,

63 2832 196 2914 praeter
215 2815 429 2889 adulterium.
452 2816 540 2890 Satis
562 2817 653 2888 enim
678 2833 750 2888 erat
771 2817 815 2888 ad
834 2816 899 2889 hoc
916 2818 1185 2913 cognoscendum

62 2930 237 3028 evangelia
247 2946 279 3003 et
291 2931 453 3029 epistolas
464 2931 557 3004 Pauli
572 2932 706 3028 legisse.
720 2931 824 3027 lgitur
837 2958 912 3003 cum
926 2932 1026 3004 unice
1040 2959 1080 3003 ex
1094 2933 1188 3006 adul-

64 3049 137 3119 terii
163 3073 268 3120 causa
293 3047 336 3121 ob
361 3049 519 3121 Matthaei
547 3048 710 3133 incisum,
738 3048 908 3146 quispiam
934 3048 1100 3146 potuisset
1123 3048 1187 3121 ali-

63 3189 168 3261 quam
198 3161 373 3236 dubitandi
409 3162 571 3236 rationem
601 3164 771 3260 ingerere,
800 3178 912 3262 patres
933 3162 1117 3235 milevitani
1143 3165 1186 3236 ad

65 3280 201 3352 unicam
223 3278 310 3352 hene
335 3279 578 3353 excludendam
603 3305 740 3353 cansam
759 3278 892 3352 divortii
913 3306 1011 3354 suum
1026 3304 1185 3353 canonem

66 3395 256 3468 ediderunt.
274 3394 372 3480 Quod
398 3396 499 3467 etiam
525 3396 634 3491 magis
652 3394 868 3467 confirmatur
880 3421 919 3467 ex
933 3421 973 3469 eo
990 3395 1098 3493 quod,
1119 3394 1187 3467 Au-

66 3510 204 3605 gustino
217 3511 361 3582 maxime
375 3528 527 3598 auctore,
551 3509 607 3583 hic
621 3536 730 3583 canon
743 3510 854 3583 editus
872 3511 932 3598 sit,
954 3513 1012 3610 qui
1035 3513 1186 3608 energice

140 3759 207 3819 (197)
222 3757 312 3820 Reipea
332 3758 404 3821 plura
426 3771 456 3808 ex
477 3759 613 3820 Augustino
635 3757 760 3808 Launoine
781 3758 923 3807 testimonia
946 3757 1048 3807 adducit
1066 3771 1096 3808 et
1119 3757 1188 3807 libris

65 3838 156 3903 partim
166 3840 223 3887 anie
232 3874 240 3898 ,
248 3840 338 3900 partim
351 3841 406 3900 poet
416 3837 605 3889 celebrmionem
617 3838 715 3888 conciiii
734 3838 870 3889 milevitani
881 3838 1032 3900 conscriptis.
1048 3837 1095 3887 liin
1104 3839 1188 3887 omnio

64 3917 210 3980 singiliatim
231 3915 350 3980 expendi,
361 3930 431 3967 acne
449 3931 525 3966 unum
546 3917 646 3979 quidem
659 3917 736 3980 reperi
756 3917 822 3979 quod
841 3917 915 3966 iaciat
932 3931 975 3979 pro
992 3929 1065 3966 canen
1079 3929 1125 3965 sua
1136 3918 1186 3966 imo

64 3998 134 4062 qnod
145 3996 192 4060 ipsi
203 4009 252 4045 non
262 3998 294 4047 eit
303 3999 467 4060 contrarium
480 3998 570 4047 etenim
584 3999 724 4047 constanter
742 3997 766 4046 in
780 3997 810 4047 iis
826 4011 907 4047 sermo
917 4000 955 4046 est
972 3995 1003 4047 de
1021 3996 1089 4045 licita
1105 3995 1188 4045 uxoris

64 4077 209 4128 dimissione
226 4081 325 4140 propter
341 4077 500 4139 adulterium,
517 4077 585 4140 quod
597 4091 669 4128 nemo
681 4090 799 4140 nmquam
810 4078 989 4128 catiioiieomm
1000 4075 1122 4125 inficiatus
1134 4078 1186 4134 est,·

63 4157 108 4206 sed
126 4155 197 4206 aliud
211 4158 249 4207 est
268 4156 393 4206 dimittere
412 4169 514 4206 uxorem
537 4155 687 4219 aduiteram,
708 4155 777 4206 alind
795 4169 853 4204 vero
872 4159 928 4218 post
947 4153 1129 4213 dimissionem,
1149 4166 1187 4202 ea·

64 4250 115 4300 que
134 4237 247 4297 virente,
258 4235 348 4287 ducere
365 4237 454 4299 aliam3
465 4239 491 4286 et
500 4237 547 4286 iroc
559 4238 596 4286 est
612 4237 678 4298 qnod
692 4249 826 4299 numquam
838 4235 922 4288 docuit
932 4234 1099 4296 augustinns,
1113 4235 1189 4282 immo

61 4317 133 4380 quod
155 4329 270 4379 expresse
290 4315 342 4364 lieri
363 4328 433 4378 posse
448 4327 543 4380 semper
559 4315 666 4380 negavit.
