2796 5064
241 128 313 179 mr.
332 127 356 178 r.
376 127 417 178 aa
438 124 611 177 tetrarum
627 123 833 176 1111111111.
850 123 920 174 aar.
937 123 981 173 rr.
1116 103 1161 172 bt

130 246 229 320 ldcm
252 246 350 320 docm
372 270 403 319 a.
423 243 631 341 Augustinus
655 241 736 316 dnm
761 242 810 316 ait
825 254 994 342 receptum
1015 242 1165 317 esnrin

66 361 205 436 wasia
229 360 462 433 Christi....ut
477 384 539 433 nec
565 357 709 432 sterilem
736 358 911 454 coniugem
934 357 986 431 las
1006 363 1051 431 sit
1070 356 1167 431 relin-

65 501 182 575 quare,
203 490 243 547 ut
258 473 326 547 alia
347 472 511 547 foecunda
535 472 688 545 ducatur.
710 469 855 556 Quodsi
874 471 1055 571 quisquam
1078 472 1166 545 leoe-

66 591 119 676 rit‚
135 616 203 663 non
223 589 297 687 lage
314 586 414 661 buius
432 588 579 675 sacculi,
603 587 661 660 nbi
679 587 919 660 interveniente
936 586 1075 685 repudio
1093 587 1167 661 sine

64 706 200 778 crimine
229 703 424 778 conceditur
448 729 523 776 cum
554 702 631 776 aliis
657 702 722 775 alia
748 701 905 801 copulare
930 702 1163 790 connubia;...

62 820 117 893 sad
143 819 221 916 lege
240 818 413 915 Evangelii
438 844 515 892 rcus
538 835 592 891 est
614 817 789 903 adulterii;
818 819 906 890 sicut
930 817 1029 890 etiam
1053 817 1111 891 illa
1134 818 1164 891 si

61 934 153 1007 alteri
172 934 338 1033 nupserit.
355 935 468 1033 Usque
485 933 569 1008 adeo
587 948 722 1006 manent
740 933 826 1005 inter
843 958 880 1006 se
896 933 1044 1006 viventes
1062 932 1165 1006 semel

62 1049 141 1121 inita
168 1049 245 1121 iura
269 1048 478 1147 nuptiarum,
510 1063 549 1121 ut
573 1047 683 1146 potius
714 1046 782 1120 sint
811 1046 898 1119 inter
921 1072 960 1119 se
984 1047 1163 1143 coniuges,

61 1165 114 1263 qni
132 1163 179 1236 ab
196 1163 354 1237 alterutro
379 1164 525 1262 separati
547 1179 641 1250 sunt,
663 1188 764 1262 quam
782 1181 857 1235 oum
877 1160 932 1234 bis
949 1160 1072 1260 quibus
1089 1162 1166 1237 aliia

61 1279 273 1352 adaeserunt.
293 1277 376 1351 (lum
393 1277 470 1350 aliis
487 1278 613 1377 quippe
630 1276 771 1350 adulteri
795 1302 860 1350 non
885 1291 1018 1363 essent,
1040 1276 1105 1348 nisi
1124 1277 1165 1350 ad

60 1395 253 1468 alterutrum
276 1393 435 1490 coniuges
460 1408 691 1492 permanerent
706 1394 819 1488 (116).

128 1512 199 1583 Nec
231 1534 298 1581 non
324 1510 535 1582 Innocentius
567 1510 593 1580 l.
614 1510 672 1608 qui
691 1508 826 1582 scribit:
849 1510 926 1581 «De
943 1507 997 1581 bis
1021 1510 1166 1608 requisi-

60 1626 106 1697 vit
128 1624 268 1698 dilectio
292 1640 368 1711 tua,
392 1624 454 1724 qui
481 1624 720 1697 interveniente
744 1622 903 1723 repudio,
923 1622 980 1695 alii
999 1649 1037 1697 se
1053 1623 1166 1696 matri-

61 1739 170 1813 monio
195 1737 406 1838 copularunt.
435 1738 528 1825 Quos
553 1739 587 1809 in
611 1754 751 1838 utraque
777 1754 872 1836 parts
897 1738 1065 1812 adulteros
1090 1764 1166 1813 csse

62 1855 275 1928 manifestum
292 1871 356 1929 cst.
377 1854 440 1941 Qui
458 1879 538 1928 rere
553 1854 605 1928 vel
623 1880 725 1927 uxore
747 1854 899 1939 vivente,
927 1855 1082 1954 quamtis
1099 1855 1167 1927 dis·

61 1971 223 2044 sociatum
247 1971 404 2044 rideatur
425 1995 502 2044 esse
525 1971 735 2067 coniugium,
758 1972 802 2042 ad
822 1970 923 2044 aliam
948 1970 1101 2069 copulam
1119 1971 1167 2044 le-

65 2085 247 2172 sdnarunt,
276 2110 387 2186 neque
411 2101 554 2185 possunt
581 2085 721 2158 adulteri
750 2111 818 2158 non
846 2085 994 2159 videri.»
1012 2087 1050 2158 ln
1069 2087 1166 2160 cuius

67 2201 111 2271 rci
136 2201 424 2274 confirmationem
449 2200 585 2273 adducit
604 2200 707 2273 rerba
727 2201 851 2274 Christi
873 2200 1005 2274 Domini
1026 2228 1066 2274 ex
1085 2204 1167 2276 llat-

64 2314 111 2386 tb.
121 2317 210 2387 xlx.
226 2319 260 2386 a.
278 2316 531 2410 (111).»01111,
546 2331 584 2387 ut
596 2315 675 2388 alibi
689 2316 803 2390 subdit
818 2347 837 2386 o
847 2317 913 2390 lide
924 2316 1088 2391 catholica
1101 2317 1168 2390 suf·

65 2429 465 2528 fragante...ccnventum
486 2432 652 2506 secundae
668 2434 835 2521 mulieris,
856 2434 967 2532 priore
988 2434 1166 2532 superstite

65 2571 120 2618 nec
130 2546 276 2620 diuortio
288 2548 403 2635 eiecta,
417 2547 508 2621 nullo
522 2564 618 2646 pacto
630 2575 731 2649 posse
743 2575 820 2622 esse
832 2548 1015 2645 legitimum
1025 2550 1056 2642 (1
1066 2550 1163 2644 18).»

131 2660 344 2761 Quapropter
369 2661 463 2734 filum
493 2663 680 2736 traditionis
706 2663 911 2737 christianae
942 2664 1083 2737 insecuti
1112 2688 1167 2737 m-

65 2777 149 2848 mani
175 2776 351 2875 pontifices
376 2776 526 2850 eiusdem
552 2779 708 2852 custodes
727 2804 767 2852 ac
783 2778 954 2865 vindices,
982 2804 1165 2879 numquam

65 2891 152 2988 passi
179 2907 259 2964 sunt
282 2889 506 2992 polygamiam
533 2895 667 2994 impune
689 2895 775 2968 inter
796 2894 997 2969 christianos
1027 2895 1162 2984 induci,

64 3007 120 3078 sed
143 3032 219 3079 eam
245 3022 413 3107 tamquam
438 3005 502 3106 legi
529 3010 741 3107 evangelicae
758 3026 791 3084 et
807 3008 1009 3111 apostolicae
1034 3028 1165 3086 contra·

63 3121 142 3193 riam
168 3145 303 3221 semper
326 3124 467 3196 execrati
494 3140 584 3198 sunt.
605 3127 687 3198 Nam
710 3126 865 3200 Nicolaus
891 3128 917 3197 l.
940 3126 983 3199 ad
1007 3126 1166 3201 Consulta

63 3233 296 3333 bulgarorum:
321 3238 460 3325 «Duas,
484 3238 610 3338 inquit,
633 3256 781 3340 tempore
805 3268 872 3314 uno
897 3241 1020 3315 babere
1045 3267 1165 3316 uxores

62 3376 121 3423 nec
133 3351 211 3450 ipsa
224 3352 318 3450 origo
335 3352 501 3426 humanae
517 3355 717 3429 conditionis
740 3356 905 3445 admittit,
927 3383 988 3430 neo
1006 3356 1057 3430 lex
1074 3357 1164 3430 obri-

60 3467 245 3540 stiancrum
271 3467 339 3540 ulla
364 3468 523 3566 permittit
538 3472 634 3565 (119)
644 3502 675 3541 .»
693 3472 735 3543 Et
751 3474 964 3547 Innocentius
979 3472 1038 3544 lll.
1053 3472 1166 3546 decla-

60 3580 144 3653 ravit
168 3579 285 3681 plurcs
311 3581 409 3654 simul
443 3583 583 3656 retinere
608 3609 726 3658 uxores
752 3587 906 3659 obsonum
930 3612 1016 3671 csse,
1046 3601 1076 3660 ct
1100 3584 1165 3658 ini-

132 3823 200 3883 (tta)
215 3824 254 3872 Dc
268 3825 345 3887 nupt.
356 3825 383 3873 ct
397 3835 505 3887 wircup.
519 3823 560 3872 lib.
572 3826 591 3873 1.
602 3838 657 3888 cup.
668 3828 698 3874 11.
710 3839 735 3875 n.
750 3834 785 3876 tt.
797 3827 836 3876 od.
847 3829 925 3877 Maur.

131 3903 197 3962 (147)
212 3902 289 3965 Epist.
300 3905 343 3952 tv.
355 3901 387 3952 ad
396 3905 501 3966 aarum
513 3917 536 3953 o.
549 3911 572 3954 t.
581 3905 645 3968 apud
655 3906 774 3956 consuat
785 3908 833 3958 cot.
846 3912 899 3959 791.

133 3981 199 4040 (tta)
215 3982 291 4045 aptat.
303 3989 326 4034 9.
337 3983 445 4031 xxxvl.
458 3981 488 4031 ad
505 3982 617 4032 Probum.
632 3983 694 4032 tbid.
709 3985 756 4033 cot.
771 3992 824 4036 sto.

132 4063 196 4121 (119)
211 4062 271 4125 cap.
284 4068 324 4111 tt.
