2796 5064
149 383 219 455 tat
281 403 331 453 sn
371 398 420 451 ιιι.
441 397 528 450 sacr.
548 393 1128 448 uram.ormo1ss.rsra.cnarsr.

146 524 241 597 nium
258 545 325 593 non
342 543 419 592 esse
432 541 610 591 censemus
631 516 753 609 (62).»
775 512 841 599 Qui
868 512 1013 613 proinde
1037 529 1121 587 ante
1138 513 1172 587 id
1191 530 1263 588 tem·

147 636 239 738 poris
265 648 341 735 post
365 645 559 731 nuncupata
576 645 653 704 vota
670 630 808 728 nuptias
830 628 976 717 inirent,
998 628 1034 701 id
1048 630 1191 729 quidem
1209 630 1265 702 illi·

147 751 213 825 cite
225 747 452 834 attentabant,
469 772 509 818 ac
523 745 640 846 poenis
659 745 707 818 ita
724 743 963 819 contrahentes
980 744 1263 832 subiiciebantur;

147 878 293 938 attamen
307 861 445 961 nuptiae
463 860 558 960 ipsae
574 858 708 933 validae
726 858 953 946 habebantur,
975 876 1077 959 prout
1094 859 1266 960 multiplici

148 977 345 1056 auctoritate
357 991 391 1048 et
402 974 566 1075 exemplis
580 974 723 1048 adstruit
734 972 882 1047 basilius
895 974 1036 1047 Pontius
1052 977 1147 1070 (63).
1166 974 1267 1062 Quum

148 1092 252 1190 igitur
275 1106 429 1164 votorum
455 1089 649 1163 solemnitas
681 1088 930 1164 ecclesiasticae
955 1089 1001 1164 sit
1026 1089 1265 1177 institutionis,

147 1221 293 1305 votaque
319 1204 487 1305 simplicia
511 1205 759 1279 matrimonium
777 1204 963 1278 invalidum
979 1231 1049 1279 non
1072 1204 1265 1293 redderent,

147 1319 288 1418 intelligi
314 1319 370 1393 vix
395 1337 454 1393 aut
478 1346 521 1394 ne
544 1320 600 1393 vix
625 1319 763 1418 quidem
790 1335 900 1420 potest
923 1345 993 1418 qua
1018 1319 1154 1394 ratione
1171 1347 1212 1394 ex
1228 1320 1268 1393 di·

145 1437 226 1511 rinc
246 1436 319 1510 iure
340 1435 485 1532 positivo
502 1433 613 1534 possit
629 1434 759 1509 adstrui
785 1460 847 1534 per
866 1435 1116 1535 professionem
1140 1434 1268 1534 religio

146 1575 220 1625 sam
232 1548 345 1622 dirimi
358 1548 471 1649 quoad
483 1547 655 1623 vinculum
668 1549 864 1646 coniugium
881 1565 1003 1623 ratum.
1025 1551 1077 1624 Eo
1094 1549 1150 1624 vel
1168 1551 1268 1648 magis

146 1664 256 1766 quod,
276 1680 313 1737 ut
324 1663 494 1751 vidimus,
515 1689 536 1737 a
553 1664 714 1761 Gregorio
730 1663 822 1736 xiii.
839 1665 1058 1739 constitutum
1078 1665 1183 1741 fuerit
1201 1682 1268 1741 rota

146 1779 317 1882 simplicia
335 1778 613 1854 scholasticorum
631 1778 803 1854 societatis
824 1779 901 1854 lesu
917 1780 986 1853 vim
1004 1778 1137 1857 habere
1153 1779 1269 1855 dissol-

145 1893 246 1969 vendi
273 1895 524 1969 matrimonium
543 1911 674 1981 ratum,
699 1921 800 1996 quem
827 1893 981 1969 eflectum
1007 1910 1090 1970 ante
1109 1895 1268 1970 eiusmodi

146 2009 419 2084 constitutionem
446 2010 585 2083 minime
611 2009 855 2110 producebant.
885 2009 981 2097 Quae
1001 2011 1146 2111 quidem
1163 2011 1268 2087 omnia

145 2122 386 2225 explanantur,
404 2125 435 2197 si
453 2124 557 2199 semel
576 2125 771 2199 admittatur
796 2124 869 2200 inre
892 2141 1023 2199 tantum
1041 2125 1268 2201 ecclesiastico

145 2237 237 2312 buno
264 2239 421 2312 effectum
446 2266 467 2313 a
492 2239 655 2338 religiosa
680 2239 892 2340 professione
921 2241 1109 2340 proficisci.

217 2353 280 2428 Ast
304 2353 403 2430 facile
427 2355 511 2431 baec
536 2357 652 2431 omnia
671 2357 848 2431 diluuntur
863 2358 894 2432 si
910 2357 946 2431 in
963 2357 1129 2456 religiosa
1147 2359 1268 2460 profes·

145 2470 241 2546 sione
261 2470 297 2543 id
323 2470 414 2571 quod
439 2473 482 2545 ad
509 2473 584 2546 eius
611 2473 836 2546 substantiam
863 2489 993 2572 spectat
1018 2473 1062 2547 ab
1090 2476 1158 2563 iis,
1188 2501 1268 2574 quae

144 2585 366 2660 accidentalia
390 2604 486 2675 sunt,
511 2607 718 2662 secernatur.
738 2589 791 2661 Ad
809 2605 916 2662 status
937 2587 1088 2686 religiosi
1117 2590 1269 2663 substan·

144 2700 224 2773 bam
250 2702 396 2800 pertinet
421 2701 587 2800 professio
614 2705 714 2776 trium
740 2702 1011 2800 evangelicorum
1030 2704 1265 2788 consiliorum,

142 2841 211 2914 qua
235 2817 314 2915 quis
340 2843 378 2890 se
404 2818 575 2916 mancipat
592 2819 663 2892 Deo
682 2819 940 2892 incontinentia
959 2837 1145 2919 perpetua,
1167 2820 1202 2892 in
1219 2818 1267 2892 ab

142 2929 310 3005 dicatione
343 2932 513 3019 dominii,
549 2950 606 3006 aut
636 2935 755 3008 saltem
790 2961 875 3008 usus
907 2933 1073 3009 bonorum
1108 2953 1269 3034 tempora·

142 3043 225 3118 lium
246 3049 341 3142 (fl),
358 3063 391 3120 et
409 3045 602 3121 obedientia
620 3048 768 3145 legitimo
787 3049 956 3148 spirituali
976 3051 1163 3149 superiori.
1185 3051 1268 3121 lnter

141 3183 182 3232 ea
195 3187 283 3270 quae
295 3161 518 3235 accidentalia
532 3164 803 3262 nuncupavimus
819 3163 1032 3236 adnumerari
1047 3164 1174 3237 debent
1186 3189 1266 3264 quas

141 3254 290 3330 diximus
318 3258 549 3333 solemnitates
575 3287 636 3333 scu
663 3260 903 3349 formalitates,
932 3277 970 3333 ut
994 3289 1081 3336 usus
1113 3259 1266 3361 loquendi

141 3367 287 3458 obtinet,
316 3388 349 3443 et
375 3372 499 3470 legales
525 3375 665 3448 aflectus
692 3376 750 3475 qui
780 3401 820 3448 ex
846 3376 967 3450 iisdem
995 3381 1214 3477 proveniunt.

215 3485 285 3558 lam
299 3510 378 3560 vero
397 3486 588 3563 observatio
606 3490 821 3588 evangelicae
834 3491 1071 3591 perfeetionis,
1090 3520 1153 3567 seu
1172 3518 1268 3567 evan·

212 3675 262 3737 (tit)
276 3678 337 3740 cap.
352 3678 407 3727 vti.
427 3676 450 3741 ς.
469 3681 509 3729 Ut.
528 3682 594 3742 tes,
606 3681 633 3731 et
643 3679 878 3732 refertureansaat.
891 3693 944 3744 cap.
958 3684 997 3730 to.
1011 3680 1037 3730 tn
1053 3679 1266 3744 Decretoetapod

140 3756 262 3808 ltsrduln.
277 3760 340 3808 tom.
361 3760 405 3808 Vl.
422 3773 475 3822 par.
493 3760 525 3809 ir.
540 3761 588 3811 coi.
610 3769 677 3813 itot.

212 3837 262 3900 (ot)
278 3839 400 3889 bibiti.
414 3852 486 3904 capp.
504 3845 624 3893 itui-to.

212 3916 262 3977 tot)
279 3917 335 3966 Dixi
345 3953 354 3978 ,
366 3920 394 3966 tn
408 3918 573 3970 abdicatione
586 3920 682 3972 satiem
698 3936 781 3984 πωπω
792 3921 915 3986 siqnidem
934 3935 985 3972 non
1005 3922 1099 3973 desunt
1109 3924 1153 3987 qui
1172 3925 1265 3973 conm-

138 3995 199 4045 dant
210 3995 297 4059 primis
313 3998 403 4046 aecrrtis
424 3999 550 4061 religiosos
562 4004 679 4051 voventes
695 4004 863 4064 paupertatem
879 4001 1010 4051 retinuisse
1026 4001 1153 4052 bonorum
1171 4014 1267 4053 snorum

138 4073 285 4125 dominium.
308 4075 347 4124 ct.
361 4077 476 4126 Pontium
497 4077 541 4127 lib.
557 4081 612 4128 vri.
624 4092 679 4144 cap.
696 4087 732 4130 ta.
749 4083 820 4131 ttunc
841 4083 922 4130 autem
943 4079 1102 4144 exploratum
1124 4083 1162 4132 est
1180 4080 1205 4130 id
1216 4093 1264 4144 pro

139 4153 224 4204 bstunr
243 4168 297 4207 esse
317 4156 343 4205 in
363 4169 413 4207 non
435 4158 521 4220 paucis
540 4158 662 4221 religiosis
681 4159 811 4211 ordinibus
827 4162 853 4211 et
872 4161 1107 4224 congregationibus
1123 4162 1156 4213 ab
1176 4162 1265 4227 ιμήν

137 4233 185 4283 tica
203 4234 281 4297 seda,
301 4235 337 4285 ita
355 4236 385 4285 nt
405 4236 448 4300 qui
468 4239 554 4288 votum
575 4239 701 4291 emiserint
722 4240 889 4306 paupertatis,
910 4240 1007 4307 possint
1025 4240 1153 4294 bonorum
1171 4253 1265 4294 norm

140 4311 243 4364 retinere
263 4313 402 4365 dominium
426 4329 471 4367 ssu
490 4318 663 4383 proprietatem
685 4320 724 4370 vei
739 4319 771 4370 ad
789 4321 901 4386 tenipus,
920 4321 1051 4373 ueletiam
1071 4322 1100 4374 tn
1120 4324 1267 4403 ΜΨ
