2796 5064
233 360 302 430 338
380 360 610 429 nn'.u1.secr.
631 377 762 427 turrea.
782 377 822 428 nr
836 376 949 427 mutes.
964 375 1060 428 nuru.
1082 374 1208 429 cruor.

230 524 347 573 omnes
364 522 385 570 a
401 496 638 571 communione
661 494 810 569 fidelium
832 495 1052 569 abstinendos
1067 497 1210 592 (18l).e
1229 497 1343 571 ltemm
1371 534 1376 547 ¹

230 615 265 687 in
293 614 393 712 epist.
426 611 470 685 ed
493 611 687 685 victricium
712 627 999 710 rotomagensem,
1030 638 1109 685 cum
1134 614 1346 713 praemissis·

231 744 299 803 set:
325 730 437 800 ‹tltem
454 753 542 827 quae
560 725 696 801 Christo
718 725 915 826 spiritaliter
931 743 1139 826 nupserunt,
1160 743 1196 802 et
1214 728 1348 802 velaria

231 844 404 920 sacerdote
422 857 633 929 mernerunt,
655 842 685 916 ei
703 858 823 941 postea
847 841 901 916 vel
926 841 1061 940 publice
1080 844 1283 944 nupserint,
1301 844 1348 919 vel

231 986 269 1033 se
286 957 440 1032 clanculo
459 957 687 1056 corruperint,
709 983 776 1031 non
794 982 852 1031 eas
871 956 1095 1031 admittendus
1108 983 1188 1032 esse
1199 959 1246 1033 ud
1259 986 1350 1057 agen

231 1072 308 1145 dum
327 1071 586 1171 poenitentiam,
602 1071 669 1144 nisi
691 1071 733 1157 is,
758 1071 813 1144 cui
835 1096 873 1144 se
892 1071 1085 1159 iunxerant,
1105 1071 1151 1144 de
1168 1071 1288 1146 seculo
1303 1100 1349 1147 re

230 1188 409 1273 cesserit»
426 1185 591 1261 eiusmodi
611 1186 756 1260 instituit
777 1187 995 1260 innocentius
1016 1203 1273 1285 argumentum:
1291 1189 1348 1260 «si

230 1303 320 1374 enim
345 1301 389 1375 de
414 1301 571 1375 omnibus
597 1300 682 1374 haec
707 1301 792 1374 ratio
818 1300 1027 1390 custoditur,
1056 1318 1095 1375 ut
1117 1328 1349 1403 quaecumque

230 1418 362 1493 vivente
385 1418 458 1492 uiro
483 1417 577 1489 alteri
604 1417 783 1516 nupserit,
818 1415 983 1490 habeatnr
1012 1416 1199 1505 adultere,
1235 1418 1347 1492 nerei

230 1532 380 1630 agendae
403 1531 628 1631 poenitentioe
647 1531 785 1605 licentia
805 1532 1028 1619 concedetur,
1048 1531 1116 1605 nisi
1133 1559 1228 1606 nnus
1245 1535 1348 1610 exeis

230 1646 408 1721 defunctus
427 1646 548 1733 luerit;
573 1662 701 1745 quanto
725 1645 836 1744 magis
860 1646 904 1719 de
928 1645 988 1718 illa
1012 1646 1159 1721 tenenda
1176 1663 1247 1735 est,
1268 1673 1348 1749 quae

230 1780 308 1837 ente
333 1762 513 1837 immortali
540 1789 578 1837 se
601 1789 728 1862 sponso
753 1762 992 1850 coniunxerat,
1017 1778 1051 1836 et
1075 1779 1196 1862 postea
1219 1763 1265 1837 ad
1290 1765 1348 1838 liu·

230 1904 350 1952 manas
376 1878 514 1978 nuptias
540 1878 792 1976 transmigravit
807 1876 948 1974 (l8i)le

302 1993 353 2065 llx
377 1992 434 2068 his
454 1992 586 2066 duabus
607 1992 761 2093 epistolis
778 1993 847 2066 duo
864 1990 1029 2066 habemus
1047 1990 1284 2067 ineluctabilis
1298 1993 1348 2067 do

230 2126 386 2186 cumenta
411 2108 454 2180 ad
480 2133 550 2182 rem
577 2100 738 2183 nostram.
759 2106 935 2208 Siquidem
957 2108 1177 2182 Innocentius
1195 2109 1232 2182 in
1249 2111 1345 2210 epist.

230 2225 274 2298 ad
301 2225 542 2324 Exsuperium,
562 2224 621 2322 qui
640 2250 716 2297 eum
735 2223 996 2320 interrogaverat
1019 2221 1146 2297 directo
1167 2223 1237 2297 huc
1254 2250 1349 2325 super

230 2368 285 2428 re,
308 2340 484 2439 respondit
508 2339 638 2439 ubsque
661 2339 733 2413 ulle
758 2338 954 2438 exceptione
970 2338 1161 2414 adulterum
1181 2366 1261 2413 eum
1279 2365 1348 2414 esse

230 2454 437 2542 habendum,
448 2456 520 2555 qui,
535 2456 668 2528 vivente
682 2455 794 2528 adhuc
807 2454 910 2554 priori
924 2480 1040 2542 uxore,
1052 2454 1195 2528 alteram
1204 2455 1344 2537 duxerit,

230 2571 378 2670 loquitur
396 2585 508 2643 autem
533 2585 704 2669 tamquam
732 2569 775 2641 de
801 2596 837 2642 re
861 2569 1132 2668 compertissime
1151 2596 1193 2644 ec
1211 2571 1346 2644 indubia

230 2686 366 2759 dicens:
401 2687 611 2783 manifestum
636 2700 695 2756 est.
727 2686 799 2757 lam
830 2709 910 2757 vero
935 2684 965 2757 si
992 2709 1109 2758 casum
1138 2684 1185 2758 (le
1211 2686 1346 2785 repudio

231 2818 370 2901 proptor
387 2799 587 2873 adulterium
605 2799 769 2873 voluisset
790 2801 962 2898 excipere,
983 2800 1018 2872 id
1036 2826 1199 2898 expresse
1221 2803 1346 2899 signiti-

230 2940 307 2989 cere
332 2913 527 2988 debuisset:
557 2929 658 3013 atque
676 2939 716 2986 eo
733 2914 841 3011 magis
860 2941 900 2988 ea
917 2915 1094 3013 responsio
1112 2916 1284 3012 generalis
1300 2914 1344 2986 di·

231 3028 337 3102 cende
356 3046 408 3101 est
424 3028 602 3102 excludere
627 3028 728 3101 etiam
755 3055 890 3102 causam
917 3029 1095 3117 adulterii,
1115 3030 1209 3129 quod
1227 3031 1344 3104 dehoc

232 3142 341 3216 solum
359 3168 442 3216 casu
459 3143 584 3217 moveri
604 3144 748 3241 potuerit
766 3141 919 3216 dubium.
933 3142 1017 3215 Cum
1034 3144 1176 3216 enimin
1190 3144 1345 3242 religione

231 3256 416 3328 christiane
434 3257 642 3354 exploratum
661 3272 771 3344 esset,
792 3273 932 3355 excepta
950 3257 1108 3331 adulterii
1135 3284 1265 3345 cause,
1282 3255 1345 3329 nul·

232 3372 299 3442 lam
325 3397 465 3469 prorsus
490 3370 563 3444 dari
590 3373 774 3470 legitimam
801 3372 1012 3446 dimissionis
1037 3398 1178 3446 causam
1203 3398 1282 3446 cum
1304 3372 1344 3443 la

232 3486 356 3558 cultate
384 3485 484 3558 uliam
509 3513 647 3560 uxorem
673 3487 839 3574 ducendi,
868 3487 896 3560 si
924 3486 1015 3586 quod
1040 3485 1185 3559 dubium
1213 3485 1343 3561 excitari

232 3615 382 3698 poterat,
413 3601 447 3670 id
473 3617 543 3673 erat
571 3616 698 3674 tentum
719 3602 762 3674 de
782 3627 884 3674 cause
902 3600 1135 3674 lomicutionis
1152 3601 1199 3675 ob
1214 3602 1343 3676 eleusu-

233 3715 318 3800 lam,
340 3741 428 3813 quae
445 3718 536 3815 apud
555 3743 583 3789 s.
597 3718 800 3790 Matthaeum
819 3717 980 3803 occurrit,
1002 3742 1042 3789 ac
1058 3717 1205 3815 proinde
1220 3717 1266 3790 do
1286 3716 1343 3788 hoc

128 3865 131 3869 ·
231 3828 340 3903 solum
366 3856 443 3903 eum
461 3831 570 3931 potuit
586 3832 791 3930 Exsuporius
810 3832 1014 3928 interrogare
1037 3830 1245 3929 pontificem.
1266 3829 1342 3902 (lum

231 3970 309 4017 vero
334 3943 391 4017 hic
416 3943 569 4018 absolute
593 3946 748 4044 quemvis
772 3972 890 4019 casum
918 3944 1116 4031 excluserit,
1146 3944 1342 4045 pronuncie-

233 4059 343 4158 ritque
359 4084 436 4133 esse
451 4084 544 4132 reum
558 4059 733 4146 adulterii,
750 4060 822 4159 qni,
839 4061 970 4135 vivente
983 4059 1096 4134 adhuc
1108 4085 1233 4149 uxore,
1247 4057 1338 4134 uliam

303 4248 369 4306 (tal)
387 4245 449 4294 lbid.
459 4247 534 4308 Epist.
547 4249 589 4296 Vl.
603 4261 627 4296 n.
643 4254 678 4297 tt.
690 4247 738 4297 col.
751 4252 795 4297 tul
805 4262 857 4312 seq.

302 4326 368 4386 (tat)
386 4323 448 4374 tntu.
461 4324 536 4389 Epist.
548 4326 579 4375 ΙΙ.
592 4339 616 4375 n.
632 4332 668 4376 15.
681 4325 728 4378 col.
740 4331 784 4378 tet
796 4340 847 4389 seq.
