2796 5064
205 376 335 430 meur.
348 376 388 428 or
405 375 502 428 seusu
519 375 611 425 rum.
627 374 689 426 orn.
707 373 819 426 tumes.
833 373 926 426 utri.
942 373 1012 425 sur.
1025 372 1049 425 r.
1101 378 1106 386 ·
1137 350 1208 425 297

107 494 273 569 cnsilium
291 494 453 568 adsersus
464 491 529 567 viri
543 493 597 566 sui
615 491 726 567 cubile
741 492 949 591 susceperit,
971 490 1123 566 adulterii
1138 495 1208 593 pis-

107 608 164 684 ulo
177 610 442 706 constringatur,
464 606 764 705 acerbissimisque
775 605 887 702 legum
903 607 1021 706 poenis
1043 608 1206 682 excrucie

107 751 157 796 ur:
181 725 236 797 vir
263 739 390 811 sutem,
418 723 477 823 qui
511 722 612 794 fidem
642 720 738 794 uxori
768 721 881 793 datum
911 746 971 820 per
998 721 1199 795 adulterium

107 838 283 924 minuerit,
299 837 382 910 nulli
398 836 566 938 supplicio
590 836 756 910 obnoxius
778 835 824 909 sit
836 834 856 906 i
870 834 965 908 Hanc
983 835 1089 932 legem
1103 835 1210 910 houd-

107 980 263 1054 [nsqnnm
290 953 411 1054 probo,
431 952 520 1025 hono
537 951 796 1024 consuetudinem
817 952 914 1046 (105)
936 950 1074 1025 minime
1091 950 1203 1027 laudo.

107 1068 153 1139 tis
177 1083 289 1154 erant,
304 1067 363 1167 qui
384 1065 472 1139 hanc
496 1066 601 1163 legem
621 1081 814 1151 sanxerunt,
830 1089 869 1138 nc
887 1081 1063 1164 propterea
1087 1064 1208 1140 edver-

107 1207 148 1255 us
174 1180 336 1256 mulieres
363 1180 431 1254 lats
463 1195 538 1268 est3
567 1179 839 1280 quandoquidem
874 1195 907 1252 et
933 1179 1022 1253 filios
1048 1195 1240 1281 peterneef

107 1297 248 1371 intestati
275 1296 512 1383 subiecerunt,
540 1295 758 1369 infirmiorem
776 1320 892 1368 serum
916 1293 1079 1367 incultum
1104 1311 1208 1395 utque

107 1427 283 1485 ncurutum
313 1410 529 1511 reliquerunt.
557 1410 600 1483 At
621 1411 712 1484 Deus
742 1436 807 1484 non
834 1410 885 1484 sic
914 1412 1053 1506 (too).»
1079 1410 1209 1484 Deinde

107 1541 135 1599 tu
151 1525 380 1625 prosequitur:
401 1525 533 1597 «Enim
551 1550 630 1600 vero
643 1527 709 1598 Lex
722 1551 840 1599 omnes
859 1524 902 1599 ob
918 1550 1039 1599 cousus
1057 1524 1207 1597 libelinm

107 1639 149 1713 ist
177 1640 326 1738 repudii.
344 1639 387 1712 At
402 1639 558 1714 Christus
576 1666 642 1714 non
666 1639 711 1714 cb
734 1665 865 1728 omnes,
883 1639 943 1712 sed
969 1638 1013 1712 eb
1037 1638 1209 1739 impudica

107 1772 221 1828 untum
249 1768 282 1826 et
305 1754 456 1828 adultera
480 1781 584 1829 uxore
610 1756 683 1829 viro
702 1755 852 1855 separari
872 1754 1051 1854 permittit:
1068 1754 1208 1855 reliquis

107 1885 202 1941 tutem
227 1867 384 1942 omnibus
408 1869 509 1943 rebus
536 1869 640 1943 animi
665 1869 833 1969 aequitate
850 1894 890 1942 ac
908 1868 1072 1968 patientie
1088 1868 1136 1942 uti
1156 1869 1210 1941 iu·

107 1998 157 2056 et.
170 1982 263 2080 Ergo
276 1982 482 2080 impudicam
494 1983 644 2083 quidem,
657 1983 738 2083 quia
751 2008 858 2080 genus
872 1983 1057 2082 corrumpit
1068 1997 1101 2055 et
1113 1981 1210 2055 edul-

107 2113 187 2184 erat,
217 2095 442 2195 expellamus:
462 2113 570 2172 cetere
588 2098 702 2172 omnia
729 2099 893 2198 patienter
912 2098 1083 2172 moderate
1098 2114 1132 2171 et
1153 2124 1209 2173 sn-

107 2213 224 2286 tienter
247 2211 416 2300 ieramus,
432 2228 508 2301 out,
524 2229 562 2287 ut
579 2214 701 2287 rectius
729 2213 867 2312 loquar,
886 2215 1059 2312 sapienter
1081 2230 1114 2286 et
1138 2239 1210 2287 mo-

107 2326 208 2400 {erate
219 2327 314 2413 ferte,
329 2327 534 2427 quicumque
547 2327 752 2401 matrimonii
767 2327 883 2425 iugum
898 2327 1052 2401 subiistis
1069 2328 1206 2423 (1οἾ).»

164 2442 259 2514 Haec
283 2441 464 2541 praecipua
486 2457 564 2516 sunt
581 2469 669 2542 quae
695 2469 735 2515 ex
751 2443 909 2540 Gregorio
934 2443 1138 2516 nazianzeno
1166 2442 1209 2515 ud

107 2573 326 2654 rrgumentnm
353 2574 504 2631 nostrum
537 2558 726 2631 reseruntur
754 2560 868 2653 (108):
900 2584 940 2631 ex
966 2558 1021 2631 his
1051 2582 1129 2631 vero
1158 2558 1210 2628 di-

166 2805 234 2867 (ton)
251 2808 329 2870 Atque
348 2808 389 2858 hic
399 2808 478 2859 obiter
492 2809 583 2860 educto
603 2808 688 2860 ecdem
698 2810 723 2859 iu
738 2823 811 2860 sensu
836 2808 1051 2860 commatrem
1062 2818 1208 2856 corurnemo·

107 2895 145 2933 tre
164 2897 186 2933 c.
199 2886 272 2948 Greg.
284 2887 456 2937 nazianzenum
475 2902 504 2938 ec
523 2901 545 2939 s.
557 2889 684 2953 Racilium,
694 2890 789 2940 seilicet
800 2890 921 2939 tomnsem
934 2900 976 2937 seu
990 2886 1097 2947 ciuilem,
1108 2898 1157 2934 non
1168 2897 1208 2934 su·

107 2976 141 3012 uri
162 2963 361 3015 eeclesiasticam.

164 3044 234 3106 (roc)
258 3047 320 3108 opp.
331 3046 371 3096 ed.
386 3048 455 3098 Poris
469 3054 535 3100 tcto.
549 3051 608 3099 tom.
618 3051 637 3098 1.
647 3063 700 3113 psg.
711 3053 765 3100 ⁴99.
776 3056 833 3100 5⁰0.

164 3124 232 3185 (ιοῖ)
248 3122 311 3174 thid.
322 3137 376 3188 pag.
388 3132 443 3178 5⁰1.

164 3204 232 3265 (tos)
248 3204 310 3252 Nam
325 3217 389 3266 quoe
407 3218 436 3255 ex
449 3206 519 3269 epist.
530 3208 614 3257 ccxl.
625 3210 690 3258 etex
703 3220 779 3257 curm:
795 3208 876 3256 11.1)c
891 3205 1017 3269 Vtrqintb.
1031 3205 1166 3256 afferuntur
1176 3204 1208 3254 le·

107 3294 149 3331 nm
166 3283 265 3330 tnnurm
283 3281 394 3333 civilium
412 3284 443 3334 de
459 3284 566 3335 divortio
587 3284 729 3349 improbent
746 3285 906 3348 unctionem,
917 3298 945 3335 ec
966 3284 992 3335 ln
1005 3296 1091 3348 genoe
1105 3281 1208 3335 indisso·

107 3360 241 3410 militatem
258 3360 365 3423 coniugii
383 3363 543 3415 constituunt.
555 3367 617 3415 Nom
636 3365 664 3414 in
682 3364 753 3428 epist.
767 3364 809 3414 eit.
828 3364 926 3429 legitur.
938 3383 950 3408 ι
963 3363 1083 3429 Equidem
1102 3363 1209 3416 libentis·

109 3451 152 3489 me
175 3437 310 3488 consilium
329 3438 450 3490 dedissem
467 3441 519 3491 filio
536 3455 591 3493 meo
610 3444 868 3506 oprim0,utmu1ts
883 3456 987 3505 eorum,
1005 3455 1067 3506 quse
1086 3443 1112 3493 in
1129 3442 1211 3492 medio

107 3517 222 3570 rteriectn
239 3522 297 3568 eunt
317 3522 530 3583 praetercuneret,
540 3522 584 3584 qni
601 3520 737 3573 divortium
754 3524 833 3573 ratum
853 3535 902 3572 non
922 3522 1018 3573 fuceret:
1034 3523 1101 3586 qued
1116 3521 1210 3584 legibus

107 3597 183 3649 nstris
201 3600 303 3648 omnino
322 3598 452 3663 displicet:
474 3602 570 3652 temetsi
594 3615 752 3652 romanorum
773 3603 839 3666 teges
858 3602 929 3653 ntitcr
949 3601 1077 3665 iudiceut3
1090 3621 1102 3644 υ
1121 3601 1210 3664 qulbus

107 3678 189 3728 idetnr
205 3691 227 3727 s.
239 3679 370 3742 Gregorius
382 3680 447 3743 leges
464 3681 640 3733 ecclesiasticos
659 3681 749 3746 quibus
767 3682 927 3746 reprobentur
942 3682 1049 3733 divortit
1067 3680 1160 3744 legibus
1176 3682 1208 3730 ci·

107 3757 182 3808 ilibus
202 3770 335 3820 opponere,
359 3772 422 3822 quoe
437 3759 480 3809 ills
500 3761 655 3823 permittunt.

169 3839 199 3886 ln
219 3837 329 3888 carmine
347 3842 429 3888 sutem
447 3841 485 3890 De
510 3843 607 3903 Vtrctn.
628 3855 753 3904 exponens
770 3844 876 3907 coniugii
904 3842 1077 3904 incommoda,
1095 3843 1157 3892 inter
1177 3855 1212 3890 re·

107 3930 145 3967 *se
169 3916 251 3966 cauit:

256 3998 375 4048 Focrninc
396 4012 445 4049 non
465 4012 541 4062 parra
559 4004 680 4051 mercetur
701 4001 758 4051 dote
776 4002 902 4063 meritum,

255 4077 377 4141 Quodque
387 4080 461 4129 etiam
475 4080 580 4143 gravius,
599 4082 713 4131 vitiosum
733 4095 804 4144 saepe
814 4085 838 4132 et
847 4083 956 4133 inertem.

252 4162 347 4208 Rursus
365 4160 467 4210 emendo
487 4162 539 4210 viro
553 4162 669 4220 coniunx,
682 4174 727 4212 nec
747 4163 855 4213 moribus
878 4164 921 4214 illu

254 4239 367 4288 Praeditn
383 4253 455 4302 saepe
467 4240 555 4302 bonis,
574 4241 684 4304 quaesito
702 4243 853 4304 nttrnctnque
873 4244 947 4305 pestis

253 4321 338 4369 Pestis
358 4333 439 4382 quam
458 4319 536 4371 nullo
553 4320 631 4371 ὅσιαι
649 4323 752 4372 cottone
766 4320 876 4384 stupore.
