2796 5064
141 355 211 427 abl
288 376 351 427 un
369 374 417 426 ur.
438 372 525 425 asor.
541 371 672 423 mrum.
689 371 729 423 or
746 371 858 423 mnus.
875 372 972 424 nura.
989 370 1115 425 cumr.

139 492 347 578 dimittendi,
385 490 445 565 sed
474 504 509 564 et
535 489 673 564 alteram
704 488 850 564 ducendi
882 490 1053 565 licentiam
1088 490 1245 578 tribuere,

138 607 232 683 aliud
264 608 294 681 ei
325 607 530 692 attribuunt,
564 616 665 705 quam
696 606 787 705 quod
815 606 899 681 dicit
928 623 987 681 aut
1021 606 1148 695 sentit,
1179 632 1246 680 cum

139 723 296 799 maritum
312 721 428 797 uxoris
446 719 618 796 adulterae
635 719 678 793 ab
696 718 789 794 illius
810 721 970 795 societate
993 720 1172 795 dumtaxat
1197 720 1247 794 ub

140 838 284 913 solvat.»

608 1003 645 1103 p.
674 1003 760 1075 xnr.

518 1155 554 1203 De
567 1152 711 1202 chromatio
726 1151 881 1215 aquileiensi.

213 1289 308 1375 Quae
325 1286 369 1360 de
385 1287 449 1361 hoo
467 1302 665 1383 argumento
681 1284 819 1384 scripsit
843 1311 872 1358 e.
888 1282 1107 1358 Chromatius
1125 1285 1250 1384 episoo

142 1430 206 1504 pus
230 1401 449 1503 aquileiensis
476 1403 573 1497 (156)
603 1399 769 1474 habentur
794 1401 949 1474 Tractatu
975 1400 1032 1471 lx.
1057 1400 1095 1472 in
1121 1425 1199 1499 cap.
1215 1400 1248 1471 l.

140 1545 170 1593 s.
182 1517 361 1601 Matthaei,
381 1516 440 1590 ubi
458 1515 655 1615 praemissis
676 1514 788 1588 verbis
807 1513 1006 1588 Salinatoris:
1028 1512 1081 1586 ld
1100 1513 1252 1587 duritiem

141 1633 366 1706 cordisvestri
380 1648 444 1705 etc.
465 1631 500 1702 in
518 1629 609 1704 hunc
626 1629 763 1704 modum
776 1629 1009 1729 prosequitur:
1026 1628 1158 1703 «Unde
1170 1654 1252 1702 nunc

143 1774 211 1821 non
237 1747 402 1820 immerito
426 1745 590 1819 Dominus
612 1771 652 1819 ac
668 1744 821 1818 Salvator
837 1759 968 1830 noster,
989 1743 1127 1817 sublata
1144 1743 1204 1818 illa
1218 1743 1253 1816 li·

140 1863 273 1950 centia,
300 1862 461 1961 antiquae
485 1860 734 1935 constitutionis
761 1886 843 1934 suae
869 1876 1047 1960 praecepta
1078 1873 1250 1934 restaurat.

142 1978 238 2050 lubet
263 2003 409 2076 namque
434 1975 637 2049 matrimonii
656 1992 786 2049 castum
809 1974 1002 2072 coniugium
1026 1972 1253 2049 indissolubili

141 2092 214 2189 lege
240 2088 389 2178 servari,
416 2091 598 2165 ostendens
622 2090 771 2189 coniugii
799 2089 907 2188 legem
931 2117 953 2163 a
977 2115 1016 2165 se
1040 2115 1121 2164 esse
1144 2089 1254 2191 primi·

141 2223 195 2280 tus
220 2206 420 2280 institutam.
444 2206 521 2305 lpse
545 2205 636 2279 enim
661 2206 727 2279 ait:
751 2205 845 2293 Quod
869 2232 944 2304 erpo
969 2205 1059 2277 Dens
1085 2205 1255 2279 coninnnit

140 2325 176 2394 in
193 2348 312 2404 onom,
324 2320 424 2392 ‘bomo
440 2347 504 2392 non
523 2335 661 2418 separet.
675 2321 752 2407 Quo
767 2321 858 2395 dicto
875 2336 908 2393 et
925 2319 1100 2419 passivam
1118 2319 1255 2393 Iudaeo

141 2463 215 2509 rum
240 2435 428 2520 licentiam,
453 2449 486 2508 et
511 2435 647 2508 stultam
672 2462 712 2509 ac
729 2433 957 2509 miserabilem
981 2432 1252 2509 manichaeorum

142 2551 467 2652 praesumptionem,
495 2551 554 2649 qui
581 2568 706 2647 negant
730 2552 838 2624 aDeo
856 2576 932 2624 esse
955 2550 1137 2647 coniugia,
1159 2548 1253 2623 huius

142 2666 328 2741 sententiae
346 2666 616 2765 pronuntiatione
634 2665 825 2749 damnavit,
846 2665 982 2738 dicens:
1003 2679 1145 2762 enceptc
1162 2690 1255 2737 conso

142 2782 368 2882 fornicationis
386 2807 523 2855 uxorem
542 2806 609 2854 non
623 2779 723 2853 liccro
736 2780 878 2853 dimitti:
895 2796 1009 2878 aperte
1021 2779 1254 2854 demonstrans

141 2924 218 2971 eurn
237 2912 352 2971 contra
368 2896 430 2969 Dei
449 2923 549 2994 agere
564 2897 786 2983 voluntatem,
809 2896 868 2994 qui
890 2895 1144 2968 matrimonium
1162 2896 1255 2969 alleo

141 3011 292 3085 iunctum
319 3011 436 3084 illicita
461 3011 594 3085 divortii
614 3011 825 3111 separatione
842 3025 1004 3083 temerare
1022 3036 1252 3111 praesumpse-

142 3128 195 3199 rit.
218 3127 313 3200 Undo
339 3154 405 3202 non
429 3128 601 3225 ignorent,
629 3152 731 3225 quam
757 3152 858 3223 grave
882 3126 973 3225 apud
990 3127 1100 3198 Deum
1125 3126 1255 3199 damna-

142 3242 243 3315 tionis
268 3244 394 3314 crimen
420 3243 610 3329 incurrant,
639 3241 697 3340 qui
723 3268 784 3341 per
809 3241 1005 3314 elsronatam
1028 3240 1187 3316 libidinis
1207 3266 1252 3315 vo

141 3355 302 3454 luptatern
325 3356 719 3456 (absquelornicationis
742 3362 880 3451 causa),
901 3356 1054 3429 dimissis
1077 3356 1250 3441 uxoribus,

143 3471 176 3542 in
201 3470 411 3553 aliauolunt
434 3474 577 3546 transire
604 3471 772 3569 coniugia.
795 3471 891 3558 Quod
915 3471 1042 3545 idcirco
1059 3497 1099 3545 se
1122 3471 1255 3545 credunt

143 3587 281 3685 impune
298 3588 520 3674 committere,
537 3588 618 3687 quia
637 3587 792 3660 humanis
810 3604 843 3659 et
861 3584 986 3659 saeculi
1004 3584 1142 3684 legibus
1161 3586 1195 3659 id
1211 3585 1254 3659 ui-

142 3700 241 3774 detur
266 3701 486 3798 permissum,
511 3703 716 3789 nescienteS,
743 3703 777 3773 in
801 3701 864 3775 hoc
882 3727 920 3774 se
936 3701 1076 3798 gravius
1094 3727 1137 3776 ac
1154 3701 1253 3799 magis

143 3813 358 3914 delinquere,
374 3816 457 3915 quia
470 3816 636 3891 humanas
650 3818 741 3916 leges
755 3817 879 3891 divinis
895 3815 1103 3915 praeferant3
1119 3833 1158 3891 ut
1170 3813 1252 3919 quod

216 4084 281 4147 (too)
296 4088 333 4135 De
348 4085 422 4135 huius
438 4087 515 4136 sancti
530 4086 647 4138 antistitis
660 4086 734 4149 gestis
745 4088 770 4135 et
779 4085 1202 4150 scriptiscl.lustnrnl²ontnuiniurn
1210 4082 1251 4148 epl-

144 4177 212 4226 scop.
229 4179 396 4229 corcyrensem
417 4167 443 4215 in
459 4169 580 4216 Htrtorto
604 4166 737 4216 litterano
756 4166 919 4230 aqntktenat.
938 4168 1031 4216 Romae
1052 4170 1122 4217 1744.
1139 4166 1196 4216 libri
1211 4168 1252 4215 trs

144 4246 259 4306 raptet
269 4246 290 4294 t.
298 4248 348 4295 Nec
359 4258 407 4294 non
419 4244 534 4295 Bernarrl.
546 4245 649 4296 Mariam
660 4249 696 4295 De
710 4245 801 4296 Rubeis
816 4247 853 4295 De
869 4244 1044 4296 monumentis
1053 4244 1180 4297 ecclertce
1188 4244 1251 4309 oeti-

145 4319 247 4371 hunnis
264 4326 450 4374 commentante
467 4324 620 4375 ttlrrstrotts.
634 4324 780 4387 nrgenttnae
792 4325 850 4385 (seu
862 4324 990 4386 venetiis)
1007 4328 1075 4376 tlto.
1086 4338 1142 4389 rap.
1153 4331 1181 4376 to
1190 4333 1249 4385 teet·
