2796 5064
241 119 310 170 car.
328 118 351 168 t.
366 116 406 167 or
426 115 601 167 ιοιιοιιιι
617 113 825 166 eracemum.
841 113 911 163 mr.
928 111 976 162 ru.
1121 87 1161 159 ll
1179 90 1182 95 ’

64 260 145 336 quse
169 261 212 308 ex
237 235 299 308 llei
320 235 435 335 'ipsius
460 232 686 334 inspiratione·
701 231 808 320 Adam
834 230 1005 331 prorupit:
1025 243 1056 302 et
1072 243 1167 303 enrot

61 348 168 423 decio
180 374 374 433 contrusa,
391 347 543 447 adeoque
567 346 746 446 quamdam
773 344 901 443 legem,
928 361 966 418 ut
981 343 1036 418 ita
1056 344 1166 418 dicam

61 463 252 560 rirrplrcr'tom
267 461 321 536 vel
337 461 381 535 ab
399 463 475 562 ipso
493 460 608 534 mundi
635 460 771 533 exordio
796 459 947 532 extitisse
971 459 1014 532 de
1039 459 1168 534 unitate

59 578 262 651 matrimonii
293 580 406 673 (tot).
427 576 579 649 Attamen
609 576 662 648 lex
690 575 855 648 eiusmodi
882 601 949 647 non
979 590 1050 647 erat
1085 575 1168 648 satis
1278 613 1281 621 ·

58 718 233 790 expressa,
248 693 339 792 quod
358 692 399 765 ad
417 692 524 789 legem
542 691 677 790 proprie
693 691 835 776 dictam,
856 687 1013 762 omnibus
1031 688 1168 763 omnino

57 805 344 894 assentientibus,
379 806 579 906 requiritur,
611 822 649 878 ut
675 804 744 878 vim
778 802 949 900 obligandi
985 801 1107 876 habeat
1135 818 1169 877 et

58 921 120 994 sub
138 937 279 1020 peccato
296 919 649 1020 adstringatSccurtdo
666 947 707 994 ex
725 919 840 993 divina
858 917 1066 992 institutione
1083 918 1167 992 satis

58 1037 243 1137 apparebat
267 1037 422 1138 aequalia
446 1041 520 1111 iura
543 1037 678 1136 utrique
703 1034 837 1131 coniugi
864 1033 1064 1120 convenire,
1084 1034 1168 1126 adeo

58 1168 94 1225 ut
115 1154 357 1254 unusquisque
381 1169 468 1228 totus
490 1153 627 1227 alterius
652 1168 762 1238 esset,
790 1177 831 1223 ac
859 1149 979 1222 mulier
1002 1149 1100 1237 viro,
1129 1176 1169 1224 ac
1254 1236 1256 1239 ¹

59 1268 107 1338 ιιι
130 1266 265 1340 mulieri
293 1285 384 1342 esset
408 1294 449 1341 ex
474 1293 582 1367 aequo
606 1267 839 1366 mancipatus;
860 1264 1017 1365 quocirca
1033 1266 1074 1337 eo
1092 1264 1168 1362 ipso

59 1381 147 1480 quod
175 1382 266 1455 idem
292 1383 345 1456 ius
370 1384 502 1482 utrique
528 1382 663 1478 coniugi
687 1381 836 1466 inesset,
867 1405 933 1451 non
966 1394 1094 1479 poterat
1117 1379 1170 1451 vir

60 1494 157 1568 alium
183 1497 446 1595 superinducere
470 1497 536 1571 nisi
568 1523 607 1570 ex
633 1522 801 1570 consensu
833 1495 967 1595 prioris.
1002 1495 1108 1566 Tertio
1132 1509 1170 1567 ut

61 1609 252 1710 polygamia
272 1612 371 1686 certis
392 1613 517 1686 linibus
536 1611 758 1696 detineretur,
780 1627 881 1710 atque
905 1635 972 1683 non
995 1609 1168 1682 brutorum

62 1751 170 1812 more,
200 1726 262 1800 sed
287 1744 385 1826 prout
410 1728 581 1801 hominem
605 1728 722 1815 decet,
744 1726 862 1799 haberi
888 1743 1022 1826 posset,
1042 1752 1109 1798 non
1126 1724 1169 1796 li·

61 1837 184 1914 bidinis
206 1840 413 1939 explendae,
434 1842 493 1915 sed
511 1843 612 1915 unius
634 1840 859 1941 procreandae
880 1838 983 1939 prolis
999 1858 1104 1923 causa
1120 1838 1169 1912 le·

63 1955 172 2051 gitime
195 1971 328 2054 poterat
352 1957 482 2031 admitti
500 1960 613 2053 (102).

127 2071 247 2170 ltaque
272 2072 346 2145 sine
371 2073 633 2146 contradictione
657 2073 819 2146 affirmari
845 2073 967 2172 poterit
982 2070 1034 2145 vel
1054 2071 1169 2169 negari

65 2184 286 2285 polygamiam
314 2213 390 2261 esse
419 2204 533 2261 contra
560 2188 689 2285 legem,
723 2204 820 2287 prout
849 2188 933 2285 legis
965 2214 1086 2262 nomen
1115 2185 1169 2260 vel

65 2327 172 2397 presse
196 2300 250 2374 vel
275 2301 385 2375 laxius
417 2319 620 2402 usurpatur,
649 2330 688 2377 ac
713 2305 814 2376 simili
842 2304 941 2377 modo
965 2304 1094 2377 dicetur
1115 2301 1169 2375 vel

65 2415 143 2488 iusta
155 2415 210 2489 vel
229 2417 354 2490 iniuste
372 2434 470 2516 prout
486 2420 730 2506 consentiente,
752 2436 809 2492 aut
827 2420 931 2492 invita
948 2419 1050 2518 priori
1067 2444 1169 2490 uxore

65 2528 269 2630 frequentata
302 2548 529 2632 supponatur;
568 2534 714 2633 itemque
746 2535 887 2608 honesta
910 2533 963 2606 vel
993 2532 1170 2605 inhonesta

66 2663 154 2741 pmut
180 2647 255 2720 eius
281 2648 359 2721 linis
384 2664 435 2721 est
460 2649 592 2745 generis
619 2649 758 2721 humani
786 2648 1036 2747 multiplicatio,
1057 2663 1115 2720 aut
1133 2647 1170 2718 li·

64 2762 177 2835 tentia.
200 2762 333 2835 Scilicet
357 2779 393 2836 ut
416 2764 608 2863 polygamia
634 2792 654 2837 a
676 2765 815 2837 crimine
839 2762 981 2836 violatae
1005 2762 1090 2860 legis
1116 2761 1169 2833 di-

64 2876 154 2950 vinae
188 2877 347 2952 immunis
380 2880 533 2953 credatur
557 2896 624 2953 tres
649 2880 858 2955 conditiones
892 2879 1027 2953 omnino
1062 2878 1170 2978 requi·

65 3008 195 3078 mutor,
224 3008 261 3066 ut
285 2993 377 3067 nulla
402 2995 559 3094 explicita
584 2995 657 3092 lege
681 3012 831 3083 vetetur,
852 3012 889 3069 ut
905 3022 989 3070 uxor
1010 3021 1170 3095 expresse

64 3105 108 3179 rel
132 3107 235 3180 tacite
257 3110 574 3206 consentiat(103),
594 3112 725 3185 utfinis
748 3112 793 3184 sit
813 3110 996 3184 honestus:
1020 3111 1111 3211 quod
1138 3110 1168 3183 si

127 3400 197 3460 (rot)
214 3401 269 3448 Hoc
283 3400 434 3463 referuntur,
447 3415 510 3466 qrree
523 3416 593 3453 conc.
606 3401 763 3454 tridentinum
776 3418 835 3455 sess.
847 3406 934 3454 xxiv.
945 3404 1062 3455 exbibens
1079 3404 1168 3455 doctri·

67 3488 113 3527 tun
131 3480 163 3528 dc
184 3483 339 3529 samamenlo
361 3483 509 3532 nutrimenti
529 3485 642 3546 protulit:
661 3485 830 3534 «Matrimonii
849 3488 992 3548 perpetuum
1012 3484 1166 3535 indissolubi·

67 3553 153 3620 lunque
166 3572 257 3608 nexum
277 3560 372 3622 primos
388 3561 489 3610 humani
506 3561 601 3625 generis
618 3576 705 3625 parens
723 3563 801 3612 divini
816 3564 917 3626 spiritus
928 3564 1044 3613 instinctu
1061 3577 1166 3627 pronun·

68 3635 148 3698 clarit,
159 3651 217 3687 cum
232 3637 308 3688 dixit:
321 3643 377 3690 Hoc
388 3653 459 3691 nunc
471 3655 498 3690 os
508 3655 542 3691 ex
553 3642 654 3692 ossibus
666 3645 786 3693 mets...et
802 3647 881 3694 eruut
896 3643 950 3693 duo
966 3646 993 3693 r'rr
1007 3656 1088 3694 corne
1102 3656 1166 3693 ono.

69 3714 110 3766 tloc
123 3721 207 3768 autem
222 3717 323 3769 vinculo
338 3719 404 3770 duos
424 3721 604 3772 tantummodo
622 3723 731 3785 copulari
747 3727 772 3774 et
785 3724 913 3787 coniungi,
928 3725 1040 3774 Christus
1050 3725 1169 3774 Dominus

69 3800 174 3855 apertus
192 3797 292 3858 docuit,
312 3812 369 3849 cum
388 3804 509 3863 postrema
530 3802 571 3851 illa
593 3803 680 3863 uerba,
696 3808 819 3867 umquam
835 3806 911 3854 alteo
926 3805 1032 3867 prolata,
1047 3804 1167 3864 reserent,

70 3868 132 3923 luit:
143 3878 240 3939 Itaque
249 3879 304 3926 tom
315 3890 366 3928 nou
376 3882 439 3929 runt
448 3878 501 3929 dun
510 3880 555 3929 red
565 3893 622 3931 uno
633 3894 720 3931 coro.»

129 3954 194 4015 litt)
210 3954 249 4004 Gi.
259 3955 346 4005 Merlin
358 3956 422 4006 Dies.
434 3957 477 4007 cit.
490 3957 512 4020 §.
525 3960 568 4008 lv.

130 4034 195 4092 (tot)
210 4033 327 4084 Nonnulli
341 4037 422 4085 tamen
440 4034 502 4085 trano
521 4038 686 4088 conditionem
703 4042 787 4102 utpote
803 4053 852 4089 ιιοιι
867 4041 1028 4091 necessariam
1040 4045 1167 4105 respuunt.
