2796 5064
260 374 1086 429 crumenarumrmnernmnrssurrnraru.
1172 354 1242 426 ste

126 494 225 569 huhet
241 495 476 594 Athenagoras
495 496 530 568 in
550 495 727 592 legatione
752 520 812 594 pro
837 494 1045 569 christiania.
1066 494 1139 569 «Ut
1154 497 1245 596 quis

124 635 184 710 que
214 609 272 683 vel
303 610 415 710 qualis
445 626 545 683 uatus
577 625 647 696 est,
677 625 812 682 maneat
834 609 887 683 rel
914 610 1024 684 unicis
1045 611 1079 682 in
1100 610 1242 710 nuptiis.

123 725 299 799 Secundae
323 725 413 798 enim
433 724 593 798 decorum
619 724 840 798 adulterium:
866 725 1068 825 Quicumque
1086 729 1171 800 enim
1192 725 1245 798 di-

122 843 265 924 miserit,
289 840 400 939 inquit
418 839 632 937 (Christus),
647 867 784 913 uxorem
804 867 898 913 suom
918 855 950 914 ct
968 843 1071 915 oliam
1096 841 1242 925 dauers,

121 957 330 1039 moechatum
350 982 411 1028 nec
430 981 505 1028 eam
522 955 646 1028 dimitti
669 956 802 1043 sinens,
825 956 922 1030 cuius
941 956 1126 1053 virginitati
1143 957 1245 1030 finem

123 1072 199 1171 quis
226 1070 411 1169 imposuit,
440 1097 502 1145 neo
528 1070 630 1145 aliam
655 1071 795 1170 insuper
815 1070 906 1144 duci.
928 1072 1011 1143 Nam
1035 1073 1095 1170 qui
1115 1098 1153 1145 se
1172 1073 1246 1171 ipse

123 1184 231 1284 prima
256 1208 360 1258 uxore
384 1184 527 1283 spoliat,
555 1186 689 1259 etiamsi
716 1202 847 1259 mortua
864 1186 927 1272 sit,
948 1185 1079 1258 occulta
1096 1186 1244 1286 quadam

124 1301 252 1374 ratione
277 1313 331 1374 est
354 1299 485 1374 adulter
500 1302 614 1397 (32).»
632 1299 723 1372 Nihil
750 1300 876 1373 hahent
899 1300 990 1399 quod
1016 1301 1161 1374 aflerant
1184 1301 1247 1374 ad-

123 1413 265 1488 rarsarii
280 1412 324 1484 ad
337 1413 430 1486 hunc
443 1430 567 1489 textum
581 1413 802 1500 eludendum;
820 1413 911 1514 quod
925 1414 954 1487 si
974 1414 1076 1487 nimis
1090 1441 1244 1489 severum

125 1554 159 1603 se
171 1528 340 1628 praebere
351 1528 486 1603 ridetur
498 1529 730 1627 Athenagoras
743 1530 906 1603 aduersus
922 1531 1089 1604 secundas
1108 1531 1245 1631 nuptias

125 1645 359 1734 successivas,
384 1662 520 1720 secutus
544 1662 595 1720 est
621 1646 685 1720 hac
712 1647 745 1719 in
773 1673 809 1720 re
828 1648 1028 1721 sententiam
1050 1662 1157 1721 aetate
1182 1674 1245 1722 sua

124 1760 291 1858 rigentem
318 1761 467 1862 passim,
495 1788 564 1862 qua
587 1762 621 1833 in
647 1762 875 1861 suspicionem
902 1763 1163 1836 incontinentiae
1186 1789 1246 1837 vo·

126 1873 288 1949 eahantur
312 1875 518 1977 quicumque
543 1875 663 1951 iterum
690 1874 874 1964 nuberent,
903 1894 939 1952 ut
964 1902 1027 1952 suo
1052 1876 1125 1951 loco
1157 1877 1246 1951 vidi-

126 2016 199 2066 mus
216 1992 308 2086 (33).
1180 2016 1183 2021 ·

622 2128 659 2228 ss.
690 2129 747 2201 lll.

578 2298 615 2348 De
630 2258 790 2348 fartaniano.
843 2346 846 2353 ,

197 2462 324 2534 hlirum
346 2462 488 2538 fortasse
508 2462 663 2563 pluribus
683 2464 827 2550 accidet,
847 2465 938 2563 quod
956 2465 1044 2538 inter
1061 2481 1245 2540 assertores

126 2575 437 2651 indissolubilitatis
449 2578 597 2675 coniugii
611 2578 786 2652 christiani
800 2579 901 2653 etiam
915 2574 1155 2653 Tertullianum
1168 2606 1245 2654 con-

126 2718 362 2781 numeremus,
387 2721 489 2793 quem
515 2693 698 2768 adversarii
718 2721 784 2766 non
804 2694 906 2768 modo
926 2722 1026 2768 suum
1050 2722 1127 2768 esse
1152 2721 1247 2770 asse·

127 2824 215 2895 runt,
232 2833 349 2880 rerum
369 2809 470 2881 etiam
489 2808 640 2883 nonnulli
657 2808 813 2883 catholici
832 2809 934 2909 plane
951 2809 1127 2896 deserunt,
1146 2826 1246 2909 atque

127 2921 291 2996 intereos
311 2938 490 2996 accensent
501 2924 560 3023 qui
576 2950 636 3023 pro
654 2924 821 2998 solutione
842 2925 1098 2998 matrimonialis
1119 2924 1246 2999 vinculi

127 3036 159 3109 in
184 3063 293 3111 causa
318 3038 473 3112 adulterii
496 3055 698 3138 pugnarunt.
716 3039 777 3113 hst
796 3040 826 3113 si
847 3038 939 3114 clara
960 3039 1034 3112 eius
1056 3038 1248 3113 testimonia

127 3153 346 3250 seiungamus
361 3154 482 3242 abiis,
499 3181 587 3255 quae
604 3154 749 3228 obscura
768 3172 864 3242 sunt,
880 3172 913 3228 et
925 3156 1112 3229 contrariae
1123 3155 1248 3229 doctri-

128 3293 189 3342 nae
208 3269 413 3368 patrocinari
434 3268 611 3357 videntur,
636 3297 804 3371 quaenam
821 3297 902 3345 vera
920 3271 994 3345 eius
1012 3298 1107 3344 mens
1128 3272 1244 3358 luerit,

128 3379 262 3456 lucilius
283 3408 517 3483 assequemur.
533 3384 610 3455 Dixi
636 3411 718 3482 quoe
738 3385 875 3458 obscuro
899 3400 998 3471 sunt,·
1027 3413 1105 3458 nam
1131 3385 1161 3460 si
1186 3413 1248 3487 sp-

129 3499 301 3597 primeca
326 3498 553 3587 excutiamus,
583 3498 710 3598 patebit
737 3500 848 3600 ipsum
876 3527 938 3574 nec
964 3501 1030 3574 sihi
1056 3528 1117 3576 nec
1148 3502 1246 3576 nohis

128 3637 203 3686 esse
228 3612 454 3700 contrarium,
491 3639 635 3714 vereque
666 3631 862 3713 perpetuam
893 3617 965 3690 sive
994 3617 1243 3704 omnimodam,

128 3728 228 3802 etiam
254 3729 289 3800 in
319 3755 423 3803 causa
455 3728 636 3818 adulterii,
673 3729 1004 3806 indissolubilitatem
1036 3731 1247 3830 coniugalem

129 3870 351 3946 propugnare.

197 4098 249 4160 (tt)
266 4096 313 4149 Ed.
326 4099 410 4149 Mareu
426 4112 452 4149 u.
465 4105 504 4151 ³³.
517 4113 572 4164 pag.
586 4108 625 4153 ao.

197 4178 249 4241 (³²)
265 4179 305 4231 cl.
315 4182 401 4230 Μιτιιι
412 4181 439 4230 iu
447 4183 505 4232 note
516 4181 547 4232 ad
560 4182 627 4232 hunc
636 4182 684 4233 loe.
693 4182 735 4233 ubl
742 4195 799 4234 eum
809 4183 841 4234 ah
851 4196 934 4235 errore
944 4182 1162 4245 montanistarum,
1171 4181 1248 4232 immo

128 4257 166 4308 rel
175 4259 208 4310 ah
217 4258 272 4324 ipsa
284 4259 359 4311 holus
370 4261 461 4311 arrone
470 4260 608 4325 snsplelone
617 4260 728 4313 vlndlcot
738 4262 857 4315 advenas
868 4262 1061 4324 Tllleruonttnm,
1070 4265 1098 4312 ut
1108 4261 1169 4313 allas
1183 4260 1248 4312 rllxla

128 4348 188 4388 ram.
