2796 5064
218 379 262 452 ld
385 399 447 450 m.
468 398 516 449 lll·
537 396 624 449 stat.
646 398 669 448 l·
690 397 730 448 Μ
747 397 843 448 ΙΔΤΙΙ.
858 397 980 449 ffllbl'·
998 399 1144 451 aunan.

216 519 308 595 viros
335 516 414 592 data
438 515 632 601 occasione,
661 515 743 615 quin
769 515 926 609 revelatio
942 532 999 590 aut
1015 518 1194 616 inspiratio
1212 549 1325 622 rean-

217 650 356 719 reretur,
377 647 435 704 aut
451 645 698 730 expectaretur,
720 655 758 703 se
775 628 931 730 pluribus
948 632 1109 706 uxoribus
1132 636 1329 712 coniunxis-

216 774 266 827 se.
287 748 400 822 bahan
426 745 547 845 obtulit
572 745 671 820 laceb
688 745 723 818 in
739 747 935 845 coniugium
958 749 1082 822 Rachel
1108 769 1187 850 post
1212 753 1325 840 tiam,

216 888 327 966 neque
353 861 453 936 lacob
477 862 559 936 huic
583 861 712 936 obstitit
736 863 955 962 propositioni
982 891 1090 964 neque
1115 865 1150 938 id
1174 866 1328 942 illicitum

215 1005 293 1057 esse
319 977 469 1081 reposuit
488 980 601 1074 (tlt).
622 977 730 1050 David
756 978 890 1075 cognita
914 995 1020 1052 morte
1036 979 1162 1067 Nabal,
1190 981 1329 1056 viduam

191 1181 192 1184 Ἴ
216 1096 290 1171 eius
314 1091 445 1191 Abigail
472 1091 568 1193 petiit
584 1091 627 1164 ad
649 1091 802 1192 nuptias,
824 1093 908 1192 quin
934 1108 1045 1167 tamen
1063 1096 1330 1193 prudentissima

216 1209 364 1286 foemina
388 1206 565 1308 quidpiam
590 1222 767 1304 regereret.
788 1207 878 1293 Quid
896 1207 1154 1308 pluralllether
1171 1211 1329 1310 coningio

216 1325 359 1402 traditur
382 1350 403 1397 a
427 1322 649 1396 blardochaeo
674 1321 742 1420 regi
759 1322 928 1410 Assumo,
949 1324 1008 1425 qui
1023 1339 1133 1399 tamen
1152 1327 1196 1398 ad
1220 1354 1330 1427 popu·

215 1440 286 1516 lum
302 1440 364 1515 Dei
382 1438 530 1540 prolecto
547 1464 613 1512 non
633 1438 836 1538 pertinebat,
857 1438 985 1538 quique
1002 1438 1070 1512 iam
1084 1465 1159 1513 cum
1174 1440 1329 1540 pluribus

215 1556 293 1632 aliis
317 1552 479 1629 uxoribus
506 1553 639 1627 iunctus
664 1569 754 1640 erat,
783 1553 888 1626 etita
913 1578 1024 1652 porro.

288 1672 356 1744 Nec
381 1669 488 1744 sancti
514 1683 627 1768 patres
652 1666 838 1766 aliquando
864 1667 907 1740 de
925 1668 1092 1743 eiusmodi
1110 1669 1185 1742 siue
1203 1670 1331 1745 revela-

217 1787 307 1862 tione
324 1785 396 1859 eive
412 1782 632 1884 inspiratione
649 1781 763 1855 divina
782 1782 959 1882 quidpiam
972 1784 1137 1883 suspicati
1153 1800 1253 1873 sunt,
1270 1785 1329 1859 sed

216 1900 370 1976 absolute
387 1924 490 1999 penes
507 1912 636 1970 ueteres
651 1896 876 1998 polygamiam
890 1897 1091 1997 permissam
1105 1899 1327 1984 tradiderunt,

217 2018 319 2090 immo
348 2015 449 2089 etiam
479 2013 727 2112 quodammodo
761 2012 977 2086 insinuatam.
999 2013 1138 2088 Constat
1168 2016 1261 2088 enim
1291 2043 1331 2089 ex

218 2131 330 2207 allatis
355 2128 556 2204 testimoniis
581 2128 823 2203 Tertullianum
845 2129 973 2203 dixisse
999 2130 1088 2229 quod
1118 2130 1210 2204 huno
1236 2131 1332 2232 poly-

217 2247 350 2348 gamiae
375 2242 528 2320 ordinem
557 2260 635 2318 ante
660 2244 879 2342 Evangelium
910 2244 1126 2318 mcesccrium
1149 2247 1217 2345 [uit
1239 2248 1332 2319 iacti

217 2378 325 2449 tuere,
344 2361 548 2435 Clementem
573 2359 661 2454 alex.
681 2360 870 2434 affirmasse
887 2360 979 2434 illam
997 2388 1019 2434 e
1035 2360 1101 2432 Deo
1118 2363 1327 2458 pannosam,

216 2495 250 2553 et
274 2477 364 2578 quod
389 2477 480 2549 Deus
505 2474 541 2547 id
565 2475 716 2574 eoiqebot
733 2476 863 2574 quoodo
880 2475 1047 2575 oportebat
1062 2477 1180 2574 nuperi
1194 2491 1226 2548 et
1244 2478 1332 2549 mol-

219 2593 381 2696 tiplt'cori5
400 2590 677 2723 Chrysostomum
703 2607 737 2664 et
761 2591 1007 2666 Theodoretum
1033 2590 1164 2690 absque
1187 2591 1331 2724 ambage

216 2708 397 2809 scripsisse
428 2709 529 2808 scisco
557 2709 769 2805 percussam,⁹
797 2734 827 2781 s.
853 2708 1095 2809 Hieronymum
1124 2708 1269 2806 ciqueitee
1296 2709 1331 2781 ri

217 2824 310 2900 illius
336 2822 540 2911 sententiae,
569 2824 698 2895 crescite
725 2837 755 2894 et
779 2823 1049 2921 multiplicamini
1077 2821 1226 2953 prolatae
1259 2839 1330 2896 tnm

216 2957 294 3016 ante
306 2956 375 3015 tum
391 2954 468 3039 post
481 2937 664 3025 diluvium,
680 2964 709 3011 s.
720 2937 945 3035 angustinum
957 2936 1146 3011 asseruisse
1158 2936 1328 3012 Abraham

216 3057 302 3129 nibil
325 3070 437 3129 contro
461 3080 563 3126 mores
588 3067 618 3126 et
638 3069 813 3152 praecepto
838 3051 977 3140 lenisse,
998 3078 1038 3126 eo
1063 3053 1153 3151 quod
1179 3080 1247 3126 moe
1274 3056 1330 3126 ille

217 3169 416 3258 obtinuerit,
443 3186 477 3243 et
499 3171 595 3242 nullo
622 3169 688 3265 lopo
709 3169 946 3267 prohiberetur.

292 3285 389 3372 Quod
414 3284 444 3357 si
470 3283 563 3356 nulla
588 3298 703 3357 contra
721 3282 948 3383 polygamiam
969 3283 1135 3358 existebat
1158 3283 1210 3356 lex
1236 3285 1331 3383 posi-

217 3401 306 3490 tiva,
335 3402 364 3475 si
390 3426 464 3474 eam
498 3399 637 3498 insuper
666 3398 798 3497 exigere
829 3400 1006 3474 uidebatur
1035 3399 1327 3499 (quodammodo)

76 3535 81 3545 ‘
217 3532 432 3619 praeceptum
446 3515 488 3588 de
501 3515 641 3588 humani
655 3516 787 3613 generis
802 3515 1079 3615 multiplicatione
1088 3517 1123 3587 in
1133 3515 1328 3587 illismnndi

218 3630 413 3732 primordiis
431 3657 472 3703 ex
489 3630 642 3705 doctrina
661 3648 812 3731 patrum,
833 3658 900 3706 non
918 3632 1016 3707 video
1033 3658 1119 3732 opus
1136 3629 1242 3705 luisse
1265 3628 1332 3703 ali-

217 3772 287 3846 qna
310 3746 427 3819 divina
452 3744 654 3820 revelatione
683 3764 742 3820 aut
771 3747 1007 3845 inspiratione,
1037 3763 1074 3820 ut
1097 3746 1214 3819 eadem
1238 3744 1333 3819 licite

217 3861 495 3963 frequentaretur.
518 3861 616 3948 Quod
641 3863 671 3936 ai
697 3888 726 3935 s.
749 3862 957 3961 Augustinus
983 3862 1108 3936 alicubi
1139 3860 1257 3968 scribit
1288 3861 1334 3936 de

217 3975 491 4051 AbrabamaNon
517 4003 599 4052 suae
624 3976 749 4050 carnali
775 3977 951 4076 cupiditati
978 3980 1098 4065 cessit,
1127 3977 1187 4052 sed
1212 3977 1336 4051 coniu-

218 4089 286 4188 gali
306 4091 460 4191 potestati
479 4090 734 4190 obtemperavit3
757 4092 887 4164 credens
906 4092 961 4164 boc
980 4095 1099 4164 Soram
1115 4118 1157 4163 ec
1169 4092 1233 4163 oet
1248 4107 1335 4163 nutu

218 4206 374 4291 columae,
404 4205 462 4305 qui
489 4205 556 4277 iam
585 4230 688 4279 exse
714 4205 789 4305 ipso
821 4205 868 4278 illi
899 4206 1077 4281 haeredem
1108 4205 1341 4310 promiserat,

291 4357 357 4417 (ιιι)
375 4353 436 4405 rota.
450 4357 525 4405 xxx.
539 4360 578 4406 ιι.
