2796 5064
153 232 221 304 tot
296 256 357 305 ιιι.
370 255 417 304 ιιι.
433 253 520 304 seor.
537 252 667 302 sareas.
685 252 724 302 ns
741 251 854 303 rnorss.
871 252 965 302 ulra.
984 252 1113 304 canter.

152 373 219 446 iam
238 397 275 445 se
292 370 414 443 debere
431 368 615 442 adulteram
633 367 764 453 dicere,
785 369 883 441 cuius
911 369 1119 466 poenitentis
1144 370 1254 444 crimen

150 487 268 559 divina
293 484 399 558 credit
423 483 638 556 miseratione
663 481 810 555 deletum
833 482 962 578 (3⁸an
988 500 1023 556 et
1045 483 1151 582 paulo
1175 503 1252 583 post:

154 600 306 686 «Quibus
318 599 539 673 consideratis
557 602 659 697 atque'
674 598 837 682 tractatis,
855 599 883 670 si
899 599 1092 671 communis
1106 599 1253 684 conditio,

150 740 325 788 commune
345 714 483 799 malum,
506 739 682 786 commune
700 712 903 810 periculum,
925 738 1110 787 commune
1126 713 1255 797 vulnus,

151 831 336 903 communis
361 829 475 914 salus,
500 827 642 902 fideliter
659 844 692 900 et
709 826 881 900 humiliter
905 829 1087 924 cogitetur,
1114 853 1183 902 non
1204 829 1258 902 erit

152 946 275 1043 turpis,
300 971 409 1045 nsque
433 943 602 1029 dillicilis,
630 945 731 1017 etiam
755 960 832 1043 post
853 948 1048 1043 perpetrata
1068 961 1175 1045 atque
1191 971 1253 1044 por·

150 1077 226 1157 gata
243 1060 407 1134 adulteria
424 1060 650 1134 reconciliatio
667 1060 866 1157 coniugum,
886 1059 944 1132 ubi
961 1086 1027 1159 per
1042 1059 1162 1135 clares
1178 1059 1254 1154 regni

147 1176 317 1249 caelorum
343 1202 409 1249 non
434 1173 607 1248 dubitatur
628 1175 702 1248 fieri
724 1175 878 1250 remissio
905 1190 1125 1274 peccatorum
1155 1178 1252 1270 (blla

220 1289 317 1362 Dixi:
337 1292 371 1363 si
392 1315 465 1362 cere
489 1315 544 1362 eos
564 1293 694 1387 patrati
716 1292 845 1362 sceleris
862 1291 1027 1388 poeniteat
1034 1318 1046 1375 ‚·
1067 1315 1150 1363 nam
1167 1290 1197 1363 si
1215 1288 1256 1360 lu-

148 1421 222 1478 cata
248 1404 476 1480 tantummodo
501 1403 601 1477 luerit
618 1403 748 1478 illarum
769 1405 1020 1504 resipiscentia3
1042 1405 1074 1479 si
1099 1403 1194 1479 nulla
1211 1428 1256 1477 so

148 1521 217 1593 lida
233 1546 314 1620 spes
333 1519 496 1617 affulgeat
512 1520 582 1593 sore
599 1535 636 1592 ut
652 1538 749 1595 caste-
761 1520 892 1606 virant,
912 1546 952 1594 eo
974 1521 1009 1592 in
1033 1545 1123 1594 casu
1140 1519 1254 1594 nullum

147 1661 327 1735 superesse
344 1652 453 1735 potest
469 1634 628 1721 dubium,
648 1636 732 1735 quin
751 1636 804 1709 vir
821 1660 887 1709 non
904 1635 1006 1708 modo
1025 1661 1098 1710 non
1118 1649 1255 1708 teneatur

146 1769 321 1825 nocentem
347 1752 514 1852 recipere,
543 1749 604 1826 sed
630 1751 742 1850 potius
767 1750 988 1824 debeat'eam
1007 1777 1029 1822 a
1048 1775 1088 1825 se
1107 1750 1255 1852 repellere

146 1866 240 1938 iuxta
264 1864 347 1940 illud
374 1868 470 1940 toties
495 1892 516 1939 s
538 1865 691 1966 patribus
717 1866 911 1940 laudatum:
932 1863 1027 1951 «Qui
1061 1881 1156 1940 tenet
1177 1862 1255 1938 adul·

146 1995 269 2066 teram,
306 1979 440 2053 stultus¹
458 1995 510 2054 est
535 1983 571 2053 'et
602 1981 728 2081 impius
754 1982 879 2075 (37);n
899 2004 1000 2052 secus
1025 1979 1122 2053 enim
1144 2004 1249 2077 egeus,

145 2094 374 2193 suspicionem
408 2120 484 2169 reae
516 2095 746 2169 conniventiae
775 2093 970 2194 praeberet,
1008 2119 1054 2172 ac
1087 2109 1250 2194 patronum

146 2208 249 2282 veluti
274 2235 313 2284 se
329 2210 526 2285 ostenderet
549 2210 780 2311 turpitudinis.

217 2324 315 2411 Quod
339 2325 489 2400 desinis
514 2325 640 2401 dictum
664 2344 733 2414 ost,
760 2326 848 2400 idem
874 2326 1091 2400 sentiendum
1113 2326 1162 2400 de
1180 2352 1248 2400 uxo

145 2441 257 2529 ribus,
285 2443 316 2515 si
340 2468 426 2542 quos
444 2442 599 2516 babeant
623 2444 760 2517 maritos
786 2442 999 2517 lascivientes
1031 2468 1075 2516 ac
1107 2441 1247 2543 turpibus

143 2557 341 2631 adulterinis
360 2557 501 2631 nexibus
519 2559 719 2659 implicatos.
738 2560 820 2631 Cum
838 2585 916 2632 vero
931 2557 1115 2632 difficilius
1134 2561 1179 2632 sit
1191 2584 1248 2630 mu·

143 2672 283 2747 lienibus
315 2674 423 2746 virum
456 2674 643 2748 adulterum
670 2703 691 2748 a
716 2701 778 2749 suo
813 2674 1051 2749 conturbernio
1076 2693 1113 2750 et
1142 2703 1163 2749 a
1189 2693 1247 2747 toro

142 2788 342 2885 seiungere,
370 2815 428 2862 eas
455 2790 510 2862 bis
534 2790 645 2863 verbis
671 2789 848 2890 compellat
872 2789 1104 2886 Augustinus,
1132 2808 1170 2864 ut
1192 2787 1247 2862 sal·

143 2917 208 2974 tem
231 2903 264 2973 id
289 2920 490 3000 pertentent,
516 2931 559 2978 ne
580 2906 741 3002 coniuges
764 2930 845 2979 suos
869 2903 1040 3000 negligere
1060 2905 1243 2979 uideantur:

145 3017 317 3092 «studiant
342 3046 414 3092 me:
435 3020 543 3094 zelent
566 3022 657 3095 viros
683 3046 780 3106 suos;
802 3046 867 3094 non
893 3018 958 3092 sibi
977 3037 1118 3093 servent
1138 3044 1244 3094 ranam

141 3131 299 3225 gloriam,
328 3161 395 3231 qua
421 3135 531 3208 solent
555 3162 575 3208 a
604 3137 736 3209 maritis
766 3134 946 3235 impudicis
982 3151 1159 3209 matronae
1186 3136 1245 3208 lau-

140 3243 231 3331 dari,
253 3247 333 3345 quia
351 3248 596 3347 impudicitiam
613 3251 761 3324 virorum
783 3275 919 3323 suorum
941 3274 1052 3347 aequo
1075 3252 1189 3323 animo
1208 3249 1246 3320 le

141 3374 228 3430 runt.
250 3360 333 3433 Nolo
351 3361 450 3435 talem
476 3365 671 3462 patientiam
698 3364 844 3438 babeant
856 3363 1065 3438 christianae
1076 3365 1243 3438 mulieres:

140 3497 277 3570 prorsus
299 3474 409 3548 zelent
424 3477 514 3550 viros
533 3505 630 3565 suos;
652 3505 719 3552 non
742 3494 877 3578 propter
897 3504 1033 3551 carnem
1056 3505 1177 3566 suam,
1196 3475 1244 3552 sed

140 3605 275 3686 propter
297 3591 429 3665 animas
456 3592 601 3666 illorum.
624 3593 769 3668 Omnino
793 3619 854 3691 ego
879 3618 1016 3678 moneo,
1046 3620 1112 3692 ego
1133 3592 1246 3695 praeci·

129 3703 212 3799 pio,
240 3730 302 3802 ego
331 3706 448 3780 iubeo:
469 3709 650 3808 episcopus
679 3708 791 3796 iubet,
811 3708 965 3782 Christus
992 3710 1028 3780 in
1061 3737 1118 3784 me
1149 3710 1242 3782 iubet.

139 3820 235 3894 Novit
258 3821 314 3895 ille
341 3825 375 3896 in
401 3824 499 3898 cuius
525 3841 706 3925 conspectu
731 3826 825 3899 ardet
851 3851 909 3900 cor
934 3852 1061 3899 meum.
1083 3828 1172 3925 Ego,
1204 3827 1246 3897 in·

207 4044 258 4104 (tt)
275 4047 312 4094 De
327 4050 431 4110 contus.
440 4047 527 4097 adult.
541 4049 583 4098 tib.
596 4050 628 4098 lt.
640 4061 694 4111 cap.
707 4051 750 4098 vt.
762 4062 785 4098 n.
800 4055 822 4099 5.

210 4122 260 4183 (tt)
276 4123 337 4173 lbld.
349 4127 408 4188 cap.
418 4128 459 4175 lx.
471 4140 495 4176 u.
507 4136 529 4177 8.

210 4201 260 4262 (³7)
276 4205 347 4253 Pror.
359 4207 446 4256 xvlll.
461 4214 500 4256 tt.
