2796 5064
140 339 209 412 ltd
290 359 352 412 us.
372 354 528 410 inurar.
549 355 680 407 rursm.
701 355 742 406 ns
755 354 868 407 mures.
883 355 982 407 nura.
1003 353 1129 407 aarum

138 476 282 564 cienda,
308 490 411 576 atque
434 473 478 548 ad
504 472 673 548 iterandas
704 473 861 572 nuptias,
893 498 984 573 quae
1014 489 1237 573 praeterquam

67 578 75 593 ’
138 593 230 693 qnod
246 619 267 666 a
283 591 443 688 religione
463 589 684 675 damnantur,
706 605 785 661 sunt
800 588 876 662 lons
894 588 1045 687 plurium
1069 587 1240 673 malorum,

139 734 228 807 quae
251 706 433 803 coniuges,
454 704 624 790 sobolem,
653 705 832 804 ipsamque
857 704 1056 777 societatem
1082 703 1242 801 affligunt,

139 839 240 923 atque
264 820 497 922 pessumdant.

565 976 729 1035 &APUT
750 976 821 1033 Vl·

229 1146 270 1196 DE
291 1143 513 1196 nlssouurlohe
539 1144 726 1196 llh'llllllollll
746 1144 841 1209 lull,
863 1143 928 1195 NON
948 1142 1170 1197 CONSUssth.

171 1338 174 1345 ·
214 1291 336 1363 Notum
353 1306 405 1362 est
419 1288 577 1362 omnihus
596 1286 847 1362 matrimonium
860 1288 896 1362 in
910 1287 1120 1384 legitimum,
1138 1304 1246 1361 ratum.

141 1421 175 1478 et
198 1419 466 1479 consummatum
491 1402 678 1501 distingui;
707 1404 894 1502 legitimum
918 1428 980 1477 scu
997 1430 1121 1479 uerum
1146 1406 1251 1478 conin-

142 1519 235 1618 gium
252 1534 324 1606 est,
345 1517 436 1619 quod
453 1517 497 1591 ab
515 1517 711 1592 infidelibus
735 1519 780 1593 ad
807 1544 957 1591 normam
982 1517 1070 1616 legis
1096 1518 1251 1592 naturalis

141 1632 369 1720 contrahitur3
390 1648 499 1706 ratum
519 1630 604 1706 illud
622 1632 781 1734 estquod
806 1633 949 1707 initura
967 1631 1133 1707 fidelihus
1150 1659 1191 1708 ac
1205 1658 1252 1706 sa·

142 1762 350 1824 crementum
370 1747 534 1835 efficitur,
559 1773 600 1821 eo
622 1749 697 1848 ipso
716 1747 808 1846 quod
830 1760 1080 1822 sacramentum
1103 1746 1185 1821 fidei
1200 1773 1252 1820 seu

141 1861 349 1962 baptismum
373 1879 610 1962 susceperunt,
630 1888 700 1963 quo
718 1864 755 1936 fit
772 1879 810 1936 ut
829 1888 945 1937 eorum
970 1877 1169 1938 contractus
1189 1861 1253 1936 solo

143 2002 313 2052 consensa
337 1978 486 2076 legitime¹
510 1979 672 2079 praestito
690 1978 851 2054 evehatur
868 1978 912 2052 ad
929 1976 1136 2075 dignitatem
1152 2004 1253 2053 sacra·

144 2093 247 2165 menti
265 2110 386 2194 utpote
408 2095 542 2192 signum
563 2095 692 2192 gratiae
712 2096 894 2194 practioum
911 2109 947 2167 et
965 2093 1108 2180 efficax,
1129 2120 1253 2194 reprac-

144 2222 282 2281 sentans
307 2209 574 2284 coniunctionem
600 2209 726 2284 Christi
753 2235 830 2283 cum
855 2200 1018 2295 acclesia;
1047 2233 1254 2283 consumma·

146 2335 216 2394 tum
242 2347 321 2394 vcro
344 2321 470 2395 dicitur
498 2323 550 2397 rel
579 2350 646 2399 non
678 2318 978 2410 consummatum,
1012 2340 1116 2422 prout
1144 2322 1253 2423 copula

145 2435 369 2509 intercesserit
387 2437 473 2511 inter
490 2439 650 2535 coniuges
668 2438 721 2512 rel
740 2464 805 2513 non
826 2438 1068 2511 intercesserit.
1085 2435 1252 2512 Eiusmodi

145 2551 372 2625 distinctionis
394 2579 495 2652 saepe
521 2555 558 2626 fit
583 2555 707 2627 mentio
734 2557 768 2625 in
795 2555 868 2627 iure
891 2555 1078 2637 canonico,
1101 2573 1136 2628 et
1152 2552 1252 2649 magni

145 2683 198 2741 est
216 2667 373 2741 momenti
398 2668 432 2739 im
458 2670 656 2767 quaestione
681 2696 784 2768 quam
810 2670 989 2766 agitamus.

218 2782 359 2856 Ratione
383 2781 472 2853 enim
498 2781 597 2854 istius
629 2782 856 2855 distinctionis
880 2783 1076 2879 coniugium
1104 2785 1253 2858 maiorem

145 2897 198 2971 vel
229 2899 389 2970 minorem
420 2896 588 2970 firmitatis
614 2897 755 2995 gradum
782 2897 894 2970 habet.
911 2900 1011 2984 Sane,
1039 2915 1078 2971 ut
1104 2926 1169 2972 suo
1193 2898 1254 2970 loco

145 3012 376 3098 ostendimus,
410 3013 660 3085 matrimonium
695 3011 884 3086 infidelium
916 3014 1076 3111 quamvis
1110 3038 1254 3086 comsum-

147 3143 271 3198 matum
293 3124 492 3199 dissolubile
514 3142 586 3212 est,
612 3152 652 3199 ac
673 3125 815 3199 solvitur
833 3153 893 3226 per
914 3127 1173 3199 conversionem
1190 3152 1255 3198 con·

147 3239 235 3336 iugis
261 3241 303 3312 ad
329 3240 429 3314 lidem
456 3240 697 3327 christianam,
720 3258 878 3314 renuente
898 3240 1003 3312 altero
1026 3241 1176 3338 coniuge
1193 3241 1255 3313 sine

146 3354 347 3426 contumelia
372 3355 539 3429 Creatoris
574 3355 767 3428 cohabitare
793 3381 871 3428 oum
900 3370 995 3453 parte
1026 3380 1204 3429 conversa.
1222 3354 1256 3424 ht

147 3469 398 3541 matrimonium
425 3470 574 3542 fidelium
601 3486 869 3543 consummatum
891 3495 967 3542 esse
989 3495 1135 3566 prorsus
1156 3467 1256 3569 quoad

146 3582 317 3656 vinculum
354 3582 589 3656 indissolubile
621 3583 827 3681 exploratum
860 3599 940 3667 est,
977 3584 1255 3680 quemadmodum

147 3698 308 3772 hactenus
334 3699 433 3771 certis
459 3699 664 3795 argumentis
690 3699 913 3771 ostendimus.
940 3700 1009 3769 Nec
1036 3698 1185 3773 eeclesia
1209 3714 1258 3770 aut

148 3840 230 3889 rom.
243 3815 390 3914 pontifex
404 3829 514 3912 potest
531 3812 714 3912 aliquando
732 3830 1000 3887 consummatum
1019 3813 1176 3887 fidelium
1194 3840 1258 3887 oon

148 3930 287 4004 nubium
313 3930 497 4004 dissolvere
522 3929 591 4002 ullo
617 3931 652 4002 in
677 3956 759 4003 casu
787 3932 851 4025 (1).
880 3930 970 4001 lnter
1000 3928 1089 4002 haec
1120 3930 1258 4002 medium

220 4147 255 4208 (t)
271 4148 346 4196 Prnut
362 4146 473 4195 nonnulli
490 4158 616 4210 perperam
633 4146 801 4194 autumarunt.
816 4144 853 4193 ct.
864 4143 895 4192 de
911 4144 958 4192 hnc
975 4155 1074 4205 argum
1085 4144 1176 4195 Gihert
1187 4143 1212 4193 in
1224 4154 1259 4203 op.

152 4224 285 4275 Trodttr'on
306 4239 340 4275 ou
360 4226 467 4276 htslolre
483 4225 515 4274 de
531 4224 628 4287 t‘eollre
649 4236 697 4273 sur
714 4223 739 4273 le
754 4226 899 4273 torrentem
923 4223 961 4273 du
982 4226 1125 4287 Μαι-ωσι,
1146 4229 1206 4277 tom.
1222 4223 1259 4271 ln.

149 4318 202 4367 aas·
216 4309 259 4356 ²44
271 4319 341 4369 seuu-
