2796 5064
257 405 331 456 cna.
347 403 382 455 n.
399 403 439 454 rr
460 401 632 454 roarosurr
650 400 978 454 successorium.
1125 386 1169 452 99

68 541 125 597 mm
151 523 261 596 luisse
284 523 320 595 iu
337 521 459 596 eodem
485 536 574 594 tomo
601 520 764 620 synodico
791 547 850 593 eos
876 523 933 621 qui
960 544 1027 594 nou
1059 547 1173 597 exces-

64 639 182 712 sissent
205 636 505 737 quadragesimum
527 635 648 708 aetatis
674 661 821 740 annum,
847 635 875 708 si
902 652 978 735 post
1003 638 1172 711 secundas

62 753 193 851 nuptias
210 751 337 826 liberos
365 775 431 822 non
458 748 669 834 habuissent,
691 774 793 847 posse
819 750 951 823 tertium
978 751 1174 826 contrahere

60 866 252 964 coniugium
266 880 303 940 ut
315 864 458 939 defectui
476 863 682 964 posteritatis
702 855 897 964 supplerent
914 896 921 951 ;
945 867 992 939 ita
1010 883 1121 941 tamen
1138 862 1175 943 ut'

57 981 288 1081 quinquennio
311 980 558 1054 subiicerentur
582 979 805 1078 poenitentiae
827 995 859 1054 et
879 981 1010 1081 absque
1030 1008 1176 1057 commu·

59 1095 156 1171 aione
175 1109 422 1196 permanerent.
445 1097 587 1192 Insuper
606 1094 758 1167 eamdem
778 1095 911 1168 veniam
937 1095 1049 1169 datam
1068 1098 1175 1172 luisse

59 1211 154 1284 tertio
171 1208 319 1284 iterandi
340 1211 474 1308 nuptias
496 1210 560 1296 iis,
582 1210 641 1308 qui
661 1207 755 1304 vidui
773 1209 961 1284 extitissent
980 1207 1034 1282 an.
1056 1214 1174 1287 aetatis

59 1325 232 1421 trigesimo
257 1323 302 1398 ob
325 1325 445 1398 aetatis
475 1323 724 1408 infirmitatem,
759 1323 891 1396 etiamsi
917 1323 1039 1398 liberos
1064 1353 1176 1402 susce·

59 1440 214 1538 pissent;
246 1439 367 1538 privati
393 1454 504 1513 tamen
530 1452 643 1511 essent
667 1436 888 1537 quadriennio
913 1440 1172 1529 communione,
1213 1435 1216 1476 l

22 1633 28 1647 ,
58 1580 120 1655 quo
137 1570 292 1654 tempore
312 1553 446 1654 elapso,
476 1554 519 1627 ad
536 1575 611 1626 eam
629 1552 893 1626 admittebantur
917 1553 1037 1626 saltem
1064 1570 1114 1629 ter
1139 1556 1174 1628 in

59 1694 168 1743 anno:
199 1668 379 1744 balsamon
402 1667 624 1740 nihilominus
650 1666 745 1741 addit
771 1683 896 1739 wmum
914 1667 1050 1740 unionis
1072 1668 1174 1743 veluti

59 1782 162 1881 legem
180 1782 315 1858 ciuilem
328 1782 482 1856 habitum
499 1782 625 1868 luisse,
646 1798 679 1854 et
696 1780 873 1855 ecclesiam
887 1808 997 1880 usque
1015 1782 1057 1856 ad
1076 1809 1173 1857 suam

59 1914 199 1973 reatem
218 1899 336 1972 tertias
353 1897 490 1996 nuptias
513 1924 580 1971 uon
598 1898 795 1995 permisisse
812 1900 901 1991 (81).
923 1898 1041 1971 Postea
1063 1914 1174 1973 tamen

59 2012 122 2087 dia
145 2012 357 2086 consuetudo
379 2012 415 2084 in
440 2011 583 2085 ecclesia
608 2036 728 2108 graeca
755 2008 891 2083 inolevit
912 2012 1001 2105 (82).

124 2127 248 2226 ltaque
271 2151 313 2198 ex
336 2124 393 2198 his
411 2125 588 2199 manifeste
610 2123 778 2222 colligitur
796 2149 861 2196 non
885 2123 927 2195 ad
949 2122 1089 2222 dogma,
1114 2128 1175 2201 sed

58 2241 94 2313 ad
120 2239 341 2340 disciplinam
367 2239 534 2339 pertinere
558 2265 709 2313 severam
727 2235 940 2337 polygamiae
960 2240 1174 2316 successivae
1243 2245 1246 2248 ’

58 2354 333 2456 prohihitionem,
351 2380 444 2457 quae
465 2356 499 2428 in
522 2353 665 2429 ecclesia
686 2379 807 2452 graeca
826 2368 859 2425 et
876 2353 1028 2427 orientali
1046 2357 1172 2454 viguit,

57 2487 85 2545 at
100 2470 235 2560 adbuc,
256 2470 376 2546 saltam
392 2497 432 2545 ex
455 2485 549 2570 parte
564 2471 677 2568 viget,
702 2471 739 2541 in
760 2492 829 2568 qua
846 2465 938 2542 velut
956 2471 1173 2569 impedimen·
1280 2492 1282 2497 ’

58 2602 123 2659 tum
147 2585 314 2661 dirimens
339 2587 375 2659 in
396 2586 594 2683 tetragamia
614 2612 653 2659 ac
679 2584 872 2685 polygamia
895 2587 1075 2685 generatim
1097 2614 1174 2664 con·

57 2703 209 2776 stitutum
233 2701 317 2788 luit,
345 2716 447 2802 atqua
474 2700 518 2774 ab
543 2700 798 2775 immemorabili
814 2720 985 2777 servatum
1006 2705 1096 2798 (8³).

81 2879 86 2890 .
125 2818 342 2919 Quapropter
364 2833 404 2891 ut
428 2842 532 2916 supra
557 2817 740 2914 generatim
762 2818 947 2906 innuimus,
968 2818 1099 2917 antiqui
1120 2817 1173 2895 ,illi

57 2950 168 3030 patres
195 2957 339 3033 quorum
360 2930 551 3007 testimonia
574 2931 816 3031 descripsimus
843 2932 1059 3006 cohaerenter
1075 2931 1119 3006 ad
1137 2933 1175 3004 il·

125 3156 181 3219 (ai)
196 3154 260 3206 mic.
272 3155 311 3207 ct.
324 3155 398 3206 etiam
411 3156 493 3206 Phoiii
513 3157 689 3207 Noswconon.
703 3156 751 3206 Tit.
766 3157 834 3207 xlii.
849 3157 876 3207 tn
889 3156 1016 3209 uiolato.
1038 3159 1105 3207 iuris
1125 3170 1167 3208 cc·

56 3239 141 3287 aas&
157 3237 256 3286 setena
270 3235 352 3286 sosoi
368 3235 446 3295 euru.
466 3242 534 3287 rear.
549 3238 620 3286 som.
635 3237 666 3285 11.
680 3249 736 3300 pag.
752 3242 820 3287 roso.
1153 3228 1157 3236 '
1210 3232 1212 3244 '

129 3314 183 3378 (8²)
198 3315 237 3366 (il.
255 3313 364 3367 Reuaud.
377 3314 425 3366 loc.
440 3316 482 3366 cit.
494 3329 549 3380 pag.
562 3320 617 3367 407.
629 3315 661 3365 ci.
675 3316 748 3366 etiarn
764 3315 896 3367 Arcadium
914 3330 955 3380 op.
968 3317 1021 3379 cit,
1032 3330 1055 3367 c.
1068 3323 1107 3368 25.
1127 3317 1170 3367 ubi

57 3394 134 3446 iatius
153 3407 220 3458 qnae
240 3393 368 3445 wnmon
378 3394 457 3446 obiter
467 3408 497 3445 ac
509 3395 613 3447 strictim
627 3396 716 3459 refert,
727 3397 836 3458 enarrat,
847 3396 1002 3460 oshndiiqoe
1018 3398 1102 3461 postea
1117 3397 1169 3447 lici·

53 3477 84 3526 ias
101 3476 145 3526 rei
165 3474 234 3538 apud
243 3487 343 3540 gnerus
358 3477 383 3526 et
396 3476 526 3527 orientales
548 3476 654 3540 reliquos
664 3476 749 3526 tertias
767 3477 866 3539 nuptias
885 3477 997 3527 evasisse.
1016 3479 1069 3528 Non
1085 3480 1167 3528 umen

55 3556 111 3607 nihi
129 3555 217 3606 omnia
236 3555 389 3620 probantur,
410 3568 474 3620 quaa
492 3556 557 3607 idem
578 3557 664 3606 auctus
683 3556 735 3606 illie
755 3556 836 3607 habet.

128 3635 182 3699 (aa)
199 3635 238 3686 ct.
259 3635 395 3687 muudium
406 3637 424 3687 Ι.
443 3649 466 3685 c.
477 3649 532 3700 pag.
546 3642 601 3688 sio.
614 3636 663 3686 col.
678 3644 699 3686 ι.
712 3635 755 3704 uhi
767 3635 869 3687 scribit:
881 3655 893 3680 ιι
904 3639 1103 3689 cumeonorstco
1114 3640 1173 3689 turs

54 3718 156 3776 querna
175 3714 277 3779 nuptiae
295 3714 361 3779 apud
381 3728 480 3780 moetos
500 3717 600 3766 omnino
621 3715 732 3766 sublatae
756 3717 814 3766 sint.
827 3736 838 3757 s
864 3718 955 3766 Verum
972 3717 1003 3767 de
1022 3717 1060 3767 bis
1080 3718 1174 3781 quartis

54 3795 145 3858 ruptim
164 3795 276 3858 apposite
296 3796 413 3845 nonnulla
434 3795 552 3847 addemus
571 3797 645 3860 paulo
666 3799 740 3860 post,
761 3796 794 3846 ob
813 3797 898 3859 gravis
918 3798 996 3860 iurgia
1014 3800 1112 3862 propter
1132 3811 1175 3849 ees

54 3874 166 3924 exenta
182 3872 213 3923 ld
231 3873 312 3936 ipsum
330 3873 425 3924 censuit
441 3875 474 3924 ci.
493 3875 561 3925 card.
585 3875 681 3937 Maius,
705 3875 749 3938 qui
769 3876 795 3924 in
806 3874 882 3938 praef.
895 3874 927 3924 sd
938 3875 987 3927 voi.
999 3878 1030 3927 x.
1042 3877 1173 3941 spicilepti

54 3954 175 4013 Remeat,
189 3965 246 4016 pag.
259 3954 324 4004 XVI.
336 3953 438 4004 scribit:
461 3974 474 3998 α
485 3954 558 4014 Quod
576 3953 681 4019 denique
698 3955 799 4018 quartas
817 3955 917 4018 nuptias
938 3956 1052 4008 Nicotaus
1066 3959 1173 4020 (cogno-
1241 3974 1243 3979 ⁴

54 4035 132 4085 aaa
146 4035 275 4098 Hysttcrts
289 4035 429 4099 patriarcha
443 4035 739 4100 cumtantinopoliianus)
759 4029 879 4100 πορνείαν
890 4036 1111 4098 semicottortem,
1132 4035 1172 4086 vel
1194 4024 1196 4030 ’

56 4112 266 4177 namquiddam,
285 4113 360 4166 auda
372 4127 429 4165 cum
439 4115 527 4179 priscis
537 4115 633 4179 aliquot
641 4115 763 4180 appellare
779 4128 833 4179 pag.
850 4122 903 4170 aas.
917 4114 942 4165 id
958 4127 1008 4165 non
1021 4113 1170 4165 aliterintd·

56 4189 113 4257 baa,
136 4205 213 4257 qoam
225 4192 259 4244 ds
273 4192 472 4260 impedimento,
488 4195 518 4245 ut
527 4194 611 4258 aiunt,
629 4194 780 4256 didascale,
797 4194 868 4259 quod
881 4195 1041 4246 auctoritate
1054 4191 1172 4243 escleta·

59 4272 117 4322 stira
124 4275 325 4338 neuportum,
337 4273 427 4326 auitos
435 4286 526 4340 scopas
536 4274 623 4327 reddit
635 4277 742 4341 cupitus
750 4274 881 4340 quamtis
898 4276 981 4335 tenen
991 4272 1096 4336 ideoque
1108 4272 1171 4336 ipse

62 4362 108 4404 mm
120 4344 342 4418 marcenias
356 4353 411 4406 laba
427 4367 476 4407 non
491 4353 583 4408 aaut.
595 4374 608 4401 s
723 4355 729 4366 ’

1050 4429 1072 4476 ᾖ
1152 4408 1154 4416 .
