2796 5064
228 351 298 424 tot
371 371 434 423 nm.
455 371 504 424 nr.
525 371 613 424 sacr.
634 371 944 425 aeramentum.
967 371 1065 424 uara.
1081 370 1212 424 mater.

226 491 329 568 bens:
354 491 467 566 «Ante
483 489 652 566 carnalem
665 489 822 591 copulam
841 515 909 566 non
927 505 980 566 est
995 490 1135 565 omnino
1148 490 1338 566 translatum

226 640 350 717 corpus
368 614 433 690 sub
450 630 615 716 potestnte
630 614 788 706 alterins,
808 613 869 690 sed
888 613 955 689 sub
971 614 1185 704 conditione,
1211 616 1279 691 nisi
1297 616 1342 689 in

226 745 318 806 terea
345 729 431 805 alter
454 729 635 829 coniugum
659 729 703 806 ed
729 729 858 829 frugem
883 728 1034 805 melioris
1061 730 1154 805 ritee
1183 730 1341 806 convolet.

226 844 292 920 Sed
310 870 371 946 per
385 845 553 920 carnalem
566 844 722 946 copulam
739 845 926 946 completur
941 845 1031 920 dicte
1048 844 1248 935 translatio,
1269 846 1343 946 quie

227 975 308 1034 tune
333 960 436 1034 intret
459 978 600 1062 uterque
624 962 659 1035 in
682 960 889 1063 corporalem
912 961 1168 1062 possessionem
1195 961 1265 1035 sibi
1285 977 1345 1036 tre·

226 1074 316 1150 ditae
337 1076 511 1177 possetis
531 1078 658 1174 (36).»

311 1190 421 1268 liuius
447 1192 634 1268 sententiae
662 1192 796 1294 patroni
819 1217 896 1267 cum
922 1218 964 1267 ex
989 1192 1066 1291 ipse
1090 1191 1142 1266 rei
1172 1207 1346 1266 naturast

225 1332 267 1381 ex
292 1307 449 1408 analogia
473 1308 553 1382 fidei
573 1322 770 1407 argumenta
786 1306 956 1383 deducant
973 1306 1017 1382 ed
1038 1306 1266 1382 evincendam
1282 1307 1345 1381 dis-

226 1422 467 1499 solubilitetem
481 1424 629 1524 coniugii
644 1424 726 1514 reti,
743 1423 891 1499 inlerunt
906 1422 999 1498 hnud
1015 1448 1106 1524 opus
1122 1448 1206 1498 esse
1221 1423 1344 1498 adeius

225 1539 456 1639 probationem
482 1540 629 1640 prolerre
654 1539 846 1614 testimonia
866 1537 941 1613 eive
958 1537 1086 1612 biblica
1106 1537 1183 1612 sive
1204 1537 1345 1612 sedito

227 1653 330 1729 nalia.
361 1650 514 1730 Ecclesia
539 1655 668 1757 quippe
691 1653 741 1730 uti
767 1654 853 1730 iuris
876 1651 1043 1727 naturalis
1062 1652 1257 1753 interpres,
1275 1677 1345 1753 spe·

224 1784 314 1844 cteta
329 1770 508 1872 utriusque
519 1785 627 1846 status
639 1767 826 1867 coniugalis
838 1784 873 1844 et
881 1767 1032 1866 religiosi
1050 1767 1272 1866 perfectione,
1292 1766 1340 1840 io-

225 1883 351 1960 dicavit
372 1884 461 1960 hanc
477 1884 527 1959 illi
544 1910 623 1961 esse
642 1884 931 1986 anteponendam,
951 1899 1053 1984 atque
1068 1883 1114 1957 ad
1128 1908 1208 1959 eem
1226 1882 1345 1958 aditum

226 2014 342 2099 patere
367 2025 444 2075 cum
467 1999 617 2075 nondum
639 1999 890 2075 matrimonium
909 2023 1007 2074 suam
1025 1997 1189 2099 adeptum
1206 2013 1264 2074 eet
1276 2022 1346 2098 per·

225 2113 403 2190 sectionem
429 2142 490 2218 per
514 2141 655 2190 sexuum
680 2115 964 2190 commixtionem.
1003 2194 1006 2199 ,

298 2229 360 2304 llst
380 2256 447 2304 non
465 2231 667 2330 spernendis
684 2229 769 2306 haec
782 2230 947 2332 premitur
957 2228 1073 2331 opinio
1090 2227 1346 2304 difficultatibus

225 2342 290 2419 sub
302 2359 447 2444 utroque
465 2361 606 2445 aspectu
622 2372 690 2446 qno
706 2362 760 2421 est
776 2345 961 2447 proposita.
976 2344 1154 2446 Siquidem
1170 2345 1241 2420 nisi
1258 2345 1346 2447 prius

224 2458 449 2533 constituetur
465 2487 504 2533 ex
522 2459 640 2535 divina
658 2460 856 2549 traditione,
872 2459 1077 2535 matrimonii
1090 2458 1271 2534 vinculum
1284 2484 1344 2533 non

222 2599 299 2647 esse
324 2601 463 2673 prorsus
491 2574 728 2650 indissolubile
756 2575 831 2648 iure
855 2575 974 2649 divino
1007 2573 1182 2674 positivo,
1213 2602 1254 2649 ex
1279 2572 1346 2648 sola

223 2690 351 2763 ratione
377 2689 460 2761 nihil
487 2691 663 2764 evincitur.
689 2693 772 2764 Nem
796 2692 826 2764 si
851 2690 942 2764 Deus
960 2690 1136 2764 constituit
1152 2691 1345 2790 coniugium

224 2803 260 2877 in
273 2829 394 2902 genere
407 2804 494 2878 inter
510 2805 714 2879 christianos
733 2830 872 2905 prorsus
894 2803 1154 2893 indissolubile,
1182 2802 1344 2907 quidquid

223 2944 265 2993 ex
290 2918 429 2993 rationis
454 2946 545 3019 penu
570 2921 755 3007 statuetur,
785 2935 877 3019 patet
900 2918 1027 2993 nullius
1053 2919 1190 2994 roboris
1217 2945 1305 2995 esse.

295 3035 363 3108 Nec
389 3035 473 3108 setis
491 3051 542 3108 est
560 3035 803 3134 professionem
822 3033 1014 3131 religiosam
1031 3059 1110 3108 esse
1128 3049 1258 3108 statum
1276 3059 1344 3134 per·

223 3149 412 3238 lectiorem,
441 3151 484 3223 de
509 3177 576 3251 quo
602 3149 694 3223 nulla
719 3167 770 3224 est
794 3150 969 3250 quaestio,
1004 3149 1065 3224 sed
1095 3150 1341 3225 ostendendum

223 3281 394 3365 praeterea
418 3283 529 3355 esset,
553 3284 627 3367 poet
652 3267 820 3340 sancitum
839 3266 987 3341 solemne
1005 3265 1125 3340 foedus
1143 3264 1339 3364 coniugale,

223 3406 290 3480 quo
311 3379 394 3454 alter
411 3382 506 3454 elteri
525 3383 578 3455 ins
595 3382 672 3456 lecit
692 3383 728 3455 in
748 3408 872 3483 eorpus
885 3409 1007 3470 suum,
1031 3382 1183 3458 insesso
1202 3380 1344 3483 profiteri

222 3512 346 3572 statum
373 3497 566 3595 religiosum
594 3500 668 3573 sine
688 3499 828 3573 alterius
847 3499 953 3574 libero
972 3525 1156 3573 consensu.
1188 3499 1343 3600 Alioquin

223 3630 340 3715 posset
363 3613 485 3687 coniux
508 3630 621 3688 votum
643 3616 742 3689 etiem
767 3615 919 3689 emittere
949 3614 1205 3703 continentiae,
1235 3640 1343 3690 sacros

222 3730 358 3804 ordines
385 3731 578 3829 suscipere,
596 3730 731 3831 aliaque
748 3731 916 3805 eiusmodi
936 3746 1108 3830 praestare
1131 3757 1225 3831 quee
1242 3729 1343 3831 perle-

221 3845 325 3918 ctiora
350 3861 428 3918 sunt
446 3861 535 3918 statu
554 3847 740 3945 coniugali;
770 3863 916 3920 attamen
937 3870 1034 3919 nemo
1047 3845 1294 3921 catholicorum
1311 3841 1341 3914 id

222 3987 381 4060 umquam
407 3961 599 4035 affirmavit.

294 4078 360 4150 Nec
378 4076 473 4151 obest
490 4079 597 4152 solum
617 4093 740 4152 statum
758 4079 954 4176 religiosum
973 4093 1114 4151 mortem
1134 4077 1339 4177 spiritualem

221 4214 260 4261 ac
284 4188 414 4264 civilem
440 4192 588 4279 ellicere,
610 4218 697 4291 quae
715 4211 927 4292 comparatur
948 4193 1044 4268 morti
1065 4193 1240 4285 naturali,
1260 4213 1338 4294 quoe

296 4341 345 4403 tto)
360 4341 452 4407 suppl.
466 4344 561 4405 quest.
576 4349 615 4394 ot.
630 4343 676 4393 ert.
691 4349 713 4393 2.
727 4342 757 4393 ad
774 4351 796 4395 2.
