2796 5064
254 388 326 443 ιιι.
341 390 378 443 ιι.
394 390 436 441 ιιι
456 388 568 449 mutos·
585 389 680 447 ιιιιιι.
698 388 731 440 ιιι
748 387 838 445 mus.
855 387 1103 452 renuntianti.
1159 367 1230 437 205

159 507 323 591 Christus
345 506 479 581 locutus
496 521 548 581 est
564 507 608 580 de
623 506 824 583 dimissione
848 505 962 580 uxoris
985 522 1122 606 propter
1138 505 1232 580 illius

121 622 340 708 udulterium;
362 636 478 696 essent
498 637 608 696 autom
633 620 719 694 lelsa
735 621 770 693 in
788 619 1057 695 aduersariorum
1074 621 1232 720 interpre

121 740 242 815 titione
267 738 312 812 de
335 737 543 825 concubina,
569 736 623 811 uel
647 737 690 810 de
714 737 859 811 loemine
884 764 924 811 ac
948 738 1019 811 viro
1045 738 1103 838 qui
1129 738 1233 819 lorni-

121 856 204 933 torio
221 855 386 929 viverent.
405 854 579 941 Quomodo
596 853 686 926 enim
705 870 819 953 posset
834 880 910 928 esse
928 853 1059 927 adulter
1071 854 1124 927 uel
1138 854 1235 927 adul-

121 986 208 1057 sm,
247 969 333 1069 qui,
364 967 479 1055 relicto
504 985 594 1041 statu
618 968 821 1055 fornicario,
856 967 1002 1065 legitime
1027 993 1103 1041 cum
1129 967 1233 1043 altero

121 1100 171 1161 tut
194 1110 276 1159 cum
301 1083 408 1157 altera
432 1082 736 1180 seconiungeret?

185 1199 359 1299 Equidem
386 1197 482 1271 haud.
501 1199 628 1296 ignoro¹
644 1198 746 1271 huius
771 1198 1051 1299 interpretationis
1076 1214 1233 1298 patronos

121 1315 348 1414 exceptionem
368 1313 467 1387 illam
491 1314 534 1386 ad
560 1315 704 1397 incisum
730 1314 829 1389 etiam
856 1341 1002 1413 sequens
1021 1315 1229 1414 protendere,

121 1457 151 1507 te
172 1432 223 1504 ita
242 1430 373 1504 Christi
397 1428 498 1503 verbe
523 1429 707 1529 exponerel
727 1430 875 1505 «Omnis
892 1434 949 1530 qui
969 1431 1135 1503 dimiserit
1152 1457 1235 1505 uxo-

121 1572 208 1634 rem,
228 1560 367 1644 eccepto
383 1546 609 1644 [emicationis
626 1571 744 1630 muso,
764 1544 817 1620 vel
835 1547 902 1617 nisi
918 1546 956 1617 oh
973 1544 1229 1644 fornicationem,

121 1678 146 1736 ιι
163 1661 273 1735 aliam
299 1659 451 1747 duxerit,
479 1660 674 1733 moechatur
690 1677 723 1733 et
740 1660 940 1734 adulterat.»
956 1660 1075 1734 Verum
1102 1678 1235 1759 praeter

121 1804 217 1879 quam
241 1776 334 1877 quod
356 1776 451 1849 aleae
475 1803 527 1849 res
555 1776 653 1876 plena
679 1793 731 1849 est
755 1803 829 1848 eam
855 1776 1040 1849 clausulam
1065 1776 1166 1848 etiam
1191 1776 1234 1848 ad

121 1892 303 1993 insequens
330 1892 474 1965 incisum
499 1892 640 1980 referre,
664 1917 768 1992 quum
787 1891 821 1962 id
840 1892 964 1964 iaciant
981 1891 1023 1964 ad
1042 1889 1144 1963 alium
1163 1917 1234 1964 seo

121 2034 195 2109 pum
213 2009 319 2082 etiam
341 2024 577 2108 protestantes,
594 2025 631 2081 ιιι
647 2007 803 2081 evincant
820 2007 948 2080 scilicet
966 2008 1001 2078 in
1019 2033 1122 2080 causa
1140 2005 1236 2079 adul-

121 2124 189 2199 terii
208 2123 313 2197 licere
331 2149 398 2198 non
416 2122 525 2213 solum
543 2122 703 2196 dimittere
719 2148 875 2210 uxorem,
892 2122 956 2204 ,sed
977 2122 1080 2195 oliam
1097 2123 1236 2221 insuper

121 2235 250 2321 doccrc;
276 2236 360 2324 hoo,
390 2236 551 2339 inquam,
577 2237 722 2324 omisso,
747 2236 775 2311 si
801 2238 885 2311 uere
904 2254 995 2343 esset
1018 2235 1077 2308 illa
1101 2237 1236 2335 exposi-

121 2352 180 2442 tio,
211 2352 306 2425 hunc
334 2350 510 2424 funderent
541 2377 677 2425 sensum
704 2350 830 2425 Christi
854 2350 972 2425 elfato:
999 2350 1151 2425 «Omnis
1175 2352 1234 2451 qui

121 2466 285 2541 dimiserit
309 2492 445 2539 uxorem
472 2490 588 2553 suam,
609 2473 747 2565 excepto
768 2492 869 2553 casu,
890 2466 981 2566 quod
1006 2493 1046 2539 ea
1073 2493 1140 2539 non
1157 2493 1235 2540 vere

121 2608 200 2657 uxor
226 2583 293 2667 sit,
322 2581 382 2655 sed
416 2595 545 2654 tantum
581 2580 758 2654 fornicaria
783 2609 845 2655 seu
868 2608 960 2654 mera
991 2582 1177 2656 concubina
1204 2599 1237 2655 et

121 2698 246 2799 pellex,
263 2696 316 2770 uel
335 2711 467 2796 praeter
485 2713 609 2771 statum
627 2696 868 2772 concubinatus
881 2715 914 2771 et
926 2697 1124 2771 fornicariae
1142 2698 1236 2770 unio·

122 2813 192 2900 nis,
225 2812 421 2885 moechatur
445 2828 479 2884 et
503 2810 703 2884 adulterat.»
728 2811 770 2884 Αι
793 2812 870 2911 quis
901 2838 966 2884 non
992 2811 1084 2883 videt
1109 2810 1237 2883 uiolen-

121 2942 211 3016 tem,
240 2927 310 3001 imo
333 2942 367 2999 et
389 2925 572 3000 absurdam
596 2925 797 2999 sententiam
813 2952 854 2999 ex
872 2926 937 3021 hnc
954 2925 1154 3025 hypothesi,
1175 2951 1236 2999 seu

121 3043 327 3144 expositione
352 3041 537 3139 exurgere?
555 3042 588 3113 Si
607 3059 659 3115 est
675 3068 761 3114 ocor
780 3061 814 3114 ιι
836 3042 973 3142 quidem
998 3068 1076 3126 suo,
1099 3057 1237 3116 nonest

121 3158 319 3245 moulins·
334 3157 364 3232 si
383 3174 435 3232 est
456 3159 742 3245 montionem
764 3173 816 3231 est
837 3184 934 3231 onor.
951 3157 1106 3232 Christus
1125 3173 1237 3231 autem

121 3272 271 3377 loquitur
295 3272 338 3347 de
359 3298 478 3361 uxore,
500 3289 535 3346 et
558 3273 601 3346 do
627 3272 700 3347 viro
726 3273 784 3372 qui
809 3273 946 3347 dimittit
969 3300 1105 3346 onorem
1119 3300 1232 3359 soom,

121 3416 185 3466 non
211 3404 325 3463 autem
350 3390 561 3461 concubinam
592 3414 706 3477 mom,
735 3405 793 3462 ιιιι
820 3390 972 3488 pellicem
1001 3415 1119 3475 soom,
1148 3415 1238 3490 quae

121 3506 197 3581 telis
226 3531 306 3579 esse
335 3504 472 3605 nequit,
500 3505 567 3578 nisi
592 3521 670 3578 ante
695 3504 815 3579 initum
844 3507 1063 3603 coniugium,
1092 3522 1151 3580 aut
1176 3533 1237 3606 per

121 3638 260 3697 nortem
286 3620 424 3694 alterius
440 3620 627 3709 solutum,
655 3620 807 3720 alioquin
831 3622 861 3694 si
888 3622 923 3693 in
946 3649 1026 3696 vero
1050 3623 1237 3721 coniugio,

121 3753 177 3812 ιιιι
199 3762 280 3810 oum
305 3736 482 3834 coniugato
505 3735 735 3835 delinqueret,
762 3737 852 3811 cs'set
876 3737 1044 3824 adultero,
1070 3739 1162 3839 quod
1180 3739 1237 3811 ad-

121 3851 261 3927 versarii
288 3851 393 3925 nostri
419 3850 625 3924 inficientur.
704 3854 708 3861 '
751 3853 755 3860 ’

128 3961 133 3971 '
191 3969 313 4066 ltaque
342 3993 481 4067 quaqua
498 3993 626 4042 uersus
658 3984 825 4068 spectetur
853 3971 1039 4045 novissima
1071 3972 1237 4070 expositio

121 4080 239 4156 horum
259 4096 408 4155 textum
424 4083 707 4180 evangelicorum,
729 4085 801 4158 sive
818 4112 937 4186 nempe
955 4103 1144 4186 spectemus
1161 4112 1234 4159 ora·

121 4198 224 4298 tionis
248 4199 392 4286 seriem,
421 4199 493 4274 sive
518 4225 658 4299 scopum
682 4200 828 4290 Christi,
857 4203 929 4278 sive
953 4203 1126 4277 versiones
1152 4201 1237 4273 anti-

122 4336 225 4412 quas,
251 4312 329 4389 'sire
358 4316 550 4390 unanimem
586 4332 777 4392 sanctorum
809 4318 956 4393 veterum
992 4317 1239 4418 interpretatio·
