2796 5064
141 354 210 425 aut
286 375 348 443 ιιι.
369 375 416 427 ιιι.
438 374 525 426 sucu.
545 374 677 427 urm.
691 375 734 427 ιι
751 375 864 427 murae.
880 376 977 427 utra.
994 375 1125 429 enarer.

139 494 417 569 vetranionis
434 492 525 565 homo
545 519 610 565 ooo
630 508 778 593 separet,
802 508 836 568 et
853 492 959 568 verba
978 492 1133 595 Apostoli
1150 494 1257 593 «Atq-

138 624 238 708 9otus
254 635 294 681 aa
315 608 416 681 osori
434 622 511 694 etc.,·
527 632 568 681 ac
585 606 732 682 illustrat
750 607 904 708 exemplo
924 634 1060 697 comm,
1080 608 1142 709 qui
1160 609 1258 683 variis

139 725 318 800 decausis
344 722 585 799 continentiam
605 723 748 824 professi
776 739 874 813 sunt,
903 740 940 799 ut
965 724 1030 799 hac
1056 725 1190 800 ratione
1214 725 1258 798 in-

141 839 253 912 sinuet
277 855 450 938 separatos
477 838 636 936 coniuges
664 838 755 912 haud
778 839 901 914 debere
921 857 1060 938 gravate
1081 841 1171 913 lerre
1187 865 1259 914 con-

140 955 302 1029 tinentiae
323 955 513 1029 institutum
529 981 571 1028 ac
592 955 844 1042 necessitatem,
861 956 1000 1055 quando
1013 954 1134 1030 totalii
1154 955 1257 1055 ipsum

140 1087 300 1158 servant,
329 1097 396 1145 non
425 1071 563 1172 quidem
590 1098 630 1144 ex
655 1071 716 1145 Dei
742 1070 944 1159 dilectione,
972 1072 1034 1146 sed
1059 1099 1103 1145 ex
1128 1072 1257 1146 motivis

139 1186 312 1263 humanis.

214 1301 325 1390 Quum
338 1327 419 1376 vero
430 1303 490 1402 qui
504 1301 570 1376 sibi
585 1302 760 1377 vindicant
776 1302 979 1377 Clementem
997 1301 1087 1376 alex.
1104 1302 1154 1374 nil
1173 1300 1255 1375 aliud

139 1417 339 1493 efferantes
358 1444 399 1492 eo
424 1418 490 1492 nisi
517 1433 655 1506 textum,
681 1417 715 1491 in
736 1444 803 1518 quo
824 1417 980 1492 Matthaei
1002 1416 1163 1492 clausula
1188 1443 1254 1492 cou-

140 1535 284 1623 tinetur,
309 1560 371 1609 nec
390 1533 456 1608 nisi
479 1533 595 1608 timide
614 1549 896 1635 cunctanterque,
918 1550 1119 1632 argumento
1133 1549 1186 1609 est
1199 1557 1251 1606 non

139 1650 245 1725 dubio
269 1665 439 1725 auctorem
463 1649 555 1724 hunc
579 1650 666 1723 inter
690 1648 934 1749 praeclariores
954 1647 1133 1724 doctrinae
1154 1648 1251 1724 catho

140 1767 226 1842 licae
251 1782 354 1843 testes
379 1784 413 1841 et
437 1782 621 1842 assertores
642 1792 721 1841 esse
743 1765 999 1842 recensendum.
1019 1765 1112 1862 (lo).

643 1990 681 2089 p.
709 1990 763 2063 ιι.

613 2180 650 2229 De
665 2178 777 2242 Origene.

214 2354 375 2429 Eamdem
402 2381 504 2456 quam
522 2355 680 2430 Clemens
702 2355 852 2430 eiusdem
878 2353 1072 2455 discipulus
1098 2354 1247 2454 Origenes

141 2487 354 2545 consectatus
378 2489 432 2545 est
456 2471 642 2546 doctrinam
669 2472 758 2547 circa
787 2471 975 2547 absolutam
1000 2473 1152 2570 coniugii
1176 2471 1249 2547 chri

141 2586 243 2660 atiani
270 2585 623 2675 indissolubilitatem,
643 2587 744 2661 etiam
769 2587 1011 2662 interveniente
1031 2586 1191 2662 adulterii
1205 2587 1249 2659 lla-

141 2703 237 2801 gitio.
268 2704 351 2776 Nom
379 2704 472 2802 prius
498 2703 574 2803 ipse
595 2703 778 2803 dispescit,
802 2730 890 2804 quae
909 2720 1065 2803 spectant
1086 2705 1131 2778 ad
1150 2702 1250 2778 dimie

140 2821 271 2895 sionem
290 2820 405 2894 uxoris
428 2847 643 2921 quacumque
663 2849 703 2895 ex
725 2847 849 2908 causa,
873 2821 996 2896 deinde
1014 2821 1155 2922 exponit
1179 2843 1250 2922 quae

140 2934 308 3032 attingunt
333 2934 485 3008 libellum
511 2935 657 3035 repudii.
681 2936 730 3008 De
756 2935 867 3035 prima
892 2936 1095 3037 quaestione
1118 2937 1250 3010 affirmat

142 3077 209 3124 non
232 3050 334 3125 licere
354 3051 421 3127 nisi
443 3079 606 3126 excausa
625 3052 855 3126 fornicationis
876 3079 1014 3126 uxorem
1034 3051 1205 3127 dimittere
1216 3047 1250 3124 ad

141 3184 287 3242 mentem
308 3168 513 3257 Salvatoris,
541 3169 584 3241 de
608 3168 732 3255 altera,
758 3196 845 3269 quae
867 3168 1007 3270 propius
1032 3170 1172 3268 attingit
1193 3192 1247 3241 ren

141 3300 289 3356 nostram
310 3285 356 3356 ita
378 3285 535 3373 disserit,
554 3301 592 3359 ut
610 3286 695 3357 nihil
719 3286 903 3361 desiderari
926 3286 1018 3360 sinat
1038 3286 1133 3361 circa
1149 3286 1249 3362 setho

140 3397 242 3472 licam
268 3399 455 3473 doctrinam

213 3514 269 3588 Sic
294 3516 385 3589 enim
406 3516 524 3590 scribit
541 3532 621 3591 tom.
633 3518 717 3590 Xlll.
736 3519 769 3590 in
792 3517 908 3591 Matth.
925 3519 1098 3617 «Propter
1115 3518 1248 3616 Scriptu-

141 3655 198 3703 rae
216 3630 337 3717 verba,
358 3630 442 3704 haec
461 3660 596 3733 quoque
614 3633 753 3731 insuper
769 3633 913 3707 dicenda
931 3648 1028 3720 sunt,
1051 3632 1140 3707 latas
1158 3632 1248 3706 tuisse

140 3745 308 3844 quasdam
334 3746 444 3844 leges,
474 3774 542 3819 non
569 3748 667 3847 quasi
695 3748 902 3846 praestantia
921 3748 1038 3849 aliqua
1050 3764 1086 3820 et
1098 3747 1247 3822 excellcu

141 3860 188 3934 tiu
211 3862 403 3960 praeditas,
429 3863 490 3937 sed
516 3863 615 3962 quasi
638 3863 681 3936 ed
706 3890 842 3951 eorum,
868 3863 927 3963 qui
953 3863 1083 3937 subditi
1102 3880 1194 3950 sunt,
1212 3862 1247 3933 ir

141 3978 330 4052 firmitatem
350 3979 617 4053 accommodatae
639 3994 671 4052 et
692 3981 916 4080 compositas;
933 4007 1011 4053 narn
1029 3980 1163 4081 aliquid
1176 3980 1246 4054 ciue

141 4091 231 4166 modi
260 4092 315 4166 his
339 4092 453 4167 verbis
479 4093 713 4191 significatur:
741 4095 871 4194 Moyses
896 4095 941 4168 ud
965 4095 1126 4169 duritiam
1154 4090 1244 4168 cordt't

213 4263 263 4324 (to)
279 4265 342 4313 sene
353 4275 400 4312 nec
410 4262 493 4312 sixtus
503 4262 625 4326 senensis,
634 4263 844 4326 uecMoahenrius,
853 4277 899 4314 nec
910 4265 980 4315 calvi
991 4264 1121 4330 quidpiam
1131 4256 1241 4317 nnattrrt

141 4342 207 4392 circu
222 4342 371 4396 Clrrneulerrr
386 4343 450 4395 alex.
459 4342 530 4394 cuius
541 4344 711 4395 auctoritatem
721 4345 926 4409 praetermittunt.
