2796 5064
258 373 553 429 clausurarum
567 375 734 428 umnam.
749 374 861 427 morsa.
875 374 970 425 ιιιιιι.
985 374 1054 424 aar.
1068 374 1099 424 ι.
1169 350 1240 421 269

123 498 290 595 patravit,
318 496 507 583 dimittere,
539 512 650 569 utrum
679 494 927 568 excusationem
954 493 1077 567 habeat
1109 519 1239 580 necne,

123 612 194 712 ipse
214 610 412 711 disquiras:
434 637 513 684 nam
531 624 663 710 praeter
679 609 855 709 repudium
881 609 966 682 alias
991 609 1093 682 etiam
1119 607 1244 682 multas

123 725 340 800 adulterandi
369 751 491 798 causas
526 725 621 799 uxori
646 724 699 797 vir
723 741 832 822 potest
863 723 1047 823 praebere,
1083 724 1243 797 maiorem

124 857 205 940 puta
233 867 338 940 quam
364 866 426 940 par
452 841 516 927 sit,
546 840 577 913 ei
603 838 771 913 licentiam
796 840 984 913 concedens
1010 865 1245 938 quaecumque

124 955 355 1052 vultagendi,
375 973 500 1029 etcum
519 954 644 1055 quibus
670 954 801 1026 libitum
829 954 929 1027 luerit
952 956 1033 1027 viris
1060 955 1245 1028 amicitiam

124 1070 369 1156 contrabendi;
401 1096 480 1142 nam
505 1069 652 1143 virorum
681 1067 881 1168 simplicitas
906 1095 1027 1141 uxores
1054 1094 1157 1167 saepe
1182 1095 1245 1140 nu-

124 1212 215 1259 mero
243 1185 278 1257 iu
305 1183 539 1259 huiuscemodi
568 1199 707 1282 peccata
736 1184 886 1256 inducit:
915 1201 950 1256 at
974 1199 1086 1256 utrum
1120 1183 1244 1256 talibus

124 1301 204 1373 viris
233 1299 270 1371 in
297 1298 465 1372 eiusmodi
489 1298 627 1372 casibus
653 1299 697 1371 sit
722 1324 828 1371 necue
852 1298 905 1372 sui
928 1298 1111 1371 excusandi
1130 1297 1242 1382 locus,

125 1413 157 1487 id
174 1440 285 1513 super
300 1413 559 1513 quaestionibus.
583 1413 648 1487 boc
673 1413 746 1487 loco
772 1412 954 1512 propositis
981 1412 1159 1509 diligenter
1176 1438 1196 1484 a
1214 1428 1246 1485 te

126 1530 366 1628 investigatum
392 1528 597 1603 declarabis.¹
619 1531 651 1602 ls
674 1556 827 1628 quoque,
857 1531 915 1628 qui
945 1556 1048 1601 uxore
1075 1528 1242 1612 abstinet,

125 1646 227 1720 elficit
247 1671 350 1746 saepe
373 1662 413 1719 ut
436 1645 637 1720 adulterium
661 1646 862 1732 committat,
883 1672 958 1719 cum
977 1645 1050 1718 eius
1070 1645 1246 1719 libidinem

127 1787 192 1835 nou
222 1761 357 1859 explet,
385 1759 518 1834 etiamsi
544 1760 682 1834 maioris
708 1760 974 1846 sanctimoniae,
1001 1759 1053 1833 vel
1081 1759 1246 1832 castitatis

127 1876 241 1977 specie
274 1876 398 1950 ductus
424 1875 460 1948 id
486 1876 604 1948 iaciat:
634 1891 668 1948 et
692 1875 722 1949 is
748 1874 891 1948 sortasse
917 1874 1036 1947 maiori
1067 1873 1247 1972 reprehen-

126 1993 221 2067 sione
247 1993 373 2089 dignns
394 2009 467 2079 est,
491 1992 571 2092 qui,
598 2009 759 2092 quantum
786 2019 890 2092 penes
918 2018 956 2064 se
979 2006 1051 2077 est,
1081 1991 1185 2064 elficit
1210 2007 1248 2064 ut

127 2109 323 2184 moechetur
339 2108 515 2182 libidinem
529 2108 603 2182 eius
616 2135 683 2180 non
697 2109 853 2208 explens,
870 2134 970 2207 quam
984 2107 1043 2206 qui
1057 2106 1132 2179 siue
1144 2132 1249 2180 eausa

128 2224 252 2323 stupri,
271 2223 332 2296 sed
346 2241 481 2324 propter
496 2223 709 2310 veneficium,
729 2221 782 2296 vel
801 2224 950 2308 caedem,
966 2239 1025 2296 aut
1041 2223 1178 2320 gravius
1191 2222 1250 2296 ali·

126 2338 220 2439 quod
245 2338 378 2412 lacinus
401 2363 475 2411 eam
495 2338 696 2438 repudiavit.
715 2337 1006 2424 Quemadmodum
1025 2355 1137 2412 autem
1152 2336 1249 2411 adul-

128 2469 199 2527 tera
225 2469 280 2526 est
303 2479 404 2540 uxor,
432 2453 566 2526 etiamsi
592 2454 665 2526 viro
690 2453 785 2526 alteri
811 2471 916 2553 nupta
940 2454 1114 2542 videatur,
1139 2453 1249 2553 priore

127 2568 314 2641 etiamnum
332 2567 428 2654 rivo;
453 2569 499 2640 ita
524 2583 558 2641 et
580 2567 689 2640 virum
716 2568 925 2668 repudiatam
951 2569 1092 2641 duxisse
1115 2568 1246 2655 visum,

127 2706 194 2757 uon
214 2698 283 2756 tam
303 2683 413 2781 ipsius
430 2683 607 2770 maritum,
627 2709 730 2782 quam
747 2683 934 2756 adulterum
954 2710 1030 2757 esse
1047 2683 1246 2769 dicendum,

129 2800 352 2872 aServatore
376 2814 492 2872 nostro
517 2798 782 2872 demonstratum
808 2816 860 2872 est
881 2802 997 2896 (blla

199 2915 299 2988 Nune
315 2941 395 2988 vero
413 2916 578 3012 integrum
597 2915 687 2988 hunc
705 2931 845 2988 tractum
864 2915 1033 3014 analytice
1058 2914 1251 3014 expenden-

128 3047 198 3115 tes,
228 3056 270 3102 ex
295 3055 335 3103 eo
360 3029 665 3128 deprehendimus,
695 3030 785 3131 quod
811 3030 975 3129 Origenes
997 3034 1032 3102 1.
1048 3057 1088 3104 ex
1107 3030 1250 3127 praesti·

127 3160 197 3217 tuta
214 3144 319 3243 paulo
342 3161 419 3218 ante
444 3162 605 3245 perpetua
629 3146 777 3244 coniugii
804 3145 981 3219 christiani
1005 3143 1252 3238 indissolubili·

128 3276 194 3334 tate
226 3259 411 3334 Salvatoris
439 3259 573 3334 verbis:
600 3260 695 3347 Quod
720 3263 807 3334 Deus
841 3265 1032 3347 coniunxit,
1068 3263 1158 3333 bomo
1189 3287 1253 3333 non

127 3390 275 3475 saporat,
306 3391 423 3475 pergat
449 3402 624 3451 occurrere
648 3376 697 3448 illi
724 3378 932 3477 exceptioni,
958 3404 1047 3477 quae
1070 3378 1196 3477 petitur
1212 3404 1252 3449 ex

129 3491 260 3591 lloysis
280 3492 519 3565 constitutione
537 3492 580 3564 de
597 3491 710 3566 libello
731 3493 880 3592 repudii,
902 3520 1003 3592 quam
1024 3492 1252 3592 imperfectam

127 3632 204 3681 esse
232 3605 404 3693 decernit,
434 3633 544 3707 neque
567 3608 678 3681 datam
705 3608 771 3682 nisi
795 3609 839 3681 ob
861 3609 1020 3682 duritiam
1040 3608 1170 3696 cordis,
1192 3635 1253 3682 seu

128 3721 380 3809 infirmitatem,
404 3739 504 3822 prout
523 3739 557 3796 et
578 3723 612 3795 in
632 3750 719 3797 novo
737 3725 950 3797 Testamento
977 3723 1139 3797 nonnulla
1162 3723 1254 3822 pari·

127 3852 176 3912 ter
199 3836 246 3910 ob
271 3836 361 3909 idem
393 3837 555 3910 motivum
583 3836 714 3911 indulta
740 3855 840 3926 sunt,
868 3865 1025 3939 quaeque
1052 3852 1250 3925 enumerat,

127 3952 162 4025 ἱ.
179 3951 247 4025 boc
267 3967 395 4025 semoto
421 3951 617 4038 obstaculo,
643 3953 720 4026 illos
748 3951 964 4052 reprehendit
984 3954 1160 4051 arguitque
1182 3952 1254 4050 epi-

124 4093 270 4168 scopos,
290 4066 350 4166 qui
369 4081 481 4140 contra
498 4069 688 4166 Scripturoc
710 4070 830 4166 legem,
852 4068 985 4141 mulieri
995 4124 1003 4153 ,
1023 4071 1150 4141 vivente
1167 4069 1250 4152 viro,

122 4183 246 4255 nubere
260 4182 488 4279 permiserint,
518 4181 675 4255 adductis
700 4181 744 4255 ad
770 4182 804 4254 id
833 4181 927 4255 Pauli
957 4183 1155 4256 sententiis:
1182 4182 1255 4254 dlu-

197 4319 250 4380 (⁴7)
265 4318 329 4379 opp.
340 4316 380 4365 ed.
395 4318 430 4364 De
440 4316 525 4366 lallue
538 4319 598 4366 tom.
611 4317 655 4365 ΙΙΙ.
669 4330 723 4382 pag.
736 4321 847 4370 emata.
863 4330 887 4366 n.
901 4325 939 4368 ιι.
954 4320 979 4367 et
994 4323 1032 4366 tt.
