2796 5064
235 370 305 444 stt
386 389 446 438 nm.
465 389 512 438 m.
534 388 620 440 sacr.
637 388 768 438 arruns.
785 388 824 436 ns
842 386 955 436 rnorss.
973 386 1068 437 ntra.
1087 385 1215 436 canrsr.

238 534 277 578 ex
303 506 435 579 illarum
461 504 660 589 annalibus,
690 505 719 577 si
745 530 830 604 opus
856 504 958 587 soret,
987 502 1086 577 facile
1109 503 1278 603 prolerre,
1293 505 1340 578 sed

237 648 314 694 cum
340 621 425 693 alias
450 619 618 692 attulerim
636 635 695 691 aut
712 619 950 703 indicaverim,
972 616 1048 691 heic
1066 617 1247 704 abstineo,
1270 646 1344 720 prae

238 736 353 809 sertim
377 761 454 807 cum
479 734 521 807 de
547 761 582 806 re·
607 749 725 830 agatur
749 732 907 806 omnibus
933 747 1022 805 nota.
1044 732 1137 804 Illud
1164 734 1281 832 potius
1298 735 1346 805 mi·

238 851 304 923 rari
330 849 447 924 subest
471 875 618 948 quanam
644 849 773 922 ratione
794 850 954 922 Erasmus
979 861 1093 946 utpote
1111 847 1169 920 vir
1186 848 1344 934 eruditus,

238 982 271 1039 et
295 966 350 1038 cui
376 965 460 1038 baec
484 981 578 1038 erant
603 963 885 1063 compertissima,
915 963 1059 1062 potuerit
1075 963 1123 1035 ad
1142 963 1347 1043 ,ethnicorum

238 1080 425 1180 exemplum
451 1102 657 1180 provocare:
692 1106 760 1179 quo
790 1078 919 1152 scilicet
947 1079 1167 1175 cognoscitur
1192 1077 1245 1150 nil
1268 1078 1346 1151 aliud

239 1197 306 1268 nisi
325 1197 489 1296 impotens
503 1196 710 1269 desiderium
723 1220 862 1294 scopum
874 1193 1051 1268 obtinendi
1065 1218 1172 1291 quem
1186 1193 1259 1267 sihi
1271 1219 1347 1293 prae

239 1311 354 1383 linerat
369 1310 548 1384 vellicandi
567 1309 657 1410 quod
676 1326 789 1384 sancte
807 1310 842 1380 in
860 1308 1001 1382 ecclesia
1019 1307 1144 1407 quovis
1158 1308 1277 1382 seculo
1291 1335 1348 1382 ser-

236 1442 349 1500 ratum
375 1442 448 1512 est,
468 1425 511 1498 ab
529 1453 637 1526 eaque
655 1426 753 1500 toties
771 1424 991 1498 constitutum
1009 1422 1104 1497 iuxta
1127 1423 1346 1520 evangelicam

237 1557 270 1614 et
294 1541 514 1641 apostolicam
538 1541 739 1615 doctrinam.
823 1614 825 1619 .

309 1655 445 1729 Falsum
470 1671 641 1755 praeterea
666 1655 699 1726 id
718 1657 829 1755 ipsum
848 1654 969 1752 agendi
987 1653 1090 1738 ratio,
1114 1679 1210 1754 quae
1233 1655 1348 1753 passim

236 1771 326 1866 viget
342 1769 433 1869 apud
451 1786 690 1869 protestantes,
712 1769 897 1841 luculenter
911 1766 1071 1842 ostendit.
1089 1766 1179 1839 Cum
1197 1768 1348 1840 enimse

236 1882 301 1957 mel
327 1885 453 1957 ostium
476 1900 630 1983 apertum
655 1900 745 1957 esset
770 1883 924 1956 divortiis
942 1881 1116 1982 perpetuis
1135 1881 1182 1956 oh
1201 1880 1347 1955 adulterii

236 2000 379 2084 crimen,
403 1998 499 2072 illico
525 2000 560 2071 in
586 2025 746 2100 praeceps
771 2014 926 2083 ruerunt,
945 2022 1139 2096 causasque
1157 1997 1347 2097 multiplica·

237 2129 314 2187 runt
330 2113 432 2200 adso,
452 2130 491 2186 ut
506 2115 562 2185 vix
580 2115 671 2214 apud
690 2113 766 2187 illos
784 2113 1034 2187 matrimonium
1046 2112 1159 2185 ullum
1178 2112 1343 2187 subsistat.

236 2227 418 2326 Specimini
443 2230 512 2301 sint
536 2255 625 2329 quae
650 2229 788 2328 scripsit
811 2230 958 2303 bucerus
985 2226 1051 2302 sub
1070 2227 1159 2327 ipsis
1177 2227 1231 2302 ita
1252 2229 1346 2301 dictae

235 2343 483 2417 reformationis
501 2344 620 2418 initiis.
638 2345 721 2418 Cum
735 2345 823 2418 enim
842 2345 955 2443 plures
967 2362 1205 2418 enumerasset
1223 2343 1344 2418 diuortii

235 2482 357 2531 causas
382 2455 569 2530 concludit:
587 2458 704 2532 «llaec
729 2457 910 2531 adferenda
928 2458 984 2531 hio
1003 2458 1119 2556 putavi
1139 2458 1185 2531 ad
1204 2486 1279 2533 eam
1298 2484 1346 2530 er·

236 2573 703 2673 plicandamquaestionem,
734 2601 814 2646 num
840 2574 978 2646 concedi
997 2600 1018 2645 a
1039 2571 1246 2648 christianis
1269 2575 1346 2672 prin·

235 2690 369 2789 cipibus
395 2705 427 2761 et
453 2690 774 2788 rerumpublicarum
800 2688 1065 2764 moderatoribus
1092 2691 1223 2786 possit,
1248 2690 1346 2763 divor-

237 2807 318 2877 tium
346 2806 475 2890 lacere,
508 2821 541 2877 et
570 2805 612 2877 ad
643 2805 764 2877 alteras
795 2806 937 2877 transire
964 2804 1118 2903 nuptias,
1150 2805 1231 2879 aliis
1257 2831 1344 2905 quam

236 2920 464 2994 fornicationis
492 2936 524 2993 et
549 2921 656 3018 stupri
682 2920 723 2991 de
748 2921 872 2995 causis.
889 2921 939 2990 Ex
965 2917 1090 3017 quihus
1116 2920 1295 3003 omnihus,
1321 2919 1343 2990 si

234 3036 346 3106 omnia
372 3036 433 3107 rite
458 3053 490 3108 et
514 3035 676 3106 emocrbo
702 3036 765 3105 Dei
794 3035 1039 3133 panderentur,
1071 3033 1159 3106 satis
1192 3033 1342 3133 liquebit.

236 3149 418 3234 neminem,
449 3176 510 3222 nec
535 3149 642 3223 virum
669 3173 730 3221 nac
748 3148 938 3233 mulierem,
960 3147 1013 3220 cui
1033 3173 1121 3245 opus
1141 3148 1188 3220 sit
1206 3150 1250 3220 ad
1272 3149 1345 3220 bene

234 3277 394 3359 casteque
410 3263 589 3335 vivendum
607 3263 764 3358 coniuge,
786 3288 827 3334 ac
843 3262 984 3358 coniuge
1002 3259 1241 3347 cohabitante,
1257 3281 1345 3362 atque

235 3376 380 3470 coniugii
400 3377 512 3450 cilicia
530 3378 721 3450 neccssaria
738 3377 896 3461 iaciente,
919 3376 1088 3475 prohiberi
1112 3375 1257 3462 debere,
1273 3377 1345 3476 quin

234 3490 286 3562 vir
311 3490 409 3564 talem
435 3507 576 3588 quaerat
600 3518 735 3564 uxorem
760 3509 793 3564 ct
819 3491 956 3575 haheat,
985 3506 1018 3562 et
1044 3489 1169 3563 mulier
1185 3492 1288 3565 talem
1307 3490 1346 3560 vi·

235 3633 308 3678 rum
322 3665 329 3690 ,
344 3631 347 3636 ’
360 3607 388 3678 si
415 3607 662 3706 deprehensum
689 3624 721 3680 et
746 3609 889 3681 evictum
908 3608 953 3680 sit
970 3609 1058 3700 (sic),
1079 3605 1133 3678 vel
1152 3608 1283 3690 virum,
1301 3607 1345 3678 cui

234 3726 291 3823 pia
317 3725 437 3797 mulier
462 3741 567 3822 nupta
594 3725 672 3809 luit,
701 3724 752 3797 vel
772 3725 961 3810 mulierem,
985 3749 1087 3823 quam
1105 3724 1161 3797 vir
1179 3726 1259 3825 pius
1276 3747 1346 3797 uto

234 3931 343 3981 ethnicas
363 3930 474 3978 nationes
491 3943 575 3980 omncs
592 3930 690 3993 scripsit
706 3932 743 3982 rol
761 3931 812 3993 ipse
828 3932 868 3979 lo:
885 3929 1026 3979 Gerlrardus
1041 3943 1083 3992 op.
1100 3930 1146 3979 cit.
1167 3933 1226 3980 loc.
1246 3928 1345 3988 theoloc.

233 4011 290 4058 Lcc.
301 4011 386 4059 xle.
400 4015 490 4073 rapx.
503 4011 562 4059 sect.
575 4012 618 4060 ΙΙΙ.
629 4013 674 4059 art.
683 4018 706 4060 2.
715 4010 805 4060 merob.
818 4016 842 4059 2.
851 4009 875 4073 §.
888 4013 942 4059 597.
955 4011 979 4058 et
992 4015 1044 4059 598.
1056 4007 1099 4057 ubl
1110 4008 1184 4071 plura
1199 4011 1346 4072 antiquorum

237 4091 389 4151 reperiuntur
399 4091 445 4139 hac
455 4091 486 4140 do
500 4104 524 4139 re
536 4091 688 4151 testimonia,
702 4103 731 4139 or
744 4090 835 4152 ortibus
851 4091 904 4138 luce
918 4088 1053 4138 meridiana
1071 4087 1167 4138 clarius
1182 4093 1253 4152 patet
1266 4101 1312 4152 quo
1321 4099 1346 4135 et

234 4169 354 4218 eiusmodi
369 4171 484 4221 facilitate
499 4173 643 4234 peruentum
660 4170 740 4219 luerit.
752 4172 818 4220 llaec
833 4169 972 4219 testimonia
992 4168 1135 4218 exhiberem
1152 4170 1201 4219 uisi
1221 4171 1300 4221 ment
1312 4178 1346 4214 no

233 4248 335 4299 tissima.
346 4252 376 4298 st
391 4253 472 4300 tamm
485 4255 598 4300 Erasmus
615 4264 690 4300 aursus
707 4252 743 4299 ist
758 4251 969 4300 scriberenPenes
979 4261 1112 4312 quossuus
1126 4250 1260 4301 constabit
1274 4247 1346 4298 nutri·

235 4329 318 4377 monio
336 4329 432 4379 honos!
448 4351 458 4371 ιι
