2796 5064
233 240 302 313 tto
354 261 416 313 an.
438 259 486 312 nr.
506 256 594 312 sacr.
615 255 747 308 irruas.
766 254 808 315 na
824 254 937 308 11111111.
957 254 1056 309 uara.
1072 254 1199 310 11111111.

305 383 422 481 ltaque
454 403 531 454 cum
563 379 689 478 sactum
710 390 806 449 extra
836 398 970 450 omnem
995 373 1224 450 dubitationis
1247 375 1347 451 aleam

230 497 447 574 constitutum
474 495 539 583 sit,
563 492 663 567 lacile
687 491 744 565 his
768 490 935 589 theologis
959 506 1013 565 ast
1039 491 1223 566 transitum
1249 492 1349 568 lacera

229 615 274 688 ad
291 617 364 697 ius,
386 638 453 686 noa
471 609 581 686 solum
599 609 643 683 ob
660 607 744 682 illud
770 605 926 707 generale
950 607 1182 706 principium,
1203 609 1295 709 quod
1309 609 1348 684 ad

231 728 340 801 instar
352 725 529 800 axiomatis
544 740 711 825 receptum
725 738 789 798 est:
805 725 876 796 «De
887 722 1060 823 pontificis
1072 739 1257 822 potestate,
1268 742 1350 824 post·

230 868 333 943 quam
359 840 590 941 dispensavit,
620 838 795 925 dubitare,
824 839 932 912 instar
956 836 1128 936 sacrilegii
1164 855 1230 912 est.
1256 839 1348 913 Esset

229 957 319 1031 enim
345 955 480 1030 Christo
504 956 603 1056 quasi
627 954 849 1055 exprobrare,
868 953 960 1054 quod
984 980 1052 1026 non
1078 954 1169 1028 satis
1194 952 1346 1028 ecclesiae

231 1096 314 1145 suae
335 1072 540 1172 providisset
554 1074 694 1167 (lldlpr
709 1096 825 1145 verum
848 1069 948 1142 etiam
965 1067 1010 1143 ob
1027 1083 1249 1168 argumsnm
1265 1096 1345 1170 quae

231 1186 320 1261 hanc
345 1187 459 1263 inesse
482 1187 633 1287 pontifici
661 1202 860 1286 potestatem
886 1184 1041 1259 suadent.

301 1303 350 1379 llc
375 1305 522 1404 primum
539 1320 592 1377 est
608 1310 841 1400 argumentum
865 1301 1070 1401 negativum.
1086 1300 1191 1388 Quod
1210 1329 1279 1378 non
1294 1302 1348 1376 ad·
1370 1375 1373 1379 .

228 1435 383 1492 versatur
406 1419 598 1519 Scripturas
614 1445 654 1492 ac
672 1418 865 1506 traditioni,
886 1417 1046 1517 qnodque
1063 1417 1158 1491 cedit
1173 1418 1212 1490 in
1229 1417 1346 1492 bonum

228 1532 411 1623 ecclesiae,
431 1549 465 1607 et
482 1560 503 1607 a
521 1560 604 1608 rom.
621 1532 839 1634 pontificibus
861 1532 934 1607 lieri
956 1533 1157 1620 consuevit,
1178 1535 1216 1608 iu
1235 1534 1345 1609 horum

228 1663 391 1749 potestate
414 1649 632 1723 constitutum
657 1675 734 1723 esse
759 1647 963 1723 censendum
985 1662 1061 1736 est3
1085 1647 1169 1722 talis
1187 1675 1288 1750 porro
1301 1664 1346 1724 est

226 1761 436 1864 dispensatio
461 1763 665 1837 matrimonii
691 1763 767 1836 rati.

300 1877 389 1952 Sana
412 1878 504 1978 quod
535 1904 602 1954 non
632 1878 828 1954 adversetur
850 1878 1042 1978 Scripturas
1059 1877 1201 1953 exinde
1235 1895 1340 1982 putet,

227 1991 320 2093 quod
345 1992 425 2068 illae
449 2009 642 2068 constanter
674 1993 854 2095 loquantur
877 1994 921 2068 de
945 1993 1164 2070 matrimonio
1194 2021 1344 2071 cousum-

227 2123 338 2197 mato,
358 2124 459 2208 prout
479 2108 571 2182 illius
595 2110 733 2184 oracula
750 2111 815 2185 hac
832 2111 876 2184 de
892 2137 928 2184 re
944 2125 1118 2210 exponunt
1135 2111 1206 2211 ipsi
1225 2112 1342 2188 romani

227 2222 405 2322 pontifices
416 2226 504 2299 iuter
515 2252 601 2326 quos
615 2220 803 2303 Alexander
816 2230 874 2302 lll.
885 2230 920 2302 in
933 2254 1009 2329 cap.
1019 2228 1227 2330 Republica
1235 2235 1338 2329 (tlt).

228 2333 326 2424 Quod
343 2363 423 2413 vero
440 2366 507 2414 non
525 2343 721 2417 adversetur
736 2337 907 2419 traditioni
919 2371 961 2418 ax
973 2370 1015 2419 eo
1026 2345 1241 2434 ostenditur,
1261 2347 1341 2450 quod

227 2453 355 2526 nullum
382 2457 610 2531 testimonium
635 2487 676 2533 ex
701 2461 899 2561 antiquitate
920 2459 1059 2561 proferri
1086 2463 1202 2560 possit
1223 2491 1264 2538 ex
1284 2488 1342 2565 quo

226 2571 428 2644 contrarium
455 2591 603 2662 constet,
624 2594 739 2649 contra
755 2603 834 2651 vero
853 2576 1041 2649 invenimus
1069 2578 1272 2677 pontifices,
1290 2581 1342 2681 qui

225 2684 305 2759 data
328 2688 504 2762 occasione
529 2691 769 2789 dispensarunt
791 2693 951 2767 solvendo
967 2694 1165 2791 coniugium
1184 2697 1255 2770 iam
1272 2724 1342 2772 con·

226 2814 368 2874 tractum
394 2819 429 2877 at
453 2805 602 2879 nondum
628 2825 908 2882 consummatum.

297 2916 488 2991 Secundum
514 2937 747 3018 argumentum
765 2939 818 2996 est
834 2924 1026 3023 positivum.
1047 2922 1212 3000 Christus
1229 2927 1342 3002 consti·

226 3043 322 3103 tuens
349 3034 481 3107 Petrum
508 3037 543 3107 in
568 3037 710 3110 ecelesia
741 3065 803 3111 sua
834 3041 1028 3137 primatem,
1057 3067 1233 3144 suumque
1258 3045 1341 3117 vica·

225 3144 328 3231 rium,
358 3174 503 3250 eumque
528 3152 586 3225 illa
611 3154 785 3252 potestatis
811 3155 1021 3253 plenitudine
1046 3158 1244 3255 praeditum
1271 3185 1339 3232 csse

112 3344 115 3352 ⁴
224 3256 345 3346 voluit,
366 3287 434 3360 qua
451 3264 602 3338 eiusdem
629 3266 791 3342 ecclesiae
809 3295 848 3344 ac
866 3267 1015 3344 fidelium
1034 3272 1189 3346 omnium
1211 3274 1338 3349 utilitati

221 3399 261 3446 ac
286 3377 478 3450 necessitati
503 3382 678 3478 providero
705 3402 832 3483 posset.
863 3385 972 3471 Quum
998 3386 1138 3486 quidem
1168 3391 1338 3490 potestatis

295 3562 325 3609 ln
339 3574 414 3613 causa
428 3562 532 3614 lutrensi
553 3573 589 3616 to.
599 3571 699 3632 Augusti
716 3574 784 3620 1713.

296 3644 325 3690 tn
340 3655 414 3692 causa
430 3645 585 3707 neapolitana
604 3655 641 3698 28.
653 3650 731 3712 April.
747 3655 813 3702 1827.

296 3723 322 3770 ln
339 3736 413 3773 causa
428 3725 577 3787 gundeveus.
596 3732 630 3778 17.
644 3732 703 3780 Deo.
717 3736 784 3781 1845.

294 3803 321 3851 ln
336 3815 411 3853 musa
426 3804 559 3856 marineus.
573 3815 609 3856 tt.
620 3809 696 3872 April.
708 3814 776 3861 1848.

292 3881 321 3929 lu
336 3894 410 3931 causa
427 3883 546 3934 tiburtina
563 3893 600 3937 17.
613 3889 680 3951 Sept.
694 3896 761 3940 185³.

295 3961 320 4007 tn
337 3974 412 4011 rausa
427 3962 548 4015 cadicens.
562 3970 600 4016 14.
612 3969 664 4016 lan.
680 3973 747 4019 1857.

292 4039 320 4088 ln
336 4053 411 4091 causa
426 4045 547 4108 Neapolit.
562 4051 600 4096 27.
611 4049 682 4098 Mart.
699 4056 765 4100 1158.

291 4119 357 4181 (116)
374 4121 411 4171 lta
431 4125 555 4173 Veracrux
577 4126 602 4175 in
623 4126 734 4190 Speculo
748 4131 810 4193 part.
828 4132 858 4180 ll.
869 4131 917 4180 col.
931 4134 968 4180 77.

291 4199 312 4258 (t
322 4200 357 4257 17)
373 4201 421 4249 Tit.
438 4205 473 4250 Dc
484 4217 600 4255 convers.
617 4209 750 4269 conluunt.
761 4221 815 4271 cap.
828 4210 880 4258 vll.
