2796 5064
258 383 329 437 mr.
340 375 551 435 uncturae
562 378 853 435 transmitteres.
867 381 961 435 urm.
975 382 1094 436 mnu.
1173 361 1240 434 381

128 502 287 601 coningio
299 494 439 598 (ssipi)
451 494 522 575 Hoc
539 524 655 574 revera
671 500 889 574 constitutum
907 499 1014 574 fuisse
1030 525 1051 573 e
1067 499 1176 574 Leone
1187 500 1240 572 IV.

127 619 307 695 confirmat
330 608 555 716 Luitprantfus
580 615 616 686 in
640 614 714 689 eius
738 614 808 689 rita
833 640 867 688 n.
884 615 1026 687 xxxvl.
1047 617 1159 711 (280).

194 725 261 807 Ast
284 731 315 805 si
341 731 493 805 intimius
517 729 660 805 duarum
686 726 889 831 synodorum
923 728 1061 803 sensum
1092 756 1246 830 perscru-

125 864 246 932 temur,
264 844 395 919 nullum
407 832 602 918 alium'esse
614 842 926 941 deprehendemus,
945 844 1012 917 nisi
1027 845 1118 944 quod
1132 856 1243 933 nemo,

126 977 266 1063 excepta
279 986 384 1036 causa
396 956 640 1047 fornicationis,
652 960 761 1058 possit
773 985 910 1033 uxorem
928 986 1025 1033 suam
1038 960 1244 1059 relinquere;

126 1078 216 1178 quod
242 1078 274 1151 si
300 1076 435 1162 fecerit,
456 1091 490 1150 et
515 1076 589 1149 sine
614 1101 717 1148 causa
742 1074 970 1151 fornicationis
996 1075 1131 1150 uxorem
1149 1102 1248 1149 suam

127 1193 300 1294 quispiam
322 1190 512 1279 dimiserit,
537 1189 709 1289 aliamque
734 1190 875 1289 insuper
898 1189 1047 1278 duxerit,
1072 1193 1182 1290 priori
1203 1192 1249 1264 sit

126 1307 347 1383 restituendus
364 1309 524 1407 cooiupio.
545 1306 595 1380 Do
611 1302 694 1380 casu
711 1321 845 1395 autem,
866 1333 934 1406 quo
961 1305 1065 1381 causa
1090 1305 1247 1380 adulterii

128 1450 213 1499 uxor
246 1416 391 1498 dimissa
421 1421 544 1510 fuerit,
572 1420 636 1494 nil·
653 1416 856 1495 decernitur.
890 1422 925 1494 si
951 1420 1125 1523 quidpiam
1157 1421 1249 1495 enim

131 1541 253 1615 fuisset
278 1538 502 1641 dispositum,
522 1531 674 1637 exceptio
690 1537 921 1611 fornicationis
938 1538 1124 1626 effecisset,
1141 1552 1180 1610 ut
1196 1536 1249 1609 iu-

130 1653 269 1730 beretur
292 1653 432 1755 quidem
460 1644 611 1753 separari
632 1678 653 1726 a
674 1653 817 1751 coniuge
841 1653 990 1727 secunda
1005 1648 1017 1742 ,'
1044 1678 1111 1725 non
1135 1668 1248 1726 tamtm

133 1770 309 1845 iuberetur
333 1767 454 1843 sociari
476 1768 579 1869 priori
604 1761 777 1865 coningio,
804 1768 892 1842 sicut
917 1768 990 1858 ille,
1011 1768 1069 1868 qui
1089 1767 1163 1842 sine
1180 1767 1250 1842 fon-

131 1882 322 1959 nicationis
341 1874 451 1965 'causa
474 1880 578 1956 aliam
602 1875 699 1954 duxit
721 1884 834 1977 (281).
931 1879 936 1885 ’
1060 1880 1063 1885 ’

202 1989 289 2072 Com
313 1990 394 2070 sero
417 1994 461 2070 de
483 1989 638 2070 doctrina
661 2010 696 2068 et
720 1995 813 2095 praxi
839 1995 1000 2069 ecclesiae
1017 2020 1175 2071 romanae
1192 1995 1251 2070 hie

130 2112 362 2199 disseramus,
390 2110 512 2186 iurarit
541 2135 704 2210 responsa
728 2109 891 2210 Stephani
916 2111 959 2182 ll.
974 2108 1143 2198 referre,
1163 2109 1251 2212 'quae

131 2225 226 2300 haud
243 2225 363 2325 paucis
380 2223 438 2298 hio
454 2217 621 2298 discussis
639 2249 705 2298 non
723 2223 897 2298 minimam
921 2222 1030 2298 lucem
1056 2225 1247 2299 effundunt.

131 2341 196 2415 llic
215 2331 327 2438 'igitur
351 2338 519 2439 pontifex,
547 2331 610 2438 qui
631 2339 745 2412 floruit
769 2332 826 2412 un.
848 2341 932 2412 754.
954 2367 1030 2440 cap.
1048 2340 1092 2413 ll.
1109 2341 1247 2415 statuit:

134 2455 307 2555 «Siquis
332 2479 370 2528 se
393 2447 430 2526 in
455 2452 613 2550 coniugio
637 2452 860 2552 copulaverit,
890 2468 924 2527 ct
946 2455 1006 2527 uni
1032 2479 1148 2527 eorum
1171 2479 1253 2529 con-

132 2569 265 2670 tigerit,
290 2583 328 2642 ut
345 2563 496 2642 debiturn
522 2560 661 2642 reddere
687 2592 753 2642 non
774 2568 901 2667 possit,
922 2566 990 2643 non
1007 2567 1105 2642 liceat
1121 2594 1179 2642 eos
1197 2595 1252 2644 se·

132 2707 273 2784 parare:
302 2706 364 2757 nec
388 2708 451 2782 pro
474 2676 542 2756 alia
566 2680 781 2768 infirmitate,
810 2695 949 2780 excepto
966 2683 995 2754 si
1015 2680 1182 2755 daemonii
1204 2683 1253 2754 in-

133 2796 299 2884 firmitas,
325 2810 387 2871 ant
408 2795 522 2896 leprae
547 2793 680 2869 macula
704 2795 1128 2896 supervenerit-Ceterum
1152 2795 1183 2868 si
1208 2795 1252 2869 ah

133 2910 191 2986 his
215 2911 351 2986 duabus
375 2905 628 2985 infirmitatibus
646 2909 742 2983 liberi
762 2909 885 2984 fuerint
902 2909 1045 2984 invicem
1062 2910 1249 2997 coniuncti,

132 3052 227 3102 unus
250 3024 347 3100 alteri
373 3025 546 3100 seruitium
571 3023 764 3098 exhibeat.»

208 3140 345 3242 Capi.
370 3170 387 3212 u
403 3140 438 3213 Si
454 3138 539 3216 uxor
555 3164 577 3215 a
592 3140 667 3214 viro
684 3136 861 3238 repudiata
884 3139 1003 3228 fuerit,
1031 3155 1144 3213 utrum
1162 3139 1262 3214 liceat

133 3255 227 3344 tiro,
256 3254 315 3328 illa
337 3253 488 3343 urente,
503 3253 618 3329 -aliam
646 3253 787 3342 ducere,
815 3255 850 3326 in
883 3253 1026 3354 epistola
1050 3255 1164 3328 domni
1198 3254 1255 3326 ln-

135 3370 284 3445 nocentii
295 3396 405 3472 papae
417 3368 545 3443 directa
560 3369 604 3442 ad
618 3369 842 3468 Exsuperium
859 3368 1046 3443 tolosanum
1058 3369 1254 3470 episcopum

135 3486 337 3560 continetur.
356 3484 422 3573 Qui
441 3484 865 3584 interveniente'repudio,
894 3485 953 3558 alii
979 3512 1017 3558 se
1041 3486 1255 3561 matrimonio

136 3597 364 3698 copularunt,
393 3623 480 3700 quos
506 3599 709 3698 inutraque
734 3613 829 3697 parte
853 3598 1026 3673 adulteros
1049 3626 1125 3673 esse
1150 3600 1255 3673 mani-

137 3713 263 3788 festum
287 3729 364 3802 est;
396 3714 456 3815 qui
480 3739 560 3788 vero
582 3712 635 3786 vel
661 3740 764 3787 uxore
786 3712 938 3800 vivente,
965 3715 1121 3813 quamvis
1146 3714 1256 3787 disso-

137 3828 220 3904 ciati
244 3827 423 3903 videantur
445 3855 522 3904 esse
545 3856 566 3903 a
591 3828 766 3927 coningio,
790 3829 834 3902 ad
861 3828 962 3903 aliam
987 3828 1143 3929 copulam
1166 3827 1257 3903 festi-

213 3997 281 4061 (279)
297 4000 391 4049 Romae
412 4004 481 4050 teet.
610 4062 612 4067 Ι

212 4079 280 4142 (nec)
295 4077 440 4143 nnttpnner
455 4078 581 4129 ticinensis
596 4076 694 4128 diaconi
709 4075 872 4141 opmcutom
886 4075 919 4128 de
934 4078 997 4129 utto
1012 4087 1078 4126 rom.
1087 4073 1254 4139 poattficcm.

137 4157 281 4223 munnae
297 4164 365 4210 reor.
382 4170 441 4222 pag:
451 4164 504 4210 rra.
514 4157 556 4209 unt
566 4155 599 4208 to
611 4157 732 4221 atteram,
742 4158 772 4208 ut
784 4155 944 4220 unatim
955 4155 1027 4208 reret
1039 4154 1171 4207 demun.
1183 4151 1210 4205 st
1220 4154 1258 4205 tt·

137 4251 197 4290 man
206 4251 270 4303 opos
280 4236 347 4289 isud
361 4235 572 4302 vereLuitprandi
586 4235 636 4299 cst,
648 4232 725 4287 'ouius
739 4248 829 4288 nomen
845 4236 917 4299 gent.

208 4318 281 4381 (²81)
294 4317 333 4368 (if.
347 4317 433 4369 Amori
446 4329 489 4382 op.
498 4318 608 4380 eftpag.
620 4321 669 4367 88.-
