2796 5064
327 120 396 170 etr.
415 118 437 167 t.
453 118 493 167 nr
511 115 683 167 rouretum
700 113 906 165 sucurram.
922 114 992 164 mr.
1014 113 1057 163 u.
1192 93 1233 161 ot

202 237 297 310 Adeo
313 262 393 309 vero
404 235 447 309 ab
464 235 529 307 hac
545 233 736 334 polygamia
760 231 959 306 simultanea
976 231 1090 305 aliena
1105 252 1237 334 sempor

140 353 241 426 extitit
258 351 424 437 ecclesia,
445 366 482 422 ut
499 377 606 448 noque
623 348 770 446 legitima
791 347 946 421 hahuerit
961 346 1130 422 connubia
1148 346 1235 447 quae

139 484 209 565 post
234 467 379 564 primam
405 490 541 538 uxorem
566 463 807 537 celebraverint
827 461 992 536 infideles.
1009 461 1146 547 Quoties
1164 489 1240 561 pro-

139 581 212 653 inde
235 581 379 677 contigit
401 594 439 652 nt
462 578 586 678 uliquis
615 578 765 677 ipsorum
791 577 833 649 ad
859 576 1054 673 religionem
1088 576 1240 649 christia·

140 722 212 767 num
235 713 501 781 converteretur,
526 695 622 767 toties
643 693 771 789 exegit,
796 690 898 764 veluti
925 690 1148 764 conditionem
1167 691 1241 765 sine

138 839 199 910 qua
212 837 281 884 non
295 810 501 884 conferretur
511 809 541 881 ei
556 807 742 906 baptisma,
757 823 794 879 ut
806 806 899 905 prius
916 805 1117 880 valediceret
1132 807 1240 880 omni«

137 925 195 998 ltus
218 924 383 997 uxoribus
400 948 486 1022 quas
504 938 580 1021 post
597 921 739 1020 primam
756 921 923 994 duxisset.
948 921 1016 992 Cur
1032 921 1120 993 enim
1136 919 1241 994 vero?

138 1039 206 1112 llisi
232 1037 318 1137 quia
338 1035 481 1110 ecclesia
505 1060 688 1133 numquam
713 1050 750 1106 ut
776 1033 941 1130 legitimas
967 1060 1087 1107 uxores
1104 1060 1163 1107 eas
1181 1034 1242 1109 ha-

138 1153 188 1225 bet
200 1152 363 1224 mulieres
375 1176 463 1249 quae
476 1164 550 1248 post
562 1149 704 1248 primam
717 1148 896 1222 ducuntur.
913 1149 1043 1221 Etenim
1062 1149 1128 1247 ipsi
1141 1150 1241 1223 etiam

140 1267 291 1340 infideles
312 1266 385 1362 lego
402 1265 518 1339 divina
539 1279 690 1337 tenentur
714 1264 883 1363 adeoque,
911 1263 1079 1364 quidquid
1104 1276 1242 1338 censen·

137 1383 213 1454 dum
241 1382 288 1455 sit
312 1381 355 1453 de
380 1397 516 1453 naturae
540 1381 632 1476 lege,
661 1396 722 1453 aut
744 1379 787 1452 de
811 1380 884 1452 iure
908 1379 1023 1454 divino
1041 1396 1118 1453 ante
1134 1381 1243 1454 Evan-

138 1497 280 1593 gelium,
306 1521 382 1568 cum
404 1511 529 1568 certum
554 1495 599 1567 sit
623 1520 663 1567 ex
689 1495 762 1591 lege
786 1492 978 1590 evangelica
1003 1496 1139 1567 omnino
1164 1495 1241 1569 ubo

139 1610 251 1695 litam,
272 1634 315 1682 ac
331 1635 470 1708 prorsus
494 1608 697 1708 prohibitam
714 1608 821 1681 luisse
837 1607 1074 1706 polygamiam,
1093 1611 1239 1709 prolecto

140 1751 197 1797 nec
222 1723 291 1823 ipsi
319 1721 473 1795 infideles
498 1723 627 1822 absque
652 1721 784 1821 piaculo
802 1723 868 1794 iam
886 1740 1028 1821 possunt
1049 1723 1161 1822 plures
1184 1727 1242 1799 du·

140 1865 210 1912 cere
227 1864 362 1911 uxores.
380 1836 545 1923 Quocirca
566 1838 630 1910 etsi
650 1864 689 1910 ex
712 1837 899 1934 ignorantia
923 1837 988 1910 hac
1012 1838 1047 1909 in
1069 1856 1244 1914 consuctu-

139 1955 216 2026 dine
240 1952 473 2052 aliquomodo
494 1952 646 2026 excusari
672 1952 828 2050 possint,
856 1978 931 2025 cum
958 1954 1105 2027 nondum
1122 1956 1171 2028 eis
1191 1956 1243 2029 lex

140 2069 333 2167 evangelica
358 2067 567 2167 promulgata
590 2084 663 2154 est,
683 2083 887 2141 tamencum
914 2067 999 2167 ipsis
1024 2069 1243 2167 Evangelium

140 2202 188 2258 est
210 2198 446 2284 perspectum,
473 2208 513 2256 eo
537 2184 613 2281 ipso
637 2181 751 2281 plures
777 2209 896 2256 uxores
922 2183 1064 2257 retinere
1081 2189 1148 2258 non
1166 2213 1244 2287 pos·

142 2315 237 2385 sunt,
263 2299 415 2398 adeoque
434 2313 599 2395 coguntur
610 2323 668 2371 eas
686 2297 840 2371 deserere
858 2324 933 2370 oum
952 2298 1143 2395 religionem
1161 2302 1247 2373 chri·

142 2417 283 2488 stianam
310 2415 528 2513 profitentur,
555 2430 593 2486 ut
616 2414 741 2512 pluries
768 2413 970 2487 declaratum
992 2430 1043 2487 est
1060 2441 1080 2487 a
1099 2419 1245 2490 romanis

144 2528 358 2626 pontificibus
374 2531 487 2623 (tta).

212 2643 307 2716 Haeo
331 2658 441 2716 autem
468 2669 557 2742 quae
580 2644 726 2717 diximus
753 2644 932 2716 ostendunt
956 2642 1180 2743 polygamiam
1198 2646 1246 2719 si-

144 2758 344 2832 multaneam
369 2759 415 2830 ita
439 2759 574 2832 vetitam
591 2784 666 2831 esso
683 2774 719 2830 ut
739 2783 848 2856 neque
867 2756 980 2857 plures
1001 2757 1100 2829 simul
1126 2785 1246 2832 uxores

144 2871 257 2945 haberi
282 2872 436 2972 possint,
464 2898 574 2972 neque
597 2872 701 2944 altera
727 2871 804 2943 duci
825 2886 899 2971 post
916 2870 1092 2969 repudium
1110 2873 1181 2946 sive
1198 2874 1247 2946 al·

144 2988 245 3061 terius
270 2987 344 3060 sive
370 2986 515 3087 plurium
549 2987 689 3060 aliarum
719 3013 872 3060 uxorum.
901 2988 951 3059 De
981 2988 1088 3086 prima
1112 2990 1247 3089 polyga-

143 3103 229 3174 miae
250 3100 364 3200 specie
389 3101 443 3172 vix
468 3102 622 3199 quaestio
645 3126 721 3174 esse
745 3116 871 3199 potest,
891 3127 967 3173 cum
988 3126 1088 3174 casus
1111 3103 1174 3175 iste
1190 3105 1245 3176 vix

142 3215 322 3288 autnerix
335 3213 471 3313 quidem
492 3214 545 3288 vel
568 3216 653 3289 inter
675 3216 768 3314 ipsos
788 3231 1032 3314 protestantes,
1054 3217 1156 3291 multo
1168 3244 1246 3292 voro

143 3331 254 3402 minus
279 3330 367 3402 inter
391 3329 571 3403 catholicos
597 3331 706 3402 locum
737 3330 882 3415 habeat;
915 3348 968 3404 ast
993 3358 1058 3404 non
1088 3349 1140 3404 est
1163 3333 1246 3407 adeo

143 3444 291 3518 insoleus
314 3443 523 3544 polygamiae
548 3446 677 3545 species
697 3445 816 3534 altera,
839 3461 875 3518 ut
891 3445 933 3518 ab
955 3446 1050 3520 initio
1075 3447 1241 3537 diximus,

141 3560 223 3658 quin
246 3560 315 3632 imo
339 3561 467 3657 passim
489 3577 623 3659 recepta
638 3577 690 3634 est
706 3560 749 3633 ab
766 3559 835 3633 illis
852 3561 1010 3634 omnibus
1032 3587 1135 3661 penes
1160 3589 1246 3663 quos

140 3672 269 3746 obtinet
292 3673 345 3745 lex
364 3672 473 3747 civilis
489 3674 532 3746 de
548 3674 690 3748 divortio
708 3700 776 3773 qua
792 3674 890 3747 etiam
913 3674 1011 3748 datur
1032 3675 1171 3751 facultas
1193 3677 1242 3751 ol·

213 3931 280 3992 (155)
295 3930 372 3981 cuius
389 3933 424 3982 rei
435 3931 590 3995 insuperiori
606 3932 669 3983 libro
685 3933 755 3996 ptura
772 3947 832 3983 rom.
845 3933 985 3996 pontificum
1002 3948 1031 3984 ac
1047 3949 1109 3985 rom.
1122 3947 1246 3997 congrega·

139 4011 235 4060 meum
253 4008 352 4060 decreta
367 4009 488 4061 dedimus.
