2796 5064
177 117 303 170 cruri.
320 118 360 169 nr
373 118 450 170 mss.
462 119 557 171 narn.
569 120 656 184 narr,
673 119 737 172 nor
751 120 913 174 corson.
931 122 1004 173 aar.
1021 121 1058 174 n.
1115 98 1184 172 ltl

67 235 254 334 gelicorum
265 236 484 311 consiliorum
498 261 632 336 semper
648 238 683 311 in
699 238 844 313 ecclesia
859 239 987 338 viguit,
1003 265 1079 314 oum
1096 265 1191 313 num·

66 377 172 450 quam
189 351 357 426 defuerint
379 352 441 425 viri
468 352 576 426 sancti
603 353 660 451 qui
687 371 881 454 perpetuam
899 356 1128 441 servaverint,
1150 382 1190 429 ac

66 467 212 566 professi
239 467 309 541 siut
332 468 587 554 castimoniam,
609 468 666 566 qui
692 496 729 542 se
746 469 844 543 bonis
864 469 1067 559 abdiderint,
1089 486 1191 570 atque

67 580 135 652 sub
158 581 299 680 praelati
325 608 385 655 seu
412 582 615 681 superioris,
637 581 755 655 saltem
773 584 946 682 episcopi,
968 584 1191 685 dependentia

67 719 108 766 ao
125 708 212 767 nutu
238 695 343 768 vitam
370 695 536 769 duxerint.
566 696 609 767 Hi
632 697 815 796 portionem
843 697 982 770 electam
1009 700 1191 772 constitue-

67 823 148 880 runt
164 811 286 909 quavis
304 826 411 883 aetate
429 810 587 884 dominici
606 812 734 908 gregis,
756 812 855 884 etiam
875 812 1074 912 priusquam
1092 814 1191 887 insti-

65 938 142 995 tuta
160 924 348 997 monastica
365 941 473 998 ortum
492 926 527 995 in
545 925 687 999 eeclesia
705 925 877 998 haberent.
900 926 1056 1025 Plerique
1073 953 1190 1000 eorum

66 1063 215 1136 quorum
239 1038 392 1139 exempla
416 1039 589 1114 attulimus
610 1040 652 1113 ad
672 1040 763 1114 hunc
783 1065 923 1114 censum
941 1041 1126 1141 pertinent,
1150 1067 1191 1114 ac

65 1151 134 1224 tria
147 1154 312 1227 recensita
330 1154 472 1227 consilia
488 1154 681 1252 evangelica
700 1156 815 1228 sectati
834 1170 926 1229 sunt.
947 1155 1099 1229 Ecclesia
1116 1182 1190 1257 pro

67 1265 162 1339 bavit
174 1267 294 1342 horum
308 1270 515 1358 institutum,
541 1297 601 1343 seu
615 1269 747 1344 vivendi
763 1270 942 1358 rationem,
960 1287 1061 1370 atque
1074 1285 1191 1369 utpote

67 1381 159 1479 iugis
185 1407 225 1457 ac
247 1383 325 1457 riva
352 1385 516 1485 interpres
541 1385 721 1459 voluntatis
747 1385 890 1472 Christi,
918 1384 1102 1458 declararit
1130 1410 1189 1460 eos

65 1496 111 1568 ab
137 1497 213 1595 ipso
238 1497 372 1572 Christo
398 1516 514 1573 auctos
536 1525 614 1573 esse
638 1500 703 1573 hoe
724 1499 920 1598 privilegio,
940 1515 977 1572 ut
995 1500 1189 1596 ingratiam

69 1611 281 1710 perfectioris
304 1614 406 1689 huius
432 1630 557 1701 status,
580 1615 717 1714 siquod
744 1615 880 1688 inierint
902 1616 1094 1713 coniugium
1113 1630 1192 1689 ante

63 1728 142 1800 eius
172 1731 495 1804 consummationem
519 1731 778 1818 dissolveretur,
799 1756 839 1804 ac
862 1757 941 1832 pars
960 1731 1119 1805 derelicta
1145 1730 1190 1804 ad

65 1868 174 1916 noras
199 1843 388 1942 iungendas
416 1847 552 1944 nuptias
578 1845 683 1919 libera
708 1862 930 1944 permaneret.
1184 1935 1185 1938 Ἴ

141 1957 189 2031 Ne
205 1974 315 2033 autem
335 1960 461 2034 abusus
479 1962 681 2061 irreperent,
701 1960 845 2034 eeclesia
864 1960 1025 2059 temporis
1043 1959 1190 2035 decursu

64 2073 261 2157 constituit,
281 2089 318 2147 ut
340 2075 506 2173 quaedam
525 2077 720 2149 solemnitas
747 2076 810 2149 hoe
832 2077 921 2149 vitae
945 2100 1053 2172 genus
1078 2077 1191 2149 muni·

65 2203 130 2260 ret.
158 2186 320 2263 Consistit
344 2207 454 2264 autem
479 2192 646 2264 eiusmodi
666 2191 861 2264 solemnitas
880 2191 915 2262 in
932 2190 1066 2264 duobus
1084 2191 1191 2288 potis·

64 2301 173 2389 sime,
193 2318 263 2375 tum
289 2304 324 2374 in
345 2305 565 2402 perpetuitate
585 2305 772 2378 extrinseca
790 2330 830 2376 er
848 2319 944 2402 parte
961 2304 1186 2400 acceptantis,

63 2442 136 2516 qua
160 2416 293 2490 sublata
317 2435 369 2491 est
394 2418 536 2493 facultas
563 2418 711 2518 praelato
737 2416 877 2491 liberum
904 2415 1094 2489 dimittendi
1112 2442 1188 2490 eum

65 2532 128 2631 qui
152 2534 280 2606 voverit
307 2536 402 2628 (ot),
432 2549 464 2606 et
490 2534 524 2605 in
551 2535 829 2633 illegitimctiooe,
859 2558 948 2632 quae
973 2557 1014 2604 ex
1037 2530 1112 2628 lege
1135 2556 1190 2604 eo·

63 2646 258 2720 clesiastica
282 2649 425 2722 accessit
450 2649 571 2722 iisdem
596 2649 702 2734 votis,
724 2674 793 2748 qua
816 2646 969 2720 redditur
992 2670 1118 2719 vovens
1135 2645 1190 2716 in·

65 2760 193 2835 habilis
219 2779 252 2835 et
276 2762 320 2835 ad
346 2763 558 2837 matrimonia
578 2763 744 2850 ineunda,
772 2777 807 2835 et
832 2760 875 2834 ad
902 2787 1014 2834 rerum
1039 2758 1190 2833 dominia

64 2876 289 2975 acquirenda,
318 2892 377 2949 aut
401 2877 520 2951 saltem
543 2877 586 2949 ad
611 2876 805 2950 eorumdem
832 2873 975 2948 liberum
1000 2899 1101 2947 usum
1128 2871 1190 2947 lra-

63 2988 214 3062 bendum
230 2993 319 3085 (66).
341 2991 404 3063 His
417 2990 539 3063 deinde
553 3005 767 3064 accesserunt
780 2988 999 3062 formalitates
1012 2988 1186 3089 temporis,

64 3104 151 3193 loci,
181 3106 265 3178 ritus
286 3121 350 3178 etc.
380 3131 468 3205 quae
493 3106 585 3178 illam
603 3101 848 3178 solemnitatem
872 3105 1128 3190 comitarentur,
1152 3118 1191 3176 ut

64 3219 154 3294 actio
171 3234 240 3293 tota
265 3220 408 3293 iuridiee
435 3220 583 3316 legitima
607 3245 647 3292 ac
672 3218 785 3293 valida
810 3235 1015 3294 censeretur.
1035 3245 1041 3322 j

140 3334 216 3419 Qua
237 3335 447 3409 solemnitate
472 3335 574 3408 semel
597 3333 753 3421 inducta,
775 3334 920 3408 ecclesia
938 3334 1133 3420 constituit,
1153 3347 1191 3405 ut

63 3449 224 3546 coniugia
238 3467 308 3524 rata
322 3450 481 3550 deinceps
495 3476 561 3523 non
575 3448 843 3523 dissolverentur
856 3450 921 3522 nisi
936 3475 996 3547 per
1005 3447 1188 3521 solemnem

64 3566 100 3636 in
126 3565 286 3661 religione
311 3566 496 3666 approbata
518 3565 775 3664 professionem.
800 3567 838 3636 ln
855 3590 924 3663 qua
942 3562 1028 3634 nihil
1042 3562 1119 3635 novi
1138 3587 1189 3635 eo·

63 3677 171 3752 clesia
198 3679 347 3765 induxit,
377 3678 437 3752 sed
463 3679 688 3753 conditionem
710 3696 844 3751 tantum
870 3677 1011 3764 adiecit,
1032 3703 1102 3776 qua
1118 3701 1190 3750 oer-

140 3901 191 3964 let)
207 3901 279 3960 Quod
300 3902 485 3966 intelligendum
506 3903 544 3952 est
562 3915 664 3967 perse,
689 3905 717 3954 ut
743 3904 830 3966 aiunt3
850 3915 908 3953 urm
928 3901 981 3952 lieri
1001 3902 1098 3966 potest,
1117 3900 1145 3949 ut
1163 3897 1191 3949 ld

64 3985 190 4047 proestare
206 3982 305 4033 valeant
324 3984 425 4047 praelati
444 3982 544 4034 obtenta
564 3983 674 4033 adhunc
692 3983 766 4034 linem
784 3996 798 4033 a
817 3985 888 4034 Rom.
901 3981 1019 4032 Pontidce
1036 3979 1191 4032 sucurrere.

141 4061 192 4124 (tt)
206 4063 245 4116 ct.
267 4062 382 4113 Pontium
402 4063 449 4112 loe.
473 4062 515 4112 eit.
530 4075 584 4126 cap.
597 4069 620 4112 a.
