2796 5064
255 382 326 434 ιιι.
344 381 384 433 ιι.
399 382 440 432 ιι
458 379 571 434 mous.
588 381 684 432 ιιιιι.
702 381 735 432 ιιι
753 381 842 433 clus.
858 382 972 434 rnuur.
986 385 1058 434 ιιι.
1072 386 1108 438 ιι.
1178 366 1250 436 185

144 500 282 574 aimonii
309 497 516 599 nequidem
542 523 603 597 pro
628 524 710 572 casu
737 498 967 574 fornicationis
1004 501 1089 576 solvi
1121 504 1248 602 possit,

139 616 285 716 alioquin
313 614 405 689 nulla
424 615 508 688 foret
525 614 559 686 in
578 614 634 688 his
651 613 807 687 Matthaei
826 615 909 690 locis
927 617 1126 705 antithesis,
1147 645 1249 718 quam

136 746 243 805 umen
269 729 389 803 haberi
408 727 510 803 verba
528 730 606 802 lesu
625 729 732 829 primo
749 729 866 802 obtutu
884 729 1033 829 produnt
1053 734 1142 828 (lb).
1164 733 1252 806 Hinc

135 847 223 920 iuxta
242 846 336 920 hunc
352 861 521 919 auctorem
538 845 633 919 locus
650 845 767 917 Matth.
778 846 815 916 llss
828 861 956 945 spectat
967 846 1010 918 ad
1026 846 1248 932 christianos,

135 961 215 1035 alter
237 987 321 1036 vero
346 961 463 1036 Matth.
483 962 570 1034 xlx.
592 961 634 1034 ad
662 961 821 1048 iudaeos,
850 987 947 1035 secus
972 988 1013 1035 ac
1039 963 1116 1060 llug
1147 980 1253 1037 statu-

134 1078 212 1151 erit:
246 1093 393 1176 uterque
421 1093 532 1150 tamen
558 1092 672 1176 utpote
696 1076 854 1150 catholici
881 1093 1034 1176 pugnant
1058 1104 1118 1178 pro
1148 1077 1253 1153 indis·

136 1191 343 1267 solubilitate
368 1192 561 1266 omnimoda
586 1192 736 1289 coniugii
763 1192 952 1265 christiani.

203 1309 278 1380 lam
301 1333 382 1381 vero
399 1304 541 1381 libenter
558 1307 697 1380 admitto
710 1333 766 1393 ea,
784 1333 872 1407 quae
885 1308 961 1405 llug
975 1309 1146 1382 constituit
1162 1311 1252 1384 circa

136 1438 235 1520 caput
250 1421 341 1493 xlx.
362 1421 521 1495 Matthaei
537 1449 551 1508 ;Ι
567 1437 601 1493 at
618 1420 686 1519 ipsi
705 1420 859 1493 assentiri
879 1447 1009 1520 nequeo
1027 1422 1060 1493 in
1080 1422 1143 1509 iis,
1164 1449 1254 1522 quae
1369 1435 1370 1439 ’

136 1536 274 1635 scripsit
302 1534 393 1608 circa
422 1550 524 1634 caput
555 1535 592 1606 ll.
620 1536 678 1606 31.
709 1536 775 1621 323
795 1534 948 1607 vicissim
984 1535 1108 1607 lubenti
1138 1535 1252 1609 animo

136 1651 320 1752 amplector
343 1675 431 1750 quae
457 1649 559 1724 hahet
583 1652 680 1747 ltlger
703 1648 746 1721 de
770 1650 880 1748 capite
902 1650 939 1720 V.
955 1650 1134 1737 Matthaei,
1170 1649 1251 1722 dum

137 1766 273 1840 reiicere
299 1790 403 1863 cogor
427 1790 515 1865 quae
540 1764 614 1865 ipse
633 1778 784 1836 autumat
802 1765 892 1837 circa
910 1781 1011 1863 caput
1027 1765 1114 1836 xlx.
1139 1764 1254 1865 Siqui-

137 1876 208 1952 dem
234 1879 300 1952 etsi
327 1878 395 1952 duo
419 1876 456 1949 hi
481 1877 545 1952 loci
572 1878 660 1951 inter
689 1903 727 1951 se
760 1875 918 1950 disserant
947 1877 991 1951 ob
1024 1878 1252 1952 diversitatem

138 1993 325 2067 occasionis
351 1992 387 2063 iu
412 2017 481 2092 qua
505 1992 641 2066 oracula
666 1993 701 2063 in
728 1992 771 2066 iis
797 1995 952 2066 contenta
977 2019 998 2066 ι
1022 1993 1156 2067 Christo
1176 2019 1254 2092 pro-

139 2105 200 2180 lata
225 2123 329 2194 sunt,
362 2121 395 2180 et
425 2106 470 2180 ob
499 2107 726 2181 diversitatem
759 2108 859 2180 etiam
889 2108 1119 2197 audientium3
1140 2126 1253 2182 tamen

139 2221 177 2296 ud
200 2249 274 2296 rem
299 2222 431 2323 ipsam,
460 2247 521 2295 seu
545 2221 589 2295 ad
615 2221 837 2296 substantiam
864 2224 954 2324 quod
972 2225 1090 2297 attinet
1112 2251 1253 2324 prorsus

139 2335 297 2436 parallela
322 2349 419 2422 suut;
439 2335 474 2407 in
500 2352 643 2435 utroque
668 2337 759 2408 enim
789 2352 879 2409 textu
911 2336 1066 2411 Christus
1098 2338 1256 2411 libellum

139 2451 268 2552 repudii
295 2450 498 2549 improbavit
522 2466 557 2525 et
580 2450 743 2538 abolevit,
765 2468 866 2550 atque
884 2452 918 2524 in
937 2458 1079 2551 utroque
1099 2452 1252 2526 eamdem

139 2567 365 2666 exceptionem
381 2567 606 2666 fornicationis
624 2567 792 2666 apposuit.
810 2568 998 2666 Disceptari
1012 2568 1130 2666 utique
1145 2584 1254 2666 potest

139 2680 177 2754 de
192 2681 300 2754 huius
317 2680 524 2779 exceptionis
549 2679 782 2780 amplitudine,
803 2680 846 2753 de
864 2707 931 2780 qua
949 2696 1066 2780 postea
1088 2706 1251 2777 agemus,

139 2794 193 2868 sed
219 2794 391 2894 quidquid
416 2793 552 2867 tandem
578 2819 619 2866 ea
643 2793 871 2890 significetur,
915 2810 983 2868 atet
1007 2821 1047 2866 ex
1075 2795 1252 2894 utriusque

139 2907 198 2982 loci
218 2907 399 2982 collatione
424 2933 526 2979 unam
552 2932 628 2980 esse
653 2906 874 3005 eamdemque
892 2821 1017 2979 luisti
1036 2908 1248 2981 sententiam.

139 3022 334 3122 Negandum
359 3023 472 3122 itaque
496 3031 552 3095 est'
566 3021 655 3094 reale
671 3038 730 3095 aut
747 3022 929 3096 essentiale
945 3024 1109 3096 interesse
1132 3022 1253 3096 discri-

138 3164 210 3212 men
236 3138 328 3210 inter
351 3153 530 3237 utrumque
555 3136 682 3223 locum,
712 3137 773 3210 sed
799 3153 915 3210 contra
940 3155 992 3211 est
1016 3137 1253 3212 affirmandum

139 3279 193 3328 eos
218 3277 299 3326 esse
324 3251 424 3350 plane
449 3268 517 3325 tum
543 3250 722 3325 verbaliter
747 3269 816 3325 tum
843 3253 976 3327 realiter
1001 3252 1192 3354 parallelos.

208 3369 375 3465 lnsuper,
403 3382 440 3438 ut
463 3366 516 3440 vel
535 3367 608 3466 ipse
625 3367 826 3442 Kainoelius
845 3368 1101 3458 animadvertit,
1127 3368 1255 3443 nullum

139 3481 306 3580 reperitur
331 3478 494 3552 indicium
513 3507 553 3553 ex
570 3507 639 3580 quo
656 3480 767 3578 colligi
786 3483 912 3580 possit,
935 3490 1149 3584 praeceptum
1170 3484 1254 3557 illud

139 3594 282 3682 Christi,
312 3595 403 3693 quod
428 3595 545 3667 Matth.
566 3596 603 3667 V.
627 3598 685 3668 32.
706 3595 847 3693 legitur,
878 3598 984 3671 luisse
1015 3599 1255 3699 temporarium

138 3726 170 3784 et
193 3709 428 3784 tautummodo
452 3710 584 3784 iudaeis
609 3711 744 3798 datum,
768 3714 832 3811 ‘qui
850 3713 893 3786 ad
911 3713 1036 3788 Christi
1060 3716 1157 3811 signa
1179 3739 1255 3788 sese
1306 3732 1311 3741 '

139 3825 292 3899 conferre
316 3822 459 3909 vellent,
487 3842 522 3897 et
544 3824 612 3897 iam
638 3826 851 3900 matrimonia
876 3829 1140 3915 contraxissent;
1164 3827 1255 3927 quod

140 3965 263 4038 nempe
287 3938 354 4037 ipsi
381 3938 416 4009 in
442 3937 599 4011 adulterii
625 3966 706 4013 casu
734 3956 872 4038 possent
889 3968 988 4015 suum
1007 3943 1255 4016 matrimonium

138 4052 374 4150 disrumpere,
403 4079 594 4152 novumque
619 4054 715 4127 inire.
737 4056 805 4129 Nec
830 4057 1050 4156 perspicitur,
1080 4084 1139 4131 cur
1160 4058 1255 4128 lesus

139 4167 292 4241 severius
317 4167 423 4265 egerit
447 4192 523 4241 cum
549 4167 751 4265 gentilibus,
780 4171 838 4269 qui
869 4186 1046 4271 antequam
1080 4169 1255 4244 christiani

212 4320 264 4382 (te)
281 4323 328 4382 op.
339 4319 383 4370 cit.
395 4332 449 4384 pag.
464 4328 501 4372 et.
513 4320 577 4386 apvrd
589 4321 732 4385 sevorum
746 4334 799 4386 pag.
812 4331 851 4376 69.
