2796 5064
257 377 327 429 w.
344 375 392 427 111.
409 376 449 426 ll!
465 375 561 426 SBNSU
575 375 666 425 tata.
685 373 874 424 claritates.
892 372 987 423 lfflll.
1005 373 1076 423 ant.
1093 373 1115 422 l.
1188 352 1256 421 lll'l

141 495 358 581 allirmarint,
385 510 497 567 mmen
523 492 680 592 nuspiam
706 490 824 564 dicunt
844 514 945 590 posse
965 492 1158 591 quempiam
1182 509 1260 590 post

140 610 372 685 dimissionem
396 608 539 682 adulteri
557 607 609 682 vel
627 605 798 680 adulterae
816 605 948 706 absque
965 605 1099 706 piaculo
1116 631 1193 679 cum
1210 606 1260 680 al·

138 743 204 800 tero
226 725 421 820 coniugium
444 721 547 807 inire,
568 720 700 794 vivente
716 718 830 792 adhuc
849 721 960 818 priore
978 721 1131 819 coniuge.
1157 722 1200 794 At
1216 748 1258 796 ne

139 867 225 913 unus
242 839 383 940 quidem
404 837 570 937 reperitur
589 837 624 907 in
646 851 714 909 tota
736 835 937 933 antiquitate
957 862 998 908 ex
1018 836 1062 908 iis
1080 837 1255 926 omnibus,

139 982 281 1055 quorum
310 953 508 1053 scriptaad
537 977 599 1026 nos
631 967 876 1051 pervenerunt,
910 976 1011 1049 quem
1041 951 1258 1027 divortiorum

138 1070 270 1169 patroni
300 1078 337 1141 ut
361 1094 443 1142 suae
468 1067 654 1142 sententiae
687 1084 777 1141 certo
802 1066 970 1140 laventem
1000 1092 1260 1143 commemorare

138 1185 282 1285 possint.
310 1184 389 1256 Dixi
414 1210 456 1256 aa
480 1186 523 1257 its
547 1209 684 1282 quorum
712 1181 907 1282 scriptaad
937 1207 995 1255 nos
1025 1198 1257 1280 pervenerunt·

138 1326 237 1386 nam,
266 1313 304 1371 ut
327 1323 390 1372 suo
411 1298 485 1375 loco
510 1298 675 1385 vidimus,
701 1323 762 1396 pro
784 1297 925 1371 istorum
952 1296 1075 1397 placito
1097 1312 1261 1371 steterunt

138 1415 290 1514 episcopi
303 1413 366 1499 illi,
388 1438 474 1513 quos
487 1428 525 1486 ut
536 1413 676 1510 ignavos
690 1438 731 1486 ac
745 1412 881 1486 divinae
894 1412 1029 1510 ignaros
1043 1411 1127 1510 legis
1142 1413 1262 1486 aomter

138 1529 295 1626 obiurgat
306 1526 489 1626 Origenes,
506 1529 636 1629 quique
653 1526 796 1628 proinde
808 1553 866 1601 eos
879 1527 1003 1601 erroris
1015 1526 1060 1601 ob
1078 1526 1165 1602 hanc
1183 1554 1261 1602 sen·

139 1644 278 1717 tentiam
303 1659 337 1716 et
357 1643 486 1743 praxim
512 1645 633 1741 arguit.
663 1645 746 1716 ltem
772 1642 957 1716 Pollentina
982 1643 1025 1715 ad
1050 1669 1152 1743 quem
1177 1669 1259 1718 suos

139 1759 244 1834 libros
256 1759 301 1833 de
314 1760 512 1833 adulterinis
526 1759 694 1857 coniugiis
708 1758 830 1832 direxit
849 1784 878 1831 s.
896 1757 1124 1855 Augustinus3
1141 1783 1260 1858 quam·

139 1902 242 1975 quam
260 1901 324 1949 nac
344 1875 375 1949 is
395 1875 530 1975 proprie
546 1874 668 1948 iisdem
685 1874 797 1948 lavere
813 1873 979 1948 dicendus
997 1874 1061 1961 sit,
1081 1900 1157 1948 uum
1176 1900 1260 1949 non-

138 1991 205 2065 nisi
220 1989 460 2090 prohlematica
474 1993 621 2079 ratione,
637 2006 751 2090 atque,
772 2007 809 2063 ut
827 1990 935 2079 aiunt,
955 1990 1149 2064 academico
1166 2016 1258 2064 more

138 2105 245 2180 dubia
269 2132 333 2180 sua
357 2107 586 2206 proposuerit,
615 2132 704 2205 quaa
729 2106 868 2180 discutit
886 2131 925 2179 ac
944 2105 1044 2206 plane
1060 2105 1161 2179 diluit
1185 2106 1259 2206 hip-

140 2210 303 2321 parrensis
328 2222 444 2296 doctor
464 2224 576 2318 (200).

213 2336 380 2437 Equidem
397 2337 488 2410 haud
506 2338 623 2434 ignoro
640 2337 819 2412 nonnullos
846 2338 1013 2413 interdum
1032 2339 1132 2412 etiam
1150 2339 1262 2413 catho-

140 2453 228 2525 licae
253 2452 403 2526 veritatis
429 2469 612 2527 assertores
638 2452 767 2553 aliquot
790 2479 830 2527 ex
856 2452 1009 2554 patribus
1029 2470 1130 2554 aque
1155 2453 1262 2528 eccle·

141 2569 291 2642 siasticis
317 2564 539 2667 scriptoribus
564 2570 750 2643 contrariae
776 2569 862 2668 parti
888 2569 1088 2657 dimisisse,
1122 2569 1262 2669 perinde

141 2685 228 2757 acsi
249 2684 362 2782 reipsa
378 2684 607 2759 adstruxerint
625 2710 729 2759 novas
754 2686 891 2759 ineundi
911 2685 1046 2785 nuptias
1073 2684 1261 2759 facultatem

143 2816 220 2899 post
244 2800 415 2874 adulterae
444 2802 654 2875 eiectionem.
683 2802 720 2874 ld
747 2827 828 2874 sane
853 2801 1001 2873 vidimus
1026 2800 1069 2872 de
1094 2801 1186 2873 Sixto
1212 2826 1263 2874 se-

144 2914 266 3001 nensi,
294 2914 336 2987 de
361 2915 569 3015 Toumelyo,
596 2915 639 2988 de
665 2914 809 3001 Colleto,
838 2915 881 2987 de
911 2915 1072 3002 Druinio,
1101 2914 1258 3014 aliisque.

143 3032 265 3103 Verum
290 3030 324 3102 id
349 3030 473 3104 lactum
502 3058 579 3106 esse
610 3047 691 3130 puto
715 3031 760 3104 ob
784 3048 1001 3131 apparentem
1029 3029 1263 3105 difficultatem

144 3171 248 3244 quam
274 3160 383 3218 textus
409 3172 430 3217 a
454 3172 517 3219 suo
542 3160 697 3219 contextu
722 3145 851 3231 avulsi,
885 3172 925 3218 aa
950 3171 1009 3245 per
1034 3172 1071 3219 se
1097 3147 1258 3245 spectati,

143 3261 218 3334 sine
245 3277 398 3359 respectu
422 3261 466 3333 ad
492 3287 629 3361 scopum
648 3278 681 3335 et
698 3263 799 3334 finem
817 3261 984 3348 auctoris,
1006 3261 1175 3362 totiusque
1192 3288 1264 3336 ora-

144 3374 248 3447 tionis
260 3376 382 3448 seriem
392 3376 673 3473 praeseferebant.
688 3376 785 3461 Quod
799 3377 829 3449 si
843 3376 994 3449 intimius
1007 3376 1142 3450 eosdem
1153 3394 1262 3452 tentus

143 3515 213 3562 una
233 3515 310 3562 cum
333 3489 492 3564 relatione
517 3491 560 3564 ad
578 3491 740 3589 integram
759 3493 963 3580 orationem,
984 3509 1085 3593 atque
1105 3493 1264 3569 adiuncta

143 3606 258 3678 omnia
272 3621 498 3704 spectassent,
515 3607 664 3706 prolecto
680 3634 720 3680 ex
738 3634 778 3680 aa
799 3609 1016 3708 persuasione
1028 3610 1259 3684 recessissent.

221 3722 343 3794 Verum
369 3722 537 3822 quidquid
563 3723 606 3797 de
629 3724 696 3798 hoc
722 3725 790 3809 sit,
820 3743 908 3798 certo
937 3740 996 3798 aut
1023 3725 1183 3799 lalluntur
1206 3744 1264 3800 aut

142 3837 258 3911 lallare
275 3838 391 3911 volunt
406 3838 579 3913 doctrinae
599 3840 784 3915 catholicae
811 3842 996 3915 adversarii
1019 3842 1100 3914 dum
1124 3842 1265 3916 fidenter

142 3951 228 4025 adeo
250 3951 419 4025 allirmant
434 3955 548 4051 plures
570 3981 709 4028 numero
733 3972 844 4056 patres
871 3982 931 4056 pro
957 3957 1102 4056 perlecto
1120 3956 1264 4032 divortio

217 4171 284 4233 (too)
300 4173 424 4223 Immerito
443 4174 720 4236 interlocutorum
741 4189 781 4238 op.
796 4177 934 4226 attonuit.
949 4176 1035 4226 intulit
1049 4190 1078 4226 or
1096 4176 1179 4225 dubita
1192 4190 1263 4240 pecu·

141 4251 245 4301 tiarlbus
265 4251 391 4313 pollentii,
414 4253 499 4304 satam
519 4253 620 4303 dubiam
637 4257 695 4303 tuna
715 4255 830 4317 temporis
851 4256 877 4305 in
898 4256 1000 4305 ecclesia
1021 4255 1096 4304 luisse
1117 4256 1256 4306 doctrinam

142 4345 217 4393 quarn
241 4345 433 4394 propugnamus.
709 4354 715 4359 ·
