2796 5064
334 410 693 463 monumentorum
710 408 1028 462 secerneremur.
1193 383 1240 462 'lo

138 535 191 608 isto
215 528 440 606 montanistas
461 530 631 605 novatiani
658 528 776 603 imitati
799 523 889 603 sunt.
911 531 980 604 Hes
997 523 1115 604 omnes
1135 531 1241 605 eecle'-

134 650 178 723 rin
202 647 374 723 catholica
400 647 582 720 damnavit.
1033 637 1037 644 ’
1175 637 1178 645 ’

196 765 290 838 Licet
315 779 427 859 autem
453 762 595 837 eeclesia
620 762 786 837 eiusmodi
812 787 957 837 errorem
984 754 1238 862 proscripserit,

131 894 271 954 ettamen
286 878 400 951 minus
418 903 552 977 semper
570 902 773 976 propensam
786 903 823 950 se
836 876 988 951 exhibuit
1007 904 1087 975 arga
1106 879 1242 979 nuptias

130 995 339 1070 successivas
365 992 561 1093 praesertim
588 994 702 1068 tertias
723 1009 757 1066 et
778 984 966 1066 ulteriores.
987 994 1073 1066 Dum
1100 985 1242 1093 proinde

128 1133 246 1209 magno
266 1108 534 1210 prosequebatur
550 1099 677 1183 honore
693 1109 829 1210 nuptias
848 1110 975 1209 primas
992 1109 1238 1200 benedictione,

128 1227 360 1313 coronatione,
375 1226 521 1325 aliisque
535 1224 700 1298 eiusmodi
715 1224 852 1312 ritibus,
869 1240 996 1298 ceteras
1015 1242 1130 1299 contra
1146 1226 1242 1301 hisce

127 1341 432 1441 significationibus
459 1333 596 1414 honoris
621 1340 877 1439 sanctitatisque
901 1341 1066 1440 privavit,
1088 1342 1137 1414 uti
1155 1342 1242 1417 alias

128 1457 347 1558 exposuimus
364 1459 429 1552 (l);
442 1471 496 1530 ast
509 1482 692 1556 numquam
710 1482 768 1530 eas
786 1456 924 1531 omniuo
941 1456 1129 1557 prohibuit;
1145 1484 1243 1557 prae-

128 1575 239 1649 sertim
266 1572 411 1646 eeclesia
434 1570 551 1645 latina.

194 1691 319 1763 Verum
337 1689 538 1762 severiorem
557 1688 678 1786 ingiter
691 1687 755 1762 hac
768 1688 803 1760 in
822 1714 858 1760 re
876 1714 913 1762 se
929 1685 1081 1762 exhibuit
1098 1688 1242 1764 ecelesia

127 1832 256 1905 graeca.
275 1807 361 1879 Nam
379 1805 511 1892 tertias,
533 1805 729 1905 praesertim
755 1830 835 1879 vcro
860 1821 998 1905 quartas
1025 1807 1161 1905 nuptias
1178 1806 1243 1879 im-

128 1922 301 2023 probavit;
331 1947 397 1995 non
424 1919 516 2020 quod
543 1920 686 1995 senserit
710 1947 768 1995 eas
794 1921 932 1995 omnino
957 1947 997 1994 ac
1021 1920 1176 1995 absolute
1200 1922 1242 1995 il-

127 2035 258 2124 licitas‚
288 2036 348 2110 sed
375 2037 411 2108 in
437 2036 693 2110 detestationem
725 2035 988 2110 incontinentiae
1016 2063 1118 2136 quam
1145 2063 1243 2136 prae-

129 2153 252 2227 talerre
273 2151 476 2226 videbantur
500 2153 558 2252 qui
585 2152 707 2251 priori,
729 2151 833 2225 multo
857 2176 936 2226 vero
962 2153 1090 2250 magis,
1111 2154 1170 2253 qui
1189 2179 1243 2228 se-

128 2269 262 2356 cunda,
292 2285 350 2341 aut
375 2267 472 2342 tertia
496 2293 601 2342 uxore
624 2267 693 2340 uita
720 2267 833 2341 luncta
858 2266 959 2340 aliam
985 2267 1156 2342 ducerent.

197 2383 319 2471 Quoad
343 2384 544 2458 uetustiores
571 2383 750 2457 nonnullos
776 2398 906 2482 patres,
936 2383 1107 2458 latendum
1126 2400 1178 2458 est
1195 2385 1243 2457 in·

129 2501 257 2575 tardum
283 2527 342 2575 eos
366 2501 486 2574 durius
512 2499 614 2573 nimis
639 2498 768 2572 locutos
797 2498 926 2586 luisse,
955 2524 995 2573 ac
1020 2499 1165 2598 benigna
1195 2501 1244 2574 in·

129 2617 365 2717 terpretatione
391 2614 611 2689 emolliendas
637 2641 753 2688 eorum
778 2601 964 2688 locutiones
989 2603 1076 2688 esse.

198 2733 262 2806 His
279 2731 336 2805 rix
351 2731 468 2805 leviter
492 2732 677 2829 generatim
702 2729 875 2816 delibatis,
898 2729 1242 2805 distinetis'articulis

130 2873 268 2947 agemus
295 2848 404 2947 primo
427 2847 470 2919 dc
494 2847 654 2920 secundis
681 2846 833 2945 nuptiis,
863 2846 986 2918 deinde
1010 2846 1053 2919 de
1077 2846 1244 2920 ulteriori-

130 2963 190 3039 bus
208 2964 253 3038 ad
273 2963 513 3038 uindicandam
531 2963 695 3037 ecelesiae
715 2962 901 3036 catholicae
918 2962 1121 3050 doctrinam,
1143 2978 1244 3063 atque

130 3081 281 3155 eiusdem
300 3077 519 3178 disciplinam
545 3078 760 3177 potissimum
787 3077 949 3151 aduersus
975 3102 1113 3175 graecos
1134 3078 1244 3152 schis-

131 3196 281 3269 metiens.

204 3308 395 3384 Ecclesiam
431 3323 622 3383 constanter
654 3307 855 3407 praetulisse
885 3307 1080 3382 viduitatem
1117 3308 1244 3382 iteratis

134 3425 260 3526 nuptiis
286 3422 458 3524 explorata
483 3449 536 3496 res
562 3438 626 3496 est.
656 3423 705 3495 Ex
730 3421 887 3496 omnibus
917 3422 1007 3494 enim
1033 3422 1107 3496 eius
1132 3424 1241 3510 actis,

133 3540 332 3640 exscriptis
357 3556 488 3640 patrum
514 3554 548 3613 et
572 3539 799 3613 monumentis
824 3537 1063 3612 ecclesiasticis
1090 3538 1123 3610 id
1150 3538 1245 3612 lucu-

133 3653 235 3730 lenter
260 3670 363 3755 patet.
390 3653 563 3753 Siquidem
590 3680 630 3727 er
656 3653 698 3727 iis
724 3668 853 3727 constat
876 3652 928 3727 vel
954 3678 974 3725 a
1000 3653 1072 3727 suis
1103 3653 1258 3743 incunar

133 3767 206 3845 bilis
232 3795 357 3867 magno
382 3769 510 3843 honore
530 3768 707 3843 ecclesiam
726 3769 832 3842 luisse
853 3783 1064 3867 prosecutam
1082 3795 1140 3842 eas
1158 3796 1245 3869 quae

133 3909 206 3960 tere
217 3886 339 3959 eidnec
357 3885 501 3959 luissent
514 3912 554 3960 ac
566 3885 744 3970 desolatae,
764 3900 802 3956 ut
820 3883 967 3984 loquitur
978 3884 1159 3984 Apostolus
1175 3886 1240 3981 (Ξ).

135 4000 195 4077 llas
220 4003 459 4103 episcoporum
484 4027 523 4074 ac
549 4001 818 4102 presbyterorum
846 3999 1077 4100 prouidentiae
1098 3999 1247 4074 commit

136 4117 239 4206 lebat,
255 4134 423 4191 utcuram
440 4117 590 4217 ipsarum
609 4116 837 4215 susciperent;
856 4114 1054 4189 admittebat
1071 4115 1114 4188 ad
1134 4130 1245 4188 votum

203 4307 239 4369 (tl
255 4306 310 4357 tie.
325 4308 344 4355 t.
357 4307 417 4356 sect.
429 4307 448 4354 1.
462 4317 516 4369 cap.
529 4307 572 4356 lv.
583 4306 631 4356 ert.
645 4306 677 4354 11.

202 4386 237 4449 (t)
253 4388 273 4436 t.
284 4384 395 4438 Timoth.
404 4386 434 4434 V.
443 4391 466 4435 o.
