2796 5064
243 359 312 432 316
387 380 449 432 nu.
466 381 513 432 ru.
531 378 617 431 secr.
633 379 766 430 inrum.
783 378 825 434 nr
836 376 951 429 rsnrss.
968 376 1066 430 narn.
1083 376 1209 430 curor.

240 500 352 599 reipsa
373 499 512 587 dirimi,
540 524 723 597 numquam
748 497 892 571 dixisset
917 496 1091 571 mulierem
1119 496 1304 570 adulteram
1333 524 1351 570 a

240 615 352 714 priore
377 613 553 687 dimissam
576 640 642 687 non
658 639 735 686 esse
752 611 892 686 alterius
911 610 1096 710 legitimam
1122 637 1285 698 uxorem,
1304 638 1349 685 so

240 727 310 801 luto
332 728 459 828 quippe
483 729 720 816 matrimonio,
752 726 873 801 mulier
897 726 1003 800 libera
1028 743 1101 815 est,
1131 743 1167 801 et
1200 727 1262 827 qui
1286 752 1351 800 eum

239 843 344 931 ducit,
373 843 520 941 legitime
544 844 650 918 ducit.
672 844 713 916 At
738 844 803 918 boc
828 843 998 917 inficiatur
1023 869 1052 916 s.
1069 842 1349 944 Chrysostomus;

239 958 307 1031 imo
332 957 429 1032 docet
453 985 531 1031 eam
562 985 639 1033 esse
669 957 855 1031 odulmom
877 973 911 1033 et
934 958 1121 1031 odultemm
1151 957 1272 1046 illum,
1302 958 1353 1058 qui

239 1098 314 1147 eam
331 1073 474 1147 duxerit.
492 1074 634 1148 Censuit
651 1075 767 1174 itaque
784 1090 818 1148 et
841 1074 875 1146 iu
901 1073 966 1148 hoo
991 1098 1073 1148 casu
1091 1073 1270 1147 vinculum
1287 1099 1352 1147 cor

241 1187 352 1285 iugale
376 1189 541 1286 integrum
565 1214 772 1288 permanere.
803 1188 1017 1288 Quapropter
1034 1187 1261 1263 concludebat
1286 1204 1351 1289 post

239 1301 370 1377 obiecta
391 1303 512 1377 verba:
536 1332 554 1374 r
574 1303 702 1377 Felellit
730 1320 828 1404 pactu
852 1329 940 1404 quae
968 1328 1046 1378 oum
1069 1301 1130 1377 illo
1153 1302 1298 1391 babuit,
1325 1316 1349 1376 rt

239 1414 284 1489 od
308 1433 336 1490 te
359 1445 432 1493 cum
458 1419 597 1493 honestis
623 1419 747 1518 lepidus
770 1419 978 1493 mevenit.»

727 1684 765 1783 p.
786 1683 868 1756 xvi.

686 1918 722 1966 De
740 1913 903 1967 theodoreto.

314 2113 381 2186 Nec
403 2112 562 2186 dissentit
585 2111 671 2185 ulo.
693 2110 936 2212 Chrysostomo
953 2108 1185 2185 Theodoretus
1203 2110 1241 2182 in
1257 2109 1346 2186 onni-

241 2226 341 2300 moda
364 2226 491 2300 vinculi
508 2225 697 2325 coniugalis
727 2226 911 2302 asserenda
936 2226 1093 2300 firmitate
1121 2225 1229 2300 etiam
1259 2226 1346 2299 inter·

239 2341 394 2415 ueniente
418 2341 592 2428 adulterio,
613 2342 769 2441 quamvis
787 2340 973 2416 aduersarii
991 2366 1068 2416 eum
1088 2367 1151 2440 pro
1168 2366 1276 2415 causa
1297 2362 1347 2414 suu

242 2455 409 2529 adducere
434 2482 500 2529 non
525 2473 714 2530 vereantur.
738 2457 826 2530 Sane
843 2457 908 2530 tria
932 2483 953 2530 a
979 2455 1128 2529 launoio
1154 2481 1196 2529 ex
1222 2481 1264 2530 ec
1288 2478 1347 2555 pro

241 2569 404 2658 feruntur,
426 2570 551 2670 quibus
570 2571 713 2644 suadeat
730 2571 927 2669 episcopum
953 2595 1145 2671 cyrensem,
1167 2596 1270 2669 quem
1295 2592 1347 2642 me·

241 2686 305 2759 rito
330 2686 463 2759 doctum
489 2703 590 2786 atque
621 2687 655 2758 in
683 2687 859 2785 scripturis
894 2686 1213 2759 exercitatissimum
1240 2699 1344 2768 vocat,

241 2826 324 2874 suae
345 2800 530 2873 sententiae
555 2799 769 2899 adstipulari:
799 2815 878 2872 sunt
902 2816 1026 2872 autem:

318 2917 345 2987 l.
375 2917 424 2987 Ex
450 2915 509 2988 lib.
531 2915 568 2986 V.
591 2917 753 2988 Haeretic.
776 2916 920 3014 fabular.
943 2941 975 2988 c.
1005 2914 1088 2986 lllll.
1118 2913 1179 2986 ubi
1205 2914 1291 2988 baec
1311 2912 1347 2985 le·

241 3047 386 3130 guntur:
417 3032 596 3131 «Antiqua
628 3032 719 3127 (lex)
744 3058 839 3117 eum,
860 3031 918 3131 qui
936 3056 1073 3103 uxorem
1092 3030 1172 3105 odio
1198 3029 1343 3112 babebat,

240 3148 407 3221 dimittere
423 3148 515 3222 illam
538 3147 655 3233 iussit3
678 3174 765 3220 nova
782 3162 894 3220 autem
912 3145 1117 3219 adulterium
1137 3145 1346 3247 appellatre·

241 3261 381 3362 pudium
399 3266 482 3336 citra
499 3263 763 3337 fornicationem.
780 3261 847 3349 Qui
859 3263 955 3347 enim,
973 3262 1094 3361 inquit,
1110 3288 1253 3336 uxorem
1268 3283 1345 3335 suom

240 3377 391 3462 dimittit,
417 3394 549 3477 eccepto
573 3382 798 3480 fornicationis
825 3404 943 3463 causa,
976 3378 1141 3450 moecliari
1161 3405 1237 3452 eom
1262 3377 1342 3476 fucit,

241 3496 354 3591 etqui
377 3493 546 3567 dimissam
569 3496 720 3581 duxerit,
747 3496 931 3567 moechatur
959 3495 1072 3588 (llll).

315 3609 358 3680 ll.
388 3609 436 3680 Ex
455 3609 605 3684 eiusdem
625 3610 703 3683 libri
720 3636 794 3711 cap.
810 3609 923 3682 xxvl.
942 3610 987 3680 De
1009 3608 1235 3681 matrimonio:
1252 3607 1344 3707 «lpse

242 3739 352 3798 autem
377 3725 542 3799 Dominus
568 3751 634 3799 non
660 3726 772 3799 solum
798 3751 865 3799 non
890 3724 1064 3826 prohibuit
1087 3723 1341 3799 matrimonium,

242 3840 302 3913 sed
327 3856 360 3913 et
389 3842 423 3912 in
454 3842 582 3941 nuptiis
607 3842 804 3916 convivatus
828 3854 895 3928 est,
924 3856 958 3914 et
981 3840 1098 3912 vinum
1128 3838 1207 3912 sine
1231 3836 1343 3911 culrun

241 3954 440 4056 productum
466 3957 593 4057 nuptiis
611 3956 735 4030 donum
767 3955 872 4028 dedit.
894 3956 1013 4053 Legem
1032 3977 1131 4053 porro
1150 3944 1341 4025 matrimonii

241 4070 325 4143 adeo
343 4070 564 4158 confirmavit,
581 4085 617 4143 ut
634 4097 723 4159 cum,
740 4070 812 4170 qui,
833 4084 970 4168 excepta
987 4066 1224 4142 fornicatiouis
1241 4085 1338 4142 coust,

308 4336 374 4399 (rto)
390 4341 435 4402 cp.
447 4337 486 4388 eo.
498 4337 574 4388 Paris.
589 4341 656 4390 retr.
670 4339 729 4388 tom.
755 4319 846 4402 tfpag.
858 4343 911 4387 rso.
