2796 5064
227 362 273 434 lt
397 382 460 434 nn.
480 380 528 435 ιιι.
549 381 637 433 ιιιι.
658 382 681 433 ι.
702 381 742 433 ιι
759 381 855 434 narn.
871 381 995 435 ιιιιιι.
1011 384 1159 439 carrara.

226 503 414 591 castitatis;
443 502 479 575 in
504 501 672 602 peculiare
702 500 881 600 collegium
905 503 1104 604 cooptabat3
1133 506 1338 582 instruendis

227 617 416 692 iunioribus
431 617 466 689 in
481 616 581 691 rebus
592 616 683 703 fidei,
696 616 807 717 iisque
820 618 1064 718 praeparandis
1077 619 1120 694 ad
1134 619 1340 721 baptismum

226 732 462 834 praeficiebat:
482 732 593 807 alebat
610 731 755 832 publicis
775 731 924 807 fidelium
943 733 1192 825 oblationibus;
1214 737 1252 811 in
1268 764 1340 813 coe-

228 865 297 923 tum
319 847 587 923 diaconissarum
613 848 921 948 praestantissimas
943 876 984 924 ex
1007 849 1051 924 iis
1074 850 1268 950 deligebat3
1288 881 1343 955 pe-

226 963 346 1038 culiari
372 965 472 1038 etiam
494 963 611 1037 habitu
637 963 784 1037 donabat
809 989 875 1064 quo
893 990 914 1037 a
933 964 1073 1065 reliquis
1095 965 1344 1064 distingueren-

227 1082 339 1176 tur(3)
349 1137 355 1152 .
367 1078 457 1153 Talis
471 1104 604 1179 semper
615 1077 724 1152 extitit
735 1076 899 1152 ecclesiae
911 1077 1066 1177 spiritus,
1079 1105 1168 1179 qnae
1180 1081 1232 1153 uti
1245 1081 1345 1180 virgi·

227 1194 365 1281 nitatem
384 1195 543 1293 coningio
560 1192 612 1268 sic
627 1193 824 1268 viduitatem
843 1193 1002 1294 praetulit
1017 1195 1177 1271 secundis
1196 1197 1342 1298 nuptiis,

227 1310 309 1415 quia
333 1337 566 1411 quaecumque
582 1336 696 1384 amore
713 1310 878 1384 castitatis
902 1309 1099 1385 viduitatem
1123 1327 1263 1387 seruant
1286 1339 1347 1388 eae

226 1428 336 1526 magis
354 1428 496 1503 idoneae
513 1427 648 1502 suntad
662 1426 908 1502 obsecrandum
921 1427 1103 1502 Dominum
1116 1428 1206 1503 etad
1220 1429 1348 1505 instan-

225 1541 307 1615 dum
327 1541 616 1618 obsecrationibus
634 1557 667 1616 et
683 1540 892 1616 orationibus
911 1557 1007 1617 nocte
1023 1566 1064 1615 ac
1080 1541 1158 1630 die,
1178 1543 1274 1618 curis
1291 1569 1345 1619 se-

228 1656 296 1732 culi
314 1656 456 1731 abiectis
473 1657 538 1753 (l).

299 1774 373 1847 Non
394 1799 434 1847 eo
460 1789 570 1846 mmor
589 1771 733 1847 ecclesia
752 1797 929 1872 progressa
948 1787 1016 1860 est,
1037 1787 1076 1846 ut
1094 1770 1266 1847 secundas
1283 1800 1344 1847 nu-

227 1888 316 1990 ptias
336 1905 507 1988 tamquam
529 1888 722 1986 illegitimas
743 1886 978 1988 proscriberet.
995 1886 1095 1960 Novit
1107 1887 1200 1960 enim
1216 1888 1344 1963 dictum

226 2003 271 2076 ab
287 2002 468 2104 Apostolo:
493 2003 647 2077 ollulier
670 2002 808 2101 alligata
825 2019 877 2076 est
894 2001 958 2100 legi
978 2017 1105 2101 quanto
1126 2017 1277 2103 tempore
1293 2003 1344 2077 ιιι

226 2117 300 2192 eius
317 2117 411 2206 vivit,
432 2118 524 2219 quod
542 2118 571 2192 si
590 2118 763 2192 dormierit
778 2118 831 2192 vir
847 2119 940 2205 cius,
958 2117 1098 2191 liberata
1114 2132 1183 2192 est:
1199 2118 1256 2192 cui
1272 2118 1346 2193 vult

226 2233 347 2307 nnbat:
369 2250 495 2308 tantum
522 2234 558 2306 in
583 2234 725 2309 Domino
745 2238 835 2330 (5).»
853 2232 1013 2320 Quinimc
1037 2231 1180 2308 ulterius
1206 2261 1344 2335 progre-

225 2348 324 2424 diens
348 2348 528 2450 Apostolus
552 2349 693 2438 viduas,
722 2374 810 2450 quae
835 2349 984 2424 interiori
1018 2349 1139 2449 spiritu
1163 2349 1345 2425 destitutae

227 2464 262 2537 in
287 2463 435 2565 periculo
459 2481 636 2539 versantur
660 2491 681 2538 a
706 2481 796 2540 recto
822 2466 954 2539 tramite
979 2464 1193 2553 declinandi,
1216 2464 1260 2539 nd
1283 2466 1345 2540 ite-

228 2580 352 2653 randas
370 2579 484 2680 potins
502 2580 638 2678 nuptias
656 2579 810 2655 bortatur
826 2580 961 2656 dicens:
978 2578 1079 2654 «Volo
1096 2604 1176 2677 ergo
1194 2579 1344 2655 iunioras

229 2695 375 2785 nubere,
397 2695 485 2769 lilios
503 2720 703 2796 procreare,
731 2695 1003 2770 matresfamilias
1029 2722 1122 2783 esse,
1143 2695 1272 2770 nnllam
1289 2723 1345 2772 oc-

224 2814 394 2889 casionem
421 2813 502 2888 dare
527 2812 719 2888 adversario
740 2812 910 2886 maledicti
928 2813 1037 2910 gratia
1057 2815 1146 2908 (6),ι
1164 2838 1287 2914 nempe
1303 2838 1343 2886 ex

225 2929 432 3029 indulgentia
458 2956 538 3028 erga
567 2929 717 3028 ipsarum
750 2928 1000 3015 infirmitatem
1029 2954 1106 3002 cum
1133 2953 1193 3028 per
1219 2953 1279 3015 se,
1307 2944 1342 3002 nt

227 3043 309 3117 alibi
334 3043 472 3119 scribit:
499 3044 664 3119 «Beatior
687 3043 751 3116 orit
776 3043 806 3115 si
832 3042 882 3115 sic
906 3042 1131 3141 permanserit
1154 3041 1345 3116 secundum

229 3186 341 3233 meum
367 3158 545 3233 consilium
562 3161 651 3256 (l).»
668 3158 743 3245 Quo
768 3159 852 3232 satis
877 3157 1024 3233 ostendit
1041 3184 1078 3231 se
1096 3182 1163 3230 non
1180 3155 1344 3231 damnare

228 3274 397 3348 secundas
423 3273 579 3374 nuptias,
611 3273 674 3347 etsi
700 3272 829 3347 eisdem
857 3273 1023 3373 praeferat
1039 3272 1088 3345 uti
1112 3272 1345 3372 perlectionem

228 3405 351 3462 statum
376 3387 574 3475 viduitatis,
595 3388 758 3488 quamdiu
779 3389 809 3462 is
826 3388 948 3463 melius
974 3388 1124 3463 conferat
1144 3387 1188 3461 ad
1211 3389 1344 3462 animae

228 3502 389 3577 salntem:
408 3502 498 3603 qnod
514 3503 543 3576 si
559 3503 684 3603 aliquis
701 3503 767 3578 hoo
784 3503 973 3578 institutum
992 3502 1152 3578 sectando
1166 3503 1202 3576 in
1216 3505 1345 3604 pericn-

225 3617 296 3691 lum
316 3619 464 3692 incurrat
488 3618 767 3707 incontinentiae,
796 3619 827 3692 ei
853 3618 940 3693 alias
966 3619 1101 3718 nuptias
1126 3618 1294 3693 concedit.

298 3802 332 3865 (³)
349 3802 388 3853 ci.
402 3802 474 3866 Alph.
486 3802 665 3852 salmoroninnr
683 3804 790 3853 Dissert.
805 3805 834 3854 lu
852 3806 929 3868 epist.
938 3805 971 3853 D.
982 3801 1072 3854 Pauli.
1083 3805 1146 3866 opp.
1156 3804 1219 3852 torn.
1231 3803 1286 3853 XV.
1298 3804 1344 3854 co·

225 3884 276 3934 lon.
285 3883 386 3947 agripp.
402 3887 470 3934 leot.
483 3883 547 3933 Dias.
560 3885 625 3933 xiv.
635 3884 661 3933 in
672 3885 691 3933 1.
703 3883 736 3933 ad
746 3884 810 3934 Tim.
821 3886 850 3933 v.
865 3884 908 3947 qni
922 3883 982 3934 haec
999 3882 1054 3934 fuse
1072 3881 1230 3946 prosequitnr
1242 3883 1343 3946 tuique

225 3962 379 4015 documentis
392 3963 529 4013 continuat.
556 3994 560 4001 -

298 4043 334 4106 (l)
349 4045 386 4093 De
395 4043 442 4092 hoo
453 4043 596 4105 argumento
606 4042 783 4105 adumetinus
795 4042 916 4105 integrum
924 4041 1016 4091 librum
1026 4040 1124 4104 scripsit
1132 4043 1171 4091 Dc
1183 4040 1250 4092 bono
1261 4039 1343 4093 oldut·

225 4125 336 4184 tnttrrct
346 4124 403 4172 ante
414 4121 495 4185 ipsum
506 4133 528 4172 s.
536 4121 681 4172 Ambrosius
689 4122 780 4173 librum
792 4125 829 4172 De
837 4121 943 4182 uiduis,
957 4123 984 4172 ut
994 4120 1137 4185 dereliquit
1147 4123 1253 4172 taceam

297 4203 332 4265 (5)
349 4205 368 4251 l.
384 4204 442 4253 cor.
456 4203 511 4252 vll.
524 4208 562 4252 39.

298 4284 333 4345 (e)
348 4285 368 4333 l.
385 4282 450 4333 Tim.
461 4284 492 4332 V.
508 4287 544 4332 tt.

298 4363 333 4425 (7)
349 4364 368 4412 l.
380 4364 436 4414 cor.
449 4364 503 4413 Vll.
516 4367 553 4414 lo.
