2796 5064
325 409 395 464 car.
416 409 452 464 ιι.
468 410 508 462 ιιι
525 402 702 463 merosum
719 401 917 462 succussus.
940 410 1011 461 ιιιὁ
1027 409 1051 460 ι.
1202 386 1247 461 tt

201 531 292 606 Talis
318 531 440 630 ingiter
468 529 530 603 luit
554 518 719 604 ecelesiae
739 518 905 630 spiritus,
935 516 1023 629 quae
1053 530 1118 602 etsi
1153 555 1247 603 sum-

140 672 264 748 mopere
287 646 366 720 illos
391 645 697 732 commendaverit,
726 646 784 746 qui
811 645 977 718 castitatis
1002 670 1116 720 amore
1137 645 1176 716 in
1199 645 1249 718 ti·

137 762 257 837 duitate
278 777 538 863 permanerent,
560 776 672 834 tamen
689 785 748 834 eos
767 782 951 860 numquam
977 760 1247 862 reprobavitqui

136 903 166 951 ar
191 877 351 978 propriae
368 875 575 950 infirmitatis
593 875 820 975 experimento
838 889 897 947 aut
913 875 980 948 alia
997 875 1040 949 de
1057 900 1161 950 eausa
1177 875 1249 948 telss

133 991 194 1066 lent
220 1017 260 1065 se
287 991 408 1062 iterum
435 988 648 1063 matrimonio
673 989 889 1087 coniungere.

195 1105 305 1178 Cuius
332 1104 529 1178 assertionis
546 1103 666 1178 vadem
688 1103 809 1177 damus
827 1106 1024 1203 scriptorem
1045 1103 1247 1204 antiquissi-

131 1248 236 1308 mum,
258 1221 419 1294 Hermam
443 1218 554 1291 virum
580 1217 819 1317 apostolieum,
848 1218 907 1317 qui
934 1234 1047 1318 aperte
1072 1213 1248 1318 prblitetur

130 1361 200 1410 mm
227 1335 289 1435 qui
316 1333 438 1406 iterum
464 1327 569 1404 nubat
593 1357 659 1404 non
690 1356 830 1432 peecare
854 1332 993 1406 dicens:
1016 1362 1035 1403 ιι
1056 1331 1122 1419 Qui
1150 1333 1250 1406 nubit

133 1453 230 1550 (pest
250 1448 471 1542 viduitatem)
485 1505 491 1517 .
505 1472 512 1518 ;
528 1504 535 1517 .
549 1472 616 1520 non
634 1462 755 1545 peccat
768 1442 818 1542 (8)
836 1474 843 1519 :
864 1475 881 1516 a
897 1447 953 1519 Sie
969 1446 1071 1520 etiam
1094 1446 1248 1520 Clemens

130 1563 220 1638 llex.
241 1562 380 1637 scribit:
398 1559 609 1661 «Apostolus
635 1575 770 1662 propter
786 1562 1076 1662 intemperantiam
1095 1555 1248 1636 etustio·

131 1705 203 1752 nem
218 1736 227 1765 ,
244 1702 287 1751 ex
303 1675 405 1750 uenia
420 1675 608 1749 seeundum
628 1675 783 1749 concedit
802 1676 1072 1750 matrimonium:
1094 1702 1172 1749 nam
1191 1672 1248 1749 hic

132 1819 267 1896 queque
285 1794 350 1865 oon
363 1806 477 1892 peccet
502 1791 639 1892 quidem
664 1817 705 1864 cx
727 1789 944 1879 testamento,
966 1818 1033 1866 non
1050 1808 1103 1866 est
1118 1788 1248 1866 enim'a

131 1909 201 2009 lege
226 1907 442 2009 prohibitus;
471 1931 538 1981 non
564 1906 683 2006 implet
711 1921 824 1979 autem
850 1904 1016 1980 summum
1042 1905 1134 1979 illam
1158 1907 1249 1980 vitae

129 2024 376 2125 persentientes,
402 2047 491 2122 quae
514 2021 626 2118 agitur
647 2045 688 2093 ex
718 2019 892 2117 evangelio
917 2023 1007 2115 (9).»
1034 2019 1244 2095 baiamon-

130 2164 256 2238 genes‚
277 2137 433 2238 quamvis
457 2135 617 2211 secundis
643 2135 773 2235 nuptiis
803 2162 840 2209 se
865 2160 1020 2209 auersum
1041 2136 1242 2236 patefaciat,

134 2269 281 2327 attamen
304 2251 446 2326 minime
463 2275 522 2324 eas
539 2249 694 2325 absoluto
711 2250 867 2337 damnat,
888 2251 957 2324 imo
974 2250 1083 2324 solum
1105 2249 1248 2325 feliciter

130 2367 296 2468 deceptum
311 2391 388 2439 eum
406 2382 541 2454 censet,
562 2366 621 2465 qui
644 2366 720 2440 ideo
738 2365 782 2439 ab
799 2365 961 2440 iterandis
980 2366 1107 2466 nuptiis
1127 2392 1165 2440 se
1188 2365 1248 2439 ab·

132 2485 252 2571 stimet,
275 2482 368 2582 quod
394 2508 453 2555 aas
478 2481 688 2556 damnabiles
713 2482 966 2556 existimaverit.
991 2480 1113 2557 Scribit
1132 2483 1244 2555 enim:

133 2599 249 2671 «Sunt
274 2596 353 2684 alii,
377 2596 436 2697 qui
466 2596 510 2670 ad
537 2597 704 2670 secundas
729 2597 906 2671 convolare
935 2597 1073 2697 nuptias
1105 2597 1242 2684 nolunt,

135 2713 224 2814 quod
259 2739 320 2785 eas
353 2711 565 2786 damnabiles
590 2727 727 2813 putent.
743 2771 751 2785 .
767 2714 816 2786 .ei
843 2739 932 2813 quae
962 2714 1081 2787 unicas
1110 2714 1248 2812 nuptias

128 2826 310 2914 'contrariu
338 2826 482 2900 arbitrer
506 2827 753 2902 conducibilius
772 2854 851 2902 esse
871 2829 980 2928 decipi
998 2845 1031 2902 et
1050 2841 1169 2928 putare
1193 2827 1246 2899 bi-

131 2944 276 3041 gamiam
297 2942 537 3029 damnandam,
558 2959 592 3017 et
609 2944 725 3044 poenis
745 2944 891 3017 aeternis
915 2970 992 3017 esso
1014 2938 1245 3029 alliciendam,

132 3075 165 3133 ut
188 3059 269 3159 ipsa
295 3085 315 3132 a
337 3058 496 3132 secundis
523 3058 651 3158 nuptiis
676 3058 846 3133 abstineat
868 3073 902 3132 et
930 3059 1064 3159 puritati
1092 3057 1246 3144 studeat,

134 3200 230 3272 quom
252 3177 306 3246 rct’
319 3176 489 3246 acriminis
509 3199 682 3272 opnoaeotu
700 3189 733 3246 et
751 3174 910 3273 diffament
922 3175 994 3274 fiori
1009 3176 1123 3271 (10).»
1145 3173 1251 3271 lgitur

134 3287 222 3364 iuxta
241 3289 292 3362 rei
307 3289 481 3363 verimtem
499 3289 670 3362 secundae
686 3291 825 3388 nuptiae
842 3288 1036 3389 illegitimae
1061 3316 1127 3363 non
1147 3305 1246 3377 sunt,

134 3430 190 3480 uec
214 3421 335 3506 peccat
358 3405 417 3504 qui
442 3431 502 3479 eas
528 3404 608 3492 init,
633 3404 780 3504 Origene
806 3422 953 3481 auctore.

201 3636 241 3700 (a)
257 3639 287 3687 tn
303 3639 414 3688 Postera
429 3638 473 3689 lib.
492 3640 524 3690 ΙΙ.
542 3638 652 3690 mandat.
668 3641 713 3693 lv.
725 3653 750 3690 n.
763 3645 787 3691 t.
805 3641 876 3692 cuius
886 3640 961 3692 ruba
973 3640 1085 3705 superius
1101 3641 1195 3703 integra
1206 3638 1248 3690 de·

137 3713 223 3767 ι1ιιιιι.
238 3720 319 3780 Atque
334 3716 375 3766 hle
396 3719 433 3768 eat
452 3718 521 3769 loeus
540 3718 573 3768 ad
593 3733 666 3783 quero
688 3719 772 3770 allusit
792 3719 960 3772 Tertullianus
978 3720 1126 3771 montanista
1146 3720 1189 3772 lib.
1213 3725 1251 3774 De

133 3797 422 3859 montinniacum
443 3799 567 3850 scriberet:
583 3799 655 3850 used
672 3799 784 3851 cederem
803 3801 858 3862 tibi,
875 3801 895 3851 si
914 3802 1033 3865 scriptura
1055 3802 1172 3865 Pastoris,
1186 3817 1251 3867 quae

137 3877 184 3927 tola
198 3878 317 3928 moechos
332 3880 412 3940 amat,
423 3878 508 3930 divino
518 3881 680 3932 instrumento
698 3882 826 3933 meruisset
846 3881 939 3943 incidi,
955 3883 977 3932 si
993 3896 1042 3932 non
1060 3882 1092 3933 ab
1110 3883 1177 3934 omni
1194 3897 1251 3934 oon·

138 3955 191 4006 uilio
212 3956 374 4008 acclamatum
393 3957 466 4008 etiam
485 3962 622 4010 vestrarum
638 3959 701 4010 iuter
719 3960 857 4024 apocrypha
875 3963 901 4011 et
920 3961 981 4011 laisa
996 3961 1166 4023 indicaretur,
1181 3962 1250 4012 adul·

137 4037 184 4087 lara
195 4040 221 4089 at
231 4037 295 4102 lpas,
306 4039 332 4088 et
343 4037 401 4088 inde
414 4041 517 4103 patrem
527 4041 660 4104 socierum;
671 4053 686 4090 a
700 4053 750 4103 qua
759 4042 785 4091 et
799 4041 860 4092 aliua
872 4041 985 4092 iniliaris.
992 4061 1004 4085 ν
1016 4045 1108 4106 [lampa
1120 4042 1252 4106 psychicus

138 4114 361 4182 ltaateathoiicna,
371 4119 414 4182 qui
425 4119 496 4171 iusta
504 4120 683 4171 Tertullianum
694 4121 869 4172 montanistam
878 4135 907 4172 ea
921 4121 984 4172 libro
997 4121 1105 4172 Pastoris
1116 4120 1165 4171 duo
1176 4120 1250 4173 discit

138 4195 265 4247 ameriam
283 4197 459 4261 poenitentiam
477 4200 503 4249 et
524 4199 644 4250 mandas
664 4200 771 4264 nuptias.

202 4278 238 4341 (9)
253 4277 309 4329 Lib.
325 4279 370 4328 ili.
383 4280 499 4328 stromat.
511 4278 572 4329 edit.
585 4279 711 4342 siluerat,
725 4279 795 4330 Paris
807 4286 874 4331 teti.
887 4293 943 4344 pag.
956 4283 1011 4332 let.

204 4355 254 4421 (ιο)
271 4357 363 4409 ilomii.
376 4358 462 4410 xcix.
477 4358 502 4410 io
513 4361 600 4412 terem
612 4372 636 4412 ιι.
650 4362 672 4411 t.
684 4359 756 4413 ‹at-De
772 4358 796 4410 la
814 4359 876 4421 Ιιιιο,
896 4362 958 4411 tom.
973 4365 1008 4412 tt.
1019 4372 1045 4424 p.
1058 4365 1103 4412 tot
1113 4371 1167 4424 aeq.
