2796 5064
149 349 219 421 iao
295 369 357 421 ιιι.
376 367 424 421 ιιι.
441 368 528 419 sacr.
544 367 675 419 aarum.
693 364 858 416 nemrim.
877 363 972 414 ntra.
989 361 1115 414 canter.

148 514 237 589 quae
272 486 365 561 nulla
395 486 616 588 praecedente
640 511 766 572 cansa,
796 481 993 582 reliquerint
1020 481 1112 555 viros
1138 504 1218 553 auos
1242 496 1275 552 et

146 631 187 679 se
210 603 441 704 copulaverint
469 603 603 691 alteris,
632 627 694 677 nec
718 603 754 674 in
779 600 848 674 fine
872 598 1041 700 accipiant
1065 598 1273 671 communio-

148 746 273 794 nem.»
303 722 359 793 lx.
391 723 503 793 altem
532 718 645 794 fidelis
669 717 837 805 foemina,
866 741 955 815 quae
984 711 1178 788 adulterum
1204 740 1274 786 ma·

146 835 248 909 ritum
274 836 447 936 reliquerit
472 835 628 922 fidelem,
664 851 698 908 et
731 832 874 907 alterum
899 831 1017 918 ducit,
1053 829 1275 928 prohibeatur

147 974 191 1022 ne
214 949 340 1037 ducat;
369 950 399 1023 ai
425 966 536 1022 autem
563 948 714 1036 duxerit,
740 974 808 1023 non
832 946 928 1047 prius
954 944 1101 1045 accipiat
1125 969 1275 1017 commu-

147 1064 298 1151 nionem,
316 1065 384 1137 nisi
402 1092 504 1164 quem
518 1064 712 1164 reliquerit,
734 1063 829 1162 prius
847 1062 891 1136 de
908 1061 1022 1136 seculo
1040 1059 1178 1147 exierit3
1208 1058 1274 1132 nisi

147 1177 231 1252 ione
248 1180 433 1254 necessitas
452 1180 658 1254 infirmitatis
675 1179 757 1252 dare
774 1178 977 1278 compulerit
996 1179 1086 1274 (io).
1102 1207 1122 1245 n
1147 1175 1189 1247 x.
1214 1173 1273 1245 «Si

146 1319 203 1382 ea,
225 1321 327 1394 quam
345 1295 607 1370 catechumenus
631 1297 788 1397 reliquit,
807 1296 942 1370 duxerit
967 1293 1147 1379 maritum,
1167 1305 1275 1392 potest

146 1409 190 1482 ad
208 1410 333 1484 iontem
354 1410 478 1485 lavacri
497 1411 641 1485 admitti.
664 1412 736 1486 lloc
756 1427 790 1485 at
813 1410 905 1484 eirea
929 1409 1096 1485 foeminas
1115 1405 1275 1480 catechu-

145 1549 264 1599 menas
285 1525 348 1599 erit
365 1525 624 1600 observandum.
649 1525 748 1612 Quod
768 1525 798 1599 si
820 1525 921 1599 luerit
945 1522 1084 1610 fidelis,
1108 1547 1200 1622 quae
1218 1519 1274 1593 du·

147 1639 250 1728 citur,
271 1639 315 1714 ab
332 1667 373 1715 eo
394 1641 452 1742 qni
470 1667 606 1715 uxorem
625 1641 829 1742 inculpatam
849 1639 1002 1741 reliquit,
1018 1654 1052 1712 et
1067 1663 1148 1711 cum
1166 1636 1272 1712 scierit

146 1752 242 1827 illum
269 1754 395 1830 habere
420 1783 577 1844 uxorem,
610 1783 714 1857 quam
740 1757 815 1832 sine
835 1782 939 1832 causa
963 1753 1117 1854 reliquit3
1152 1751 1271 1852 placuit

148 1867 230 1944 huic
255 1897 317 1945 nec
342 1871 377 1944 in
403 1871 504 1946 linem
528 1872 676 1946 dandam
701 1898 779 1948 esso
804 1870 1122 1946 communionem.»
1143 1867 1266 1941 cxxii.

152 1986 292 2086 «Siqua
307 1986 413 2061 vidua
430 1988 532 2063 fuerit
547 1989 740 2076 moechata,
761 2004 795 2062 et
810 1986 964 2062 eumdem
982 2002 1102 2086 postea
1120 1983 1269 2058 habuerit

145 2101 323 2190 maritum;
351 2119 430 2202 post
453 2105 678 2205 quinquennii
697 2122 849 2206 tempus,
877 2117 953 2178 acta
977 2100 1133 2200 legitima
1158 2097 1267 2200 poeni·

145 2216 267 2305 tentia,
284 2217 412 2318 placuit
422 2245 497 2292 eam
510 2220 739 2295 communioni
757 2218 988 2305 reconciliari3
1005 2218 1035 2291 ei
1048 2215 1158 2290 alium
1172 2214 1267 2288 duxe-

145 2329 210 2417 rit,
230 2330 346 2406 relictn
370 2332 449 2422 illo,
470 2361 532 2409 nec
555 2334 590 2407 in
617 2336 683 2409 fine
706 2335 853 2408 dandam
871 2359 948 2408 asae
973 2331 1263 2407 communionem:

144 2443 198 2517 vel
216 2445 246 2518 ai
264 2447 365 2519 luerit
385 2448 441 2522 ille
463 2449 594 2538 fidelis,
615 2477 717 2550 quem
739 2449 870 2546 aceepit
885 2505 893 2535 ,
911 2446 1185 2521 communionem
1207 2469 1265 2516 non

145 2559 309 2659 accipiat,
333 2563 400 2636 nisi
419 2581 496 2665 post
513 2565 628 2652 decem
646 2592 773 2652 annos,
791 2580 865 2637 acta
879 2563 1028 2661 legitima
1042 2560 1263 2660 poenitentia,

145 2675 213 2750 nisi
237 2677 416 2753 infirmitas
434 2681 579 2778 coegerit
595 2680 745 2754 velocius
762 2680 844 2754 dare
860 2679 1133 2755 communionem
1155 2680 1263 2774 (71).»

225 2791 275 2867 Ex
301 2793 356 2867 his
382 2795 568 2870 canonibus
594 2795 881 2898 deprehendimus
908 2812 1019 2894 patres
1046 2793 1265 2866 illiberitanos

144 2906 307 2982 adversus
333 2908 425 3008 leges
452 2939 630 2999 romanas,
659 2939 748 3011 quae
772 2911 917 2985 divortia
944 2910 1076 3010 passim
1103 2908 1265 3008 permitte

143 3018 226 3094 bant
246 3025 342 3119 (72),
371 3026 588 3100 constituisse
614 3027 701 3100 inter
725 3026 927 3099 christianos
953 3024 1122 3097 eiusmodi
1148 3019 1264 3099 vinculi

143 3135 400 3214 dissolutionem
423 3140 515 3216 nullo
533 3169 695 3244 umquam
717 3142 752 3214 in
770 3168 852 3216 casu
872 3141 982 3215 locum
1004 3139 1133 3213 habere
1156 3163 1260 3239 posse.

214 3341 264 3403 (70)
282 3343 358 3393 Paulo
377 3344 448 3395 aliter
472 3345 538 3395 huno
556 3359 675 3397 canonem
693 3349 766 3397 refert
784 3345 851 3396 card.
870 3348 907 3396 De
925 3346 1042 3408 aguirre,
1056 3343 1171 3395 scilicet:
1192 3344 1264 3393 ritem

143 3417 225 3469 fidelis
245 3421 352 3472 foemina
366 3436 429 3486 quae
444 3423 581 3474 adulterum
603 3427 719 3476 maritum
732 3426 857 3488 reliquerit
874 3423 987 3486 fidelem,
1010 3424 1036 3473 et
1055 3423 1177 3474 alterum
1191 3421 1264 3473 ditm·

141 3501 197 3562 rit,
222 3514 271 3551 non
288 3503 358 3565 prins
375 3503 481 3568 accipiat
499 3507 716 3569 communionem,
740 3520 815 3570 quarn
838 3507 858 3556 is
881 3519 956 3570 quem
982 3502 1114 3568 reliquit,
1137 3503 1171 3555 de
1191 3501 1264 3554 eemlt

138 3578 239 3644 exierit,
260 3581 307 3630 niai
334 3584 467 3633 necessitas
487 3584 638 3636 infirmitatis
656 3586 715 3637 dare
742 3585 898 3650 compulerit.
913 3605 925 3629 »a
945 3584 1048 3636 omissis
1070 3584 1148 3636 etiam
1174 3582 1265 3635 runt:

138 3659 316 3724 prohibentur
336 3662 479 3727 traducat,
500 3667 525 3714 et
540 3668 563 3714 st
584 3667 693 3727 nutem,
715 3679 761 3716 nec
779 3680 827 3715 non
841 3665 964 3730 particula
975 3662 1060 3727 sorte.

215 3740 266 3802 (71)
279 3741 351 3805 Apud
374 3741 494 3792 harduin.
515 3746 583 3795 Acta
599 3745 693 3795 coiecit.
716 3749 777 3796 torn.
794 3747 814 3795 1.
829 3744 877 3795 eoi.
892 3752 945 3795 251.
959 3746 985 3794 et
998 3750 1053 3794 258.

212 3819 263 3882 (72)
280 3820 318 3870 ct.
334 3819 381 3870 hoe
397 3820 428 3871 de
441 3825 585 3885 argumento
599 3824 682 3873 Carni.
698 3824 823 3887 sigonium
835 3823 902 3873 libi.
915 3827 953 3874 De
967 3824 1078 3887 antiquo
1091 3823 1153 3873 iure
1164 3832 1264 3873 marinae

93 3901 100 3922 ¹
138 3911 193 3963 etp.
212 3905 236 3950 9.
251 3899 378 3950 Plutarch.
398 3901 424 3951 in
444 3904 594 3967 comparat.
618 3903 723 3954 Romuli
741 3906 766 3953 et
790 3904 896 3964 Thesei,
917 3904 993 3965 atque
1007 3902 1032 3952 in
1053 3901 1190 3954 Problem.
1204 3912 1261 3952 rom.

139 3989 194 4042 cap.
210 3984 248 4029 1³.
261 3981 323 4028 Item
342 3979 391 4030 late
402 3979 434 4030 de
450 3978 563 4031 divortiis
580 3994 609 4031 ex
624 3981 677 4031 iure
693 3995 754 4031 rom.
772 3986 848 4045 agunt
866 3995 891 4045 p.
903 3984 1004 4044 Gregor.
1022 3980 1067 4030 lib.
1079 3982 1123 4030 lx.
1137 3983 1263 4046 Syntnqet.

138 4070 193 4123 cap.
212 4064 247 4109 15.
266 4060 407 4122 Hieronym.
427 4060 621 4124 Magiuslib.11.
638 4061 749 4112 Miscell.
769 4069 806 4112 22.
828 4062 958 4111 Cuiaccius
970 4059 1000 4109 ad
1015 4060 1054 4111 tit.
1072 4062 1103 4111 c.
1119 4059 1153 4112 de
1171 4055 1260 4125 Reped-

139 4139 164 4190 et
175 4139 201 4188 in
213 4139 309 4190 Novati.
326 4147 364 4190 22.
378 4143 406 4190 ut
417 4141 479 4191 alios
494 4142 655 4205 praeteream.
667 4144 730 4192 Sane
750 4142 832 4195 adhuc
843 4145 928 4192 extant
943 4143 972 4192 L.
985 4143 1012 4191 Si
1024 4140 1164 4206 catamiti
1183 4148 1218 4193 tn.
1230 4140 1262 4190 nr

138 4220 196 4270 rttu
213 4223 333 4285 nuptiae.
356 4222 385 4271 L.
405 4223 521 4286 Nuptiae
538 4229 578 4273 ao.
595 4221 621 4272 in
634 4223 737 4287 princip.
753 4227 772 4273 1.
787 4223 915 4288 pennnm.
930 4221 954 4287 ς.
979 4225 1051 4274 Uxor
1068 4221 1097 4273 li.
1112 4222 1200 4274 Sciat.
1215 4231 1262 4272 rto

140 4300 212 4351 titia.
233 4300 261 4352 1¹.
285 4301 352 4353 cent
376 4302 419 4352 etr
433 4307 474 4354 at.
495 4301 523 4354 ii.
546 4301 578 4354 ad
598 4301 704 4355 Trebell.
728 4305 812 4363 Quum
830 4315 889 4355 vern
908 4300 998 4357 mulier
1020 4301 1125 4357 dnm·
1144 4315 1176 4356 er
1194 4310 1259 4355 aut·
