2796 5064
150 372 220 445 ltl
293 392 353 444 ιιι.
375 391 422 443 ιι.
444 391 530 442 sacr.
551 391 682 443 rorans.
704 389 989 442 serumserum.
1007 388 1133 443 samm.

143 541 183 587 en
209 539 249 586 ao
275 511 437 611 petitam,
466 509 557 610 quod
582 509 737 583 Christus
765 536 802 583 se
829 509 1020 609 praebuerit
1044 510 1156 610 Moysi
1182 536 1263 586 con-

144 627 299 713 trarium,
317 624 410 698 illam
423 623 609 699 clausulam
622 624 759 698 omnino
773 625 1035 724 praetermiserit
1047 641 1187 724 occepta
1200 627 1264 726 sor·

142 743 315 814 nicationis
341 765 463 824 causa,·
487 738 535 812 ait
559 738 649 812 enim
668 738 834 812 Marcion:
862 739 960 812 «Sed
978 738 1137 814 Christus
1153 738 1263 815 diror-

147 858 230 930 tium
240 855 400 956 prohibet
412 855 550 950 dicens:
578 854 646 940 Qui
657 854 819 928 dimiserit
831 881 966 928 umorem
977 881 1093 941 suam,
1114 871 1147 929 et
1164 858 1262 929 odam

143 973 293 1057 duacrit,
310 971 510 1044 adulterium
523 972 713 1056 committit,
731 973 791 1070 qui
805 969 975 1044 dimissam
992 973 1098 1045 auria
1114 970 1259 1056 ducent,

55 1078 58 1099 ¹
142 1114 242 1187 aeque
262 1086 392 1160 adulter
404 1101 463 1160 est.
480 1087 613 1187 Moyses
626 1088 699 1162 viro
719 1088 881 1188 permittit
894 1087 1071 1187 repudium
1085 1103 1152 1161 etc.
1173 1090 1261 1184 (1).»

143 1203 346 1301 argumento
373 1201 569 1300 igiturest,
599 1201 748 1274 nondum
773 1216 881 1275 aetate
907 1201 966 1274 illa
990 1201 1138 1298 allegata
1163 1201 1262 1276 verba

142 1317 178 1389 in
197 1317 354 1390 Matthaei
376 1315 551 1414 evangelio
570 1316 716 1413 genuino
738 1315 908 1402 extitisse3
933 1319 967 1387 3.
988 1314 1177 1388 verisimile
1189 1340 1264 1415 pro-

143 1432 222 1506 inde
244 1449 316 1520 est,
345 1431 454 1506 serius
484 1429 586 1504 verba
611 1429 671 1503 illa
696 1458 736 1504 ex
761 1456 837 1529 cap.
862 1432 948 1503 x1x.
977 1434 1012 1501 9.
1042 1431 1204 1505 Matthaei
1227 1432 1261 1503 in

142 1575 216 1649 cap.
237 1549 275 1619 V.
298 1549 357 1619 32.
379 1545 472 1620 illata
494 1546 620 1632 luisse,
642 1563 676 1619 at
696 1572 715 1618 e
737 1547 874 1646 scriptis
896 1563 1049 1646 patrum,
1070 1547 1132 1646 qai
1156 1546 1200 1620 de
1214 1573 1262 1621 se

141 1664 314 1766 paratione
337 1663 518 1760 coniugum
544 1662 579 1733 in
597 1687 699 1736 causa
722 1662 953 1736 fornicationis
973 1679 1138 1760 egerant,
1161 1664 1198 1735 in
1213 1689 1262 1737 co

141 1780 233 1854 dices
258 1777 507 1875 evangeliorum
531 1776 723 1876 irrepsisse.
759 1779 792 1848 l.
823 1777 873 1848 Ex
909 1775 1050 1851 historia
1079 1777 1262 1874 primorum

142 1909 329 1994 temporum
351 1893 477 1992 optima
494 1891 679 1990 explicatur
696 1892 979 1991 confirmaturque
997 1891 1100 1965 huius
1118 1891 1260 1992 interpo-

143 2008 280 2083 lationis
304 2008 411 2104 origo.
433 2006 609 2106 Siquidem
632 2006 732 2104 primi
754 2006 866 2078 iudaei
892 2005 935 2078 ad
961 2004 1160 2102 religionem
1179 2007 1261 2081 chri·

141 2125 286 2198 stianam
306 2123 479 2210 conversi,
502 2149 577 2196 cum
596 2137 695 2196 antea
715 2148 735 2194 e
753 2122 826 2219 lege
843 2121 945 2196 Masis
964 2121 1108 2195 divortia
1125 2123 1165 2194 in
1182 2149 1260 2198 casu

142 2238 376 2313 fornicationis
401 2238 571 2336 permissa
587 2237 726 2325 luerint,
751 2263 877 2311 merem
898 2236 989 2313 hunc
1006 2264 1047 2312 ac
1064 2239 1260 2338 permissio-

142 2381 219 2429 nem
238 2355 273 2426 in
297 2379 383 2429 nova
400 2354 500 2428 etiam
519 2353 616 2452 lege,
642 2370 838 2450 argumento
856 2353 900 2425 ab
917 2352 1069 2454 apostolo
1087 2355 1195 2429 Paulo
1212 2381 1260 2430 se·

141 2470 346 2569 parationem
371 2470 566 2544 admittente
593 2471 713 2569 petito,
742 2471 1006 2544 conservandam
1029 2496 1108 2544 esse
1135 2471 1259 2546 iudica-

142 2602 243 2674 runt,
264 2602 366 2686 atque
390 2613 429 2660 ex
448 2585 620 2659 Clemente
636 2584 855 2658 alexandrino
873 2589 1092 2682 acceptionem
1111 2589 1147 2659 ia
1167 2614 1258 2661 causa

140 2702 311 2787 adulterii,
340 2704 375 2775 in
402 2703 475 2776 loca
499 2700 664 2798 evangelii
683 2701 800 2773 Matth.
821 2702 858 2772 V.
887 2717 919 2774 et
939 2701 1025 2773 XIX.
1056 2702 1255 2790 intulerunt,

140 2835 177 2891 ut
194 2817 244 2891 sic
262 2843 302 2889 en
320 2816 406 2916 ipsis
425 2817 502 2889 lesu
526 2814 635 2888 effatis
658 2814 838 2913 probarent
862 2816 1097 2890 dimissionem
1124 2844 1257 2893 unorum

140 2934 177 3005 in
201 2957 284 3006 casu
308 2931 541 3006 fornicationis
566 2928 692 3003 licitam
714 2956 790 3004 assa
813 2932 876 3026 (2).

213 3048 310 3135 Quod
336 3073 415 3122 vero
440 3047 556 3119 attinet
582 3047 625 3118 ad
652 3045 760 3119 locum
785 3046 901 3120 Matth.
923 3048 1009 3118 xlx.
1036 3051 1071 3119 9.
1101 3067 1184 3124 sunt
1206 3047 1256 3150 qui

140 3164 349 3248 existiment,
373 3163 539 3259 integmm
563 3162 627 3234 hoc
649 3186 780 3234 comma
802 3161 954 3260 spurium
981 3188 1074 3248 esse;
1106 3161 1167 3236 alii
1187 3188 1257 3238 nem

140 3293 279 3352 censent
309 3277 541 3351 tantummodo
576 3277 682 3348 luisse
713 3276 960 3376 interpolatum.
999 3279 1090 3350 lnter
1121 3304 1181 3354 ees
1207 3278 1257 3379 qui

140 3391 250 3467 aliena
275 3417 377 3464 manu
407 3389 535 3463 inserta
553 3389 756 3463 arbitrantur
776 3416 818 3463 ea
841 3391 960 3477 verba,
984 3416 1072 3491 quae
1093 3394 1138 3466 ad
1162 3393 1257 3469 iorni·

139 3506 304 3582 eationem
321 3506 525 3594 reseruntur,
546 3506 669 3578 eminet
688 3507 880 3580 Leonardus
898 3507 974 3604 Hug
991 3507 1072 3580 olim
1092 3509 1257 3607 professor

140 3621 374 3718 Friburgensis
394 3621 429 3693 iu
446 3622 616 3720 Bisgouia.
646 3621 708 3694 His
734 3648 833 3723 porro
859 3623 1067 3719 argumentis
1089 3639 1254 3698 moretur:

141 3738 175 3808 1.
197 3737 311 3835 plures
337 3754 415 3810 sunt
437 3738 606 3812 variantes
633 3737 812 3823 lectiones,
833 3763 921 3835 quae
948 3737 982 3807 in
1009 3737 1074 3810 hoc
1096 3738 1255 3813 versiculo

139 3855 174 3924 in
205 3853 355 3953 antiquis
373 3853 547 3926 codicibus
573 3851 702 3951 passim
720 3869 899 3924 occurrunt
922 3856 985 3949 (3).
1010 3854 1044 3924 2.
1075 3854 1255 3955 Supersunt

216 4028 252 4092 (ι)
267 4028 323 4080 Lib.
336 4031 382 4079 lv.
399 4031 473 4080 cont.
488 4031 616 4081 Marcion.
630 4042 652 4079 c.
668 4032 705 4080 st.
719 4029 758 4079 od.
771 4029 864 4092 Rigalt.

217 4110 252 4172 tt)
268 4111 305 4160 lta
321 4110 424 4172 lagerln
442 4123 483 4173 op.
504 4122 580 4172 germ.
601 4111 776 4171 Inumtmetto
797 4112 825 4159 ta
845 4112 1040 4173 quamltonem,
1060 4112 1160 4161 utrum
1177 4109 1252 4161 auor

138 4193 205 4241 ttum
221 4191 302 4240 lueto
317 4187 467 4240 doctrinam
477 4192 664 4254 scriptumest
675 4191 889 4253 anttqmsa'mum
902 4189 1041 4240 tutonem
1059 4190 1252 4243 coelestrum

139 4269 248 4319 trrltum
258 4270 294 4318 stt
310 4281 357 4319 nec
373 4281 413 4321 nc.
434 4269 567 4320 aranstedt
580 4270 605 4320 et
620 4268 768 4319 Rudolstsdt
781 4273 849 4320 teet.

218 4349 253 4412 (t)
268 4346 359 4401 scriblt
369 4349 433 4400 enlm
444 4349 469 4401 ln
481 4348 523 4400 clt.
537 4351 709 4400 commentat.
722 4350 856 4412 excreare
866 4349 899 4400 dc
912 4352 1029 4414 roumalt
1040 4349 1143 4403 comat.
1157 4342 1250 4403 emeth
