2796 5064
247 401 540 456 autuonsomo
559 402 649 452 rmn.
672 401 733 451 cm.
752 401 862 451 ruorss.
881 402 974 451 ιιιιιι.
991 401 1060 451 ιιι.
1074 403 1097 450 ι.
1169 380 1234 449 291

125 521 343 622 quaestione,
364 546 452 618 quae
477 535 556 592 tuno
576 519 735 617 temporis
761 518 907 591 nondum
936 535 1007 590 erat
1032 517 1160 617 liquido
1186 519 1239 589 di-

125 651 278 735 sceptata
304 637 421 731 (97).»
449 632 514 705 dlii
539 658 618 706 vero
644 633 678 704 id
702 632 913 717 inficiantur,
947 648 1047 730 atquc
1073 647 1109 703 ut
1139 631 1238 704 nobis

124 751 276 837 videtur,
306 750 404 847 longe
428 749 661 823 verisimilius.

195 868 235 937 ln
264 866 351 939 hanc
375 881 486 938 autem
512 864 710 938 sententiam
736 863 936 936 adducimur
963 865 996 934 l.
1018 889 1058 935 ex
1084 863 1239 962 eoquod

125 1008 187 1056 non
208 980 367 1055 videatur
383 979 556 1079 probabile
573 1005 670 1066 eum,
691 978 749 1077 qui
767 977 855 1051 clare
874 976 957 1050 adeo
980 977 1013 1048 in
1036 977 1153 1050 eodem
1170 1003 1242 1049 ora-

124 1096 226 1170 tionis
252 1110 417 1169 contextu·
435 1093 606 1192 professus
626 1108 678 1166 est
702 1092 856 1191 aequalia
882 1092 956 1163 iura
980 1091 1092 1165 inesse
1109 1092 1192 1164 viris
1209 1107 1242 1163 et

125 1210 325 1285 mulieribus
355 1211 390 1281 in
421 1208 633 1282 matrimonio
667 1209 758 1280 iuxta
788 1207 997 1303 evangelium
1031 1233 1091 1279 seu
1115 1207 1239 1280 Christi

125 1326 235 1426 ipsius
248 1324 365 1412 verba,
381 1324 504 1397 deinde
518 1323 659 1424 probare
674 1323 822 1396 voluisse
834 1322 1123 1408 consuetudinem,
1140 1349 1240 1422 quam

125 1441 165 1514 ab
178 1439 358 1537 euangelio
375 1439 587 1540 discrepare,
609 1439 676 1512 imo
693 1452 817 1511 etcum
835 1438 909 1536 ipso
929 1464 1077 1537 pugnare
1095 1438 1237 1522 latetur;

127 1557 157 1629 Ι.
186 1582 230 1629 ex
250 1553 399 1654 eoquod
419 1569 532 1654 aperte
544 1554 744 1627 contrariam
757 1553 881 1653 pariter
892 1552 1077 1625 doctrinam
1101 1579 1131 1625 s.
1148 1554 1244 1625 Pater

125 1669 301 1770 professus
324 1668 422 1741 luerit
446 1669 481 1740 in
507 1670 588 1766 ueg.
609 1668 805 1754 Llllllllll.,
826 1693 946 1768 nempe
963 1667 1032 1741 lore
1049 1667 1239 1752 adultems,

125 1784 204 1883 qui,
233 1782 377 1856 dimisso
401 1783 559 1855 alterutro
584 1782 747 1878 coniuge,
776 1807 883 1881 eoque
906 1782 1057 1867 vivente,
1086 1781 1129 1853 ad
1156 1781 1241 1854 alias

127 1899 262 1999 nuptias
288 1899 489 1986 transirent,
511 1897 603 1972 nullo
629 1898 827 1995 interposito
853 1897 953 1996 plane
978 1896 1174 1993 discrimine
1191 1897 1243 1968 in-

127 2032 173 2088 ter
196 2015 310 2088 uirum
335 2031 368 2087 et
391 2014 589 2100 mulierem;
627 2013 824 2087 incredibile
850 2039 950 2111 porro
975 2013 1108 2086 videtur
1132 2013 1242 2112 ipsum

126 2127 167 2202 ab
192 2129 261 2203 hoc
287 2129 452 2229 principio
469 2129 626 2202 recedere
641 2128 810 2216 voluisse,
840 2145 876 2202 ut
901 2128 1137 2203 consuetudini
1155 2129 1245 2201 fave

127 2261 196 2330 ret3
228 2245 262 2315 3.
288 2269 329 2315 ex
354 2269 394 2316 eo
420 2244 509 2342 quod
532 2269 599 2316 non
624 2243 779 2343 loquatur
803 2269 833 2316 s.
859 2243 1007 2317 Basilius
1033 2243 1076 2315 de
1104 2268 1246 2317 eonsue-

129 2358 246 2431 tudine
268 2359 501 2443 ecclesiastico,
525 2359 584 2432 sed
602 2359 645 2431 de
661 2385 724 2431 usu
747 2361 889 2457 sorensi,
912 2359 1003 2432 iuxta
1025 2358 1116 2456 leges
1137 2359 1245 2432 editas

127 2472 380 2547 aGonstantino
397 2475 457 2559 ll.,
478 2474 604 2573 quihus
627 2473 704 2546 licet
721 2473 777 2546 hio
802 2474 1054 2572 imperatorius
1073 2500 1245 2546 romanum

128 2584 190 2660 bac
208 2586 244 2657 in
263 2612 300 2658 re
317 2613 383 2660 non
402 2614 522 2687 parum
549 2586 752 2674 emendarit,
774 2602 919 2661 attamen
938 2589 972 2659 in
990 2613 1095 2661 causa
1112 2587 1245 2661 divortii

127 2702 239 2775 adhuc
266 2701 343 2801 plus
368 2703 450 2777 lavit
473 2704 556 2777 viris
581 2730 683 2803 quam
717 2703 914 2776 mulieribus
947 2706 1036 2799 (98).
1075 2704 1143 2775 lam
1169 2728 1247 2775 vero

127 2842 156 2890 s.
185 2816 350 2889 Basilium
376 2817 467 2915 leges
494 2819 661 2892 eiusmodi
688 2819 855 2891 humanas
875 2819 1091 2892 adversantes
1110 2817 1174 2915 legi
1200 2816 1247 2888 di·

126 2930 228 3004 vinae
254 2931 391 3004 minime
417 2931 580 3031 probasse
605 2932 810 3031 exploratum
832 2948 896 3006 est.
922 2932 1018 3017 Quod
1036 2932 1066 3004 si
1085 2931 1179 3004 visus
1196 2949 1249 3004 est

126 3043 364 3142 quadantenus
390 3045 470 3118 huic
498 3045 734 3119 consuetudini
758 3046 892 3132 lavere,
928 3046 1094 3143 veniaque
1126 3044 1247 3143 dignos

126 3184 267 3232 censere
288 3160 398 3248 viros,
419 3161 477 3260 qui
504 3160 547 3233 ab
569 3186 673 3235 uxore
694 3161 799 3234 relicti
827 3187 931 3234 novas
958 3161 1075 3234 ineunt
1091 3160 1245 3261 nuptias,

129 3273 235 3372 repeti
255 3274 290 3344 id
312 3274 411 3346 debet
436 3302 477 3348 ex
502 3275 689 3350 rationibus
715 3277 972 3373 congruentiae,
997 3275 1121 3374 quibus
1146 3274 1249 3348 coho-

128 3403 263 3460 nestare
288 3387 403 3488 aliquo
430 3390 529 3464 modo
559 3391 654 3464 nisus
685 3407 738 3465 est
762 3390 1039 3465 consuetudinem
1069 3417 1129 3490 per
1156 3389 1248 3487 leges

127 3502 247 3576 civiles
273 3504 456 3578 inductam.
485 3506 572 3579 Sane
592 3505 727 3602 gravior
743 3523 797 3579 est
814 3506 848 3578 in
868 3508 940 3605 pari
964 3533 1045 3581 casu
1063 3505 1164 3605 culpa
1181 3531 1251 3578 mu·

203 3712 255 3773 (97)
272 3714 330 3761 Loc.
347 3711 390 3761 cit.

198 3792 252 3853 (aa)
268 3789 313 3839 nt.
335 3791 462 3841 Maurtnus
477 3792 503 3841 tn
514 3793 571 3842 nota
587 3792 618 3842 ad
634 3807 688 3843 can.
704 3797 745 3843 tx.
760 3793 818 3843 traec
835 3794 922 3844 habet:
943 3814 954 3836 a
964 3793 1082 3856 Sequitur
1099 3793 1123 3842 in
1145 3793 1191 3841 hoo
1212 3805 1249 3841 oa·

128 3882 193 3919 noue
213 3868 319 3918 Basilius
339 3882 451 3920 romanas
470 3871 547 3932 teges,
569 3885 631 3933 quas
654 3875 736 3921 tamen
757 3873 847 3922 tutetur
867 3886 924 3922 cum
947 3871 1076 3935 euangelio
1099 3871 1180 3920 minus
1197 3883 1250 3919 con·

127 3949 228 4000 antire.
246 3951 294 3999 ber
310 3949 464 3999 Constantini
484 3950 553 4000 iubet
573 3954 601 4000 tn
621 3951 732 4015 repudio
749 3951 877 4002 mittendo
894 3965 912 4001 o
922 3951 1045 4013 fueritne
1062 3950 1126 4001 hoec
1138 3950 1196 3999 sola
1206 3951 1253 3998 crt-

127 4032 203 4080 ma
222 4031 343 4092 tnqutn,
364 4031 388 4080 st
411 4029 593 4091 tomtctdum,
618 4031 661 4081 oet
682 4031 963 4092 matemautensem,
989 4016 1031 4101 uc'l
1053 4028 1253 4093 sepulchrorum

128 4108 316 4160 dissolutorem
329 4111 459 4160 moritum
478 4123 559 4160 suum
578 4122 632 4160 esse
650 4110 812 4175 probauerit.
835 4113 867 4161 ut
885 4111 971 4162 eadem
994 4106 1047 4173 lege
1064 4111 1125 4158 uris
1142 4107 1252 4158 concedi·

128 4191 184 4251 tur,
206 4190 237 4239 ut
254 4188 381 4239 adulteram
398 4203 487 4241 uxores
509 4189 643 4240 dimittant.
658 4210 671 4233 »
688 4193 751 4242 sene
766 4191 879 4255 nuspiam
896 4192 993 4241 constat
1011 4187 1131 4239 eiusmodi
1152 4199 1252 4237 consue·

125 4267 255 4331 utinen,
270 4266 303 4318 de
313 4282 364 4330 qna
377 4269 418 4320 tic
429 4272 466 4319 est
479 4282 576 4333 sermo,
593 4270 620 4318 in
636 4270 740 4321 ccclesia
754 4270 869 4335 viguisse.
885 4269 985 4320 Nullum
999 4269 1174 4318 documentum
1187 4265 1253 4316 itlius

128 4349 216 4400 mus
230 4348 263 4400 de
278 4348 400 4399 eiusmodi
418 4349 594 4401 consuetudine
605 4350 721 4415 suppetit.
1136 4424 1157 4470 ἡ
