2796 5064
263 374 334 427 mr.
347 372 385 427 ιι.
403 374 442 426 nn
468 372 646 426 ronroaun
663 372 860 426 successus.
876 373 948 426 ιιι.
964 375 988 426 ι.
1129 353 1173 428 81

64 496 188 597 nuptiis
200 510 283 571 sunt
295 494 472 595 procreati.
489 493 664 582 fleternam,
681 508 719 567 ut
730 491 898 583 diximus,
917 519 976 569 eas
990 519 1176 596 numquam

63 613 92 686 in
111 638 151 688 se
177 628 213 686 et
235 610 389 686 absolute
414 608 567 685 Ecclesia
594 610 798 710 improbarit
824 611 913 705 (23).

127 727 173 800 Et
200 726 285 801 haec
308 725 447 826 quidem
470 724 514 799 de
538 724 710 799 Ecclesiae
736 725 914 825 utriusque
937 726 1112 800 orientalis
1143 742 1178 802 et

59 841 278 916 occidentalis
305 867 411 916 sensu
444 866 485 916 ao
519 816 634 915 mente
662 841 793 914 dixisse
829 841 998 916 sulfioiat:
1026 859 1061 917 at
1085 843 1177 943 quod

58 959 174 1032 attinet
200 957 245 1030 ad
267 957 416 1058 privatos
436 957 604 1056 quosdam
629 957 812 1056 scriptores
833 974 892 1030 aut
915 957 1016 1030 etiam
1042 974 1174 1058 patres,

58 1073 229 1146 latendum
247 1089 300 1146 est
315 1071 497 1146 nonnullos
511 1071 575 1147 hae
595 1071 630 1146 in
650 1099 685 1146 re
701 1072 838 1146 modum
851 1074 1040 1148 excessisse
1056 1100 1098 1148 ao
1114 1075 1179 1150 du·

58 1187 126 1262 rius
152 1188 285 1262 locutos
305 1213 395 1262 esse.
447 1253 452 1262 .

125 1304 177 1378 Ne
202 1317 314 1378 tamen
338 1329 398 1377 eos
423 1303 499 1377 sine
522 1303 676 1377 examine
701 1329 743 1377 ex
771 1305 942 1379 communi
968 1306 1177 1406 praeiudicio

57 1420 271 1506 damnemus,
286 1433 436 1520 praestat
446 1443 563 1493 eorum
576 1418 679 1493 ellata
691 1419 911 1520 perpendere:
929 1420 1074 1495 sortasse
1085 1422 1176 1495 enim

59 1536 100 1610 ita
127 1534 273 1608 emolliri
291 1549 437 1634 possunt
452 1561 493 1609 ac
511 1532 647 1623 debent,
662 1551 701 1608 ut
718 1533 796 1608 licet
808 1535 917 1634 prima
931 1535 1038 1609 lronte
1056 1535 1100 1609 ab
1117 1536 1178 1609 llo·

55 1651 179 1725 clesiae
209 1675 313 1724 sensu
342 1649 537 1724 discordare
557 1649 753 1738 videantur,
775 1651 923 1751 penitius
950 1651 1103 1752 inspecta
1121 1677 1179 1726 oa-

58 1765 221 1842 tholicnm
239 1791 378 1841 sensum
398 1765 555 1840 lundunt.

127 1882 243 1957 Primo
266 1881 382 1983 itaque
402 1881 635 1981 Athenagoras
653 1908 825 1984 exponens
850 1899 1000 1958 veterum
1022 1885 1180 1958 christia·

58 2025 174 2073 norum
203 2024 314 2073 mores
337 2000 712 2085 «denumerationem
734 2000 913 2098 desotplino
929 2001 1099 2074 actionum
1125 2027 1178 2075 res

57 2130 205 2203 nostrae,
234 2115 366 2216 inquit,
395 2116 627 2204 eontinentur,
646 2131 685 2189 ut
702 2115 850 2216 quisque
867 2115 920 2191 vel
946 2116 1058 2216 qualis
1078 2133 1178 2191 natus

55 2248 121 2318 cst,
143 2247 297 2320 maneat,
312 2231 366 2306 rel
384 2231 495 2306 unicis
508 2231 544 2305 in
566 2232 707 2331 nuptiis.
729 2232 905 2306 Secundae
924 2233 1014 2307 enim
1029 2233 1180 2306 meorum
1260 2271 1261 2276 ι

55 2346 301 2420 adulterium...
314 2345 380 2434 Qui
400 2374 437 2421 se
450 2348 524 2447 ipse
541 2347 651 2449 prima
665 2373 769 2421 uxore
782 2345 927 2446 spoliat,
943 2347 1076 2421 etiamsi
1091 2375 1180 2422 mor-

55 2463 190 2551 tonuit,
207 2462 340 2538 occulta
355 2462 503 2563 quadam
521 2463 650 2536 ratione
668 2479 721 2536 est
736 2463 887 2551 adulter;
906 2480 979 2556 tum
997 2464 1089 2564 quod
1107 2491 1180 2538 ma-

57 2606 137 2654 num
156 2578 220 2652 Ilei
243 2578 511 2677 transgrediatur
530 2582 630 2675 (nam
655 2578 751 2652 initio
768 2579 859 2652 Deus
885 2606 990 2652 unum
1007 2579 1179 2654 hominem

57 2695 153 2769 linxit
170 2720 212 2768 ac
229 2721 334 2768 unam
347 2693 542 2789 mulierem)
558 2729 569 2782 ,Δ
584 2709 655 2767 tum
669 2693 760 2794 quod
774 2695 887 2769 carnis
900 2719 977 2768 oum
990 2721 1092 2768 carne
1104 2721 1180 2769 oon·

56 2810 262 2886 iunctionem
280 2809 427 2911 quodam
439 2809 543 2884 veluti
559 2809 695 2884 vinculo
708 2809 753 2883 ad
765 2808 1052 2883 commiscendum
1071 2837 1178 2908 genus

55 2926 250 3026 colligatam
265 2924 430 3001 dissolvat
452 2928 567 3022 (24).»
583 2923 750 2999 Nonnulla
768 2941 878 2998 tamen
896 2924 932 2997 in
950 2924 1043 2998 huno
1067 2925 1179 2999 locum

56 3039 357 3115 animadvertenda
370 3055 462 3127 sunt,
473 3041 558 3112 ael.
571 3039 662 3139 quod
675 3038 907 3146 Athenagoras
919 3038 1077 3140 loquatur
1088 3039 1181 3114 iuxta

55 3182 267 3233 communem
285 3183 327 3230 ac
343 3171 512 3256 receptam
531 3157 661 3255 passim
681 3171 761 3229 tunc
778 3155 940 3254 temporis
958 3154 1178 3256 disciplinam

56 3273 146 3346 iuxta
165 3298 270 3373 quam
288 3268 457 3345 secundae
478 3270 619 3371 nuptiae
642 3270 719 3357 vix,
737 3285 796 3343 aut
816 3296 891 3343 raro
914 3268 1176 3370 frequentaban-

56 3404 106 3461 tur
118 3388 166 3474 ob
179 3413 340 3485 magnum
357 3386 501 3486 pretium
514 3386 549 3458 in
565 3412 633 3486 quo
658 3384 869 3483 monogamia
883 3385 1082 3474 habebatur,
1093 3386 1179 3460 adeo

56 3518 88 3576 ut
112 3502 286 3577 secundae
305 3501 445 3601 nuptiae
464 3500 612 3601 quodam
630 3501 796 3574 dedecore
813 3515 948 3573 notatae
964 3499 1174 3588 viderentur;

59 3619 87 3691 2.
113 3617 208 3718 quod
235 3642 303 3690 non
326 3615 480 3690 absolute
504 3615 673 3688 secundas
700 3614 837 3714 nuptias
858 3630 954 3688 uocet
974 3613 1177 3685 adulterium

60 3734 115 3808 sed
129 3760 191 3807 eas
209 3732 356 3833 quodum
372 3746 636 3831 temperamento
654 3730 698 3804 ob
715 3730 899 3831 quamdam
913 3756 989 3803 oum
1013 3728 1179 3805 adulterio

59 3847 325 3934 similitudinem,
344 3847 436 3921 dieat
456 3846 824 3919 decorumetoccultum
849 3844 1062 3918 adulterium.
1080 3842 1179 3930 Quod

60 3963 86 4035 si
109 3964 341 4038 existimasset
365 3962 533 4037 secundas
560 3963 696 4062 nuptias
722 3988 800 4036 vere
817 3960 955 4048 vetitas,
975 3985 1034 4034 eas
1060 3985 1179 4059 presse

61 4078 259 4153 adulterium
272 4078 427 4166 dixisset,
444 4077 597 4178 illudque
614 4077 800 4150 indecorum
814 4102 967 4177 prorsus,
984 4101 1024 4148 ac
1041 4073 1178 4172 monife·

127 4269 178 4333 (ιι)
194 4269 233 4320 cl.
245 4268 364 4320 chardon
382 4271 452 4320 lust.
463 4267 509 4320 des
518 4269 628 4320 sunem
642 4269 703 4319 tour.
717 4271 760 4319 vl.
781 4271 823 4320 Du
836 4270 954 4330 Morum
972 4266 1012 4317 ch.
1022 4268 1065 4316 lv.
1080 4264 1128 4315 art.
1146 4269 1167 4314 1.

131 4352 183 4416 (ιι)
200 4353 229 4402 ln
248 4349 332 4414 lant.
350 4363 395 4414 pro
406 4349 498 4402 christ
510 4361 534 4400 n.
549 4357 586 4403 ιι.
600 4349 659 4402 edit.
672 4350 765 4402 Meron.
