2796 5064
252 374 321 425 car.
339 328 387 425 ni.
399 373 440 423 on
452 372 564 423 omne.
582 373 673 422 vaaxr
688 373 724 421 rr
738 371 809 422 ern.
824 371 968 423 rmnnnr.
986 371 1057 423 aar.
1079 371 1113 422 rr.
1179 347 1243 418 att

127 490 266 566 stolicae
278 491 451 566 doctrinae
462 490 665 563 contrariam
679 489 837 566 traduxit.
857 490 918 563 Ast
930 514 1006 562 cum
1024 489 1134 585 graeci
1153 514 1252 561 num·

126 633 230 706 quam
253 605 321 679 hac
337 605 381 678 de
397 631 501 678 causa
518 604 695 678 ecclesiam
725 630 896 677 romanam
916 604 1040 677 erroris
1058 603 1247 699 arguerint,

126 721 286 820 propriae
303 718 559 793 consuetudinis
577 717 738 805 contenti,
758 717 884 790 ideirco
902 717 1080 791 concilium
1098 743 1157 791 cos
1170 743 1253 790 ana-

126 835 276 909 themate
306 861 374 908 non
403 834 571 934 perculit,
606 848 703 932 prout
733 834 876 932 perculit
917 848 1105 907 novatores.
1144 831 1253 931 Atque

126 949 250 1024 exinde
274 949 440 1024 discimus
468 949 650 1023 discrimen
677 949 768 1048 quod
795 948 971 1022 intercedit
996 948 1082 1022 inter
1110 947 1251 1046 primam

126 1083 158 1139 et
183 1064 371 1139 secundam
400 1064 502 1139 huius
528 1064 670 1138 canonis
696 1064 861 1150 sormam;
890 1064 980 1163 quod
1008 1061 1137 1136 scilicet
1161 1063 1253 1161 prior

127 1206 194 1254 non
221 1179 333 1253 solum
364 1196 558 1266 novatores,
589 1178 649 1254 sed
674 1205 813 1277 graecos
831 1179 931 1252 etiam
950 1178 1253 1276 anathemateper-

127 1298 289 1384 culisset‚
318 1297 486 1396 posterior
512 1324 591 1371 vero
618 1314 793 1372 novatores
817 1311 945 1370 tantum
970 1294 1107 1382 affecit,
1134 1295 1252 1367 eadem

128 1415 163 1485 in
185 1429 257 1486 tuto
276 1430 495 1513 permanente
510 1413 675 1488 ecclesiae
693 1412 857 1487 doctrina.
879 1412 997 1485 Mirum
1017 1411 1159 1510 proinde
1176 1437 1253 1485 esse

128 1528 229 1603 debet
254 1529 394 1602 Paulum
416 1529 572 1629 Sarpium
591 1529 734 1629 eiusque
751 1527 900 1602 asseclas
917 1527 1099 1602 discrimen
1117 1526 1182 1600 hoc
1205 1526 1254 1598 in-

132 1660 184 1717 ter
208 1659 389 1743 utrumque
413 1643 553 1718 canonis
573 1643 744 1742 exemplar
768 1670 836 1717 non
861 1642 1002 1718 vidisse.

203 1757 299 1844 Quae
311 1785 388 1832 cam
402 1758 450 1834 ita
466 1759 555 1846 sint,
574 1775 665 1858 patet
682 1785 748 1832 non
767 1758 875 1832 solum
893 1784 1053 1832 canonem
1072 1757 1163 1830 hunc
1175 1783 1253 1831 esse

128 1874 384 1971 dogmaticum,
416 1889 583 1975 quatenus
616 1872 886 1946 infallibilitatem
912 1871 1075 1947 ecclesiae
1101 1871 1252 1946 docentis

129 1988 299 2074 adstruit,
321 1988 381 2062 sed
399 2004 569 2088 praeterea
594 1989 695 2062 etiam
717 1987 941 2086 dogmaticum
963 2013 1060 2074 esse,
1086 2003 1252 2086 quatenus

130 2130 192 2202 pro
213 2103 344 2178 obiecto
369 2102 472 2178 habet
493 2103 678 2178 doctrinam
704 2102 931 2201 evangelicam
958 2120 991 2176 et
1016 2102 1248 2202 apostolicam.

205 2218 416 2319 Quapropter
440 2246 461 2293 a
486 2245 565 2294 vero
587 2219 751 2293 abludunt
768 2234 933 2320 quotquot
952 2247 990 2293 ex
1009 2245 1096 2294 nova
1112 2220 1253 2294 canonis

130 2335 281 2408 lormaa
308 2333 499 2408 tridentinis
525 2335 678 2434 patribus
704 2335 863 2434 adoptata
885 2335 1068 2409 intnlemnt
1087 2351 1153 2408 aut,
1171 2334 1252 2408 inle-

132 2466 211 2523 runt
235 2475 397 2524 canonem
422 2450 512 2523 hunc
528 2450 598 2521 llll.
616 2477 707 2524 mere
724 2450 977 2551 disciplinarem
1000 2473 1093 2534 esse,
1115 2451 1252 2523 minime

131 2591 211 2639 vero
235 2564 459 2662 dogmaticum
478 2592 517 2640 ac
534 2564 764 2638 doctrinalem.
787 2566 837 2637 Ad
855 2566 943 2638 hanc
961 2564 1159 2637 sententiam
1178 2581 1255 2664 post

133 2680 274 2753 Paulum
300 2680 476 2779 Sarpium‚
509 2681 699 2767 launoius,
725 2681 850 2780 aliique
876 2680 1076 2755 recentiores
1095 2679 1252 2753 neoterici

132 2795 252 2869 maiori
271 2812 329 2868 aut
345 2795 465 2869 minori
480 2799 662 2869 temeritate
682 2822 742 2895 pro
762 2795 889 2869 ratione
906 2796 1040 2869 diversa
1058 2821 1158 2893 quam
1173 2820 1253 2867 con-

132 2911 255 2986 sectati
280 2928 359 2985 sunt
384 2909 418 2983 in
444 2910 508 2986 hoe
533 2938 661 2986 canone
680 2910 920 3012 expendendo,
949 2899 1177 2984 accesserunt.

207 3026 346 3127 Sarpins
363 3026 500 3125 quidem
519 3053 595 3100 curn
615 3026 784 3100 retulisset
803 3026 983 3100 nonnullos
999 3041 1110 3124 patres
1125 3024 1158 3096 in
1173 3050 1254 3098 con-

134 3143 237 3216 traria
264 3142 370 3215 luisse
391 3144 575 3227 sententia,
599 3142 722 3216 adiecit
738 3142 870 3241 concipi
892 3167 1029 3241 prorsus
1047 3167 1113 3214 non
1134 3166 1250 3239 posse,

132 3284 282 3358 quanam
306 3257 434 3331 ratione
451 3257 593 3331 ccclesia
611 3258 792 3330 anathema
812 3257 933 3329 minari
953 3255 1097 3357 potuerit
1114 3255 1173 3342 iis,
1194 3255 1252 3356 qui

134 3374 247 3473 ipsius
272 3373 457 3446 doctrinam
483 3374 605 3447 erroris
634 3373 857 3457 insimulant,
887 3372 969 3471 quin
995 3370 1097 3444 simul
1123 3371 1255 3470 opinio-

134 3516 213 3562 nem
238 3489 320 3562 huic
343 3489 506 3562 ccclesiae
526 3489 699 3562 doctrinae
723 3489 898 3561 adversam
926 3504 962 3560 ut
982 3513 1154 3589 erroneam
1176 3513 1256 3560 con-

134 3603 330 3690 demnaret3
346 3603 436 3701 quod
450 3628 526 3675 oum
540 3603 682 3675 ecclesia
697 3629 763 3676 non
778 3602 907 3687 lecerit,
926 3601 985 3674 sed
1007 3601 1253 3675 observantiam

134 3744 334 3816 graecorum
354 3718 442 3791 ultro
455 3718 730 3806 dissimulaverit,
746 3719 875 3817 absque
896 3718 1118 3790 haesitatione
1140 3732 1255 3789 tenen-

132 3835 218 3908 dum
244 3833 432 3920 concludit,
465 3861 592 3907 canone
622 3835 800 3908 tridentino
830 3860 1043 3933 nequaquam
1069 3831 1254 3904 doctrinam

131 3948 309 4021 enunciari
327 3950 415 4043 (33).
433 3946 593 4046 Apostata
607 3949 831 4048 Couraycrius
846 3948 1005 4022 historiae
1018 3946 1167 4020 eiusdem
1182 3947 1255 4016 Sar-

132 4064 182 4163 pii
210 4063 246 4135 in
267 4062 422 4161 gallicam
441 4063 589 4162 linguam
610 4065 788 4138 translator
805 4083 838 4138 et
856 4063 1043 4165 postillator
1059 4061 1123 4135 sub
1141 4061 1254 4161 speeie

131 4177 315 4251 solutionis
340 4179 514 4252 cniusdam
533 4178 664 4252 dandae
684 4178 727 4251 ad
750 4178 837 4251 hanc
857 4178 1088 4251 difficultatem
1111 4178 1255 4250 allirma·

211 4331 263 4392 (ss)
279 4329 350 4393 Apud
367 4330 459 4380 Pallav.
474 4331 520 4381 loc.
534 4331 576 4380 cit.
