2796 5064
180 391 256 442 ear.
274 392 311 444 ιι.
327 392 368 443 ιι
385 391 497 445 maru.
515 393 609 444 ιιιιιι.
628 394 661 444 ιιι
679 393 768 444 caus.
786 393 898 444 anum.
912 394 984 445 ιιιι.
1000 395 1023 447 ιι
1108 374 1177 446 189

70 509 171 584 cordis
198 510 363 584 duritiam
388 513 575 611 permisso,
604 512 726 586 adiecit
749 511 922 586 Christus:
951 513 1047 612 «Epo
1073 530 1181 587 notem

68 625 129 698 dr'co
154 625 270 710 nobee,
295 628 376 727 quia
397 628 603 728 quicumque
627 643 691 701 etc.
708 655 894 728 ;»quorum
918 628 1094 703 verborum
1120 629 1181 704 ob-

66 741 135 815 rius
149 767 279 815 sensus
296 757 363 831 est,
380 769 446 816 non
462 743 562 818 licere
574 743 736 843 deinceps
755 744 847 816 iuxta
864 743 1050 816 doctrinam
1068 770 1177 833 suam,

67 855 153 954 quod
180 872 284 928 antea
309 857 510 956 permissum
537 873 625 945 erat,
646 857 824 956 repudiare
849 858 915 930 iam
940 857 1074 931 ductam
1099 886 1182 934 uxo·

67 996 130 1042 rem
157 969 203 1043 ad
230 969 332 1044 aliam
357 971 546 1045 ducendam
572 972 664 1045 iuxta
692 972 875 1045 mosaicum
903 971 1083 1045 indultum.
1110 973 1182 1048 lloc

65 1103 173 1158 autem
191 1112 393 1160 eoncessum
414 1104 486 1161 erat
509 1104 644 1188 propter
667 1114 723 1176 ea,
744 1114 842 1188 quae,
865 1086 947 1160 inito
973 1078 1038 1161 iam
1066 1089 1182 1163 coniu-

65 1200 133 1297 gio,
164 1199 211 1273 ab
232 1227 335 1275 uxore
361 1200 634 1276 admittebantur.

134 1316 171 1387 2.
201 1314 387 1390 Assumunt
411 1316 584 1392 Christum
614 1317 845 1392 tantummodo
876 1317 985 1390 scuti
1010 1317 1179 1392 doctorem

66 1430 265 1528 praebuisse
286 1457 327 1505 ac
350 1432 561 1533 interpretem
587 1433 672 1531 legis
698 1434 885 1519 mosaicae,
907 1458 984 1506 cum
1010 1448 1119 1505 emen
1142 1459 1180 1508 se

66 1569 137 1619 rere
162 1547 311 1644 gesserit
334 1548 383 1620 uti
407 1547 653 1646 legislatorem,
679 1548 782 1645 idque
802 1547 1179 1647 constituerit,'quoda

66 1659 243 1762 discipulis
269 1661 342 1735 suis
367 1663 440 1735 fieri
467 1665 502 1736 in
529 1681 699 1764 posterum
725 1664 879 1751 deberet,
898 1679 935 1737 ut
956 1679 1046 1764 patet
1062 1690 1103 1736 ex
1120 1690 1181 1736 an-

68 1775 201 1850 tithesi:
222 1776 356 1850 llictum
375 1778 541 1877 oet...qu
558 1795 665 1852 cutem
689 1779 761 1851 dico
785 1779 875 1852 vobis
886 1808 897 1866 ;
921 1778 1045 1878 quibus
1064 1793 1179 1878 aperto

68 1890 211 1965 ostendit
228 1918 266 1966 se
283 1918 404 1966 novam
422 1894 558 1968 omnino
576 1894 640 1968 bac
661 1895 696 1968 in
715 1921 750 1968 re
767 1894 874 1990 legem
892 1893 984 1967 dare.
1007 1895 1181 1967 Praeterea

68 2006 164 2104 paulo
189 2024 269 2101 ante
293 2008 504 2083 ostendimus
528 2009 694 2084 eiusmodi
719 2009 918 2083 sententiam
944 2009 987 2082 de
1014 2008 1181 2083 solutione

68 2123 332 2212 controuersiae,
362 2151 450 2225 quae
470 2126 561 2200 circa
587 2126 876 2227 intepretationem
902 2125 987 2223 legis
1012 2126 1181 2199 mosaicae

69 2238 295 2338 apbarisaeis
317 2239 506 2336 agitabatur
522 2268 545 2324 a
560 2241 694 2315 Cbristo
713 2242 810 2330 data,
831 2240 960 2315 admitti
979 2267 1045 2315 uon
1063 2267 1176 2341 posse.

135 2356 171 2426 3.
201 2354 388 2430 Assumunt
416 2385 457 2431 ex
485 2385 555 2431 una
586 2374 679 2457 parte
708 2384 822 2432 vocem
856 2341 1032 2456 πορνείαν
1064 2379 1180 2456 presse

69 2469 266 2543 sumendam
291 2470 335 2546 de
360 2472 432 2546 sola
453 2474 685 2572 fornicatione,
708 2489 873 2573 quatenus
892 2469 1073 2571 opponitur
1095 2492 1180 2566 ptor-

70 2570 160 2684 χείᾳ
187 2611 249 2658 seu
274 2585 455 2673 adulterio,
484 2604 521 2662 ut
546 2588 700 2662 evincant
724 2588 777 2685 agi
803 2588 846 2660 de
871 2587 992 2686 copula
1013 2601 1090 2660 ante
1109 2612 1181 2660 ma-

69 2701 259 2775 trimonium
285 2701 421 2790 habita;
447 2703 719 2777 exulceratam
745 2718 859 2802 parte,
887 2717 925 2774 ut
950 2700 1064 2800 plures
1089 2725 1180 2773 com·

68 2815 254 2913 plectantur
279 2819 413 2892 divortii
439 2846 574 2906 causas,
604 2818 787 2892 extendunt
811 2816 961 2891 eiusdem
981 2814 1074 2890 vocis
1091 2829 1181 2913 pote·

67 2948 183 3006 statem
208 2933 251 3006 ad
278 2959 510 3035 quaecumque
542 2933 670 3031 flagitia
700 2931 937 3031 significanda.
965 2929 1180 3031 Exploratum

66 3063 175 3121 tamen
202 3064 256 3122 est
279 3047 375 3122 hisce
399 3048 433 3120 in
461 3047 544 3121 locis
571 3033 745 3146 πορνείαν
772 3049 860 3120 sumi
879 3045 921 3119 de
938 3044 1121 3132 adulterio,
1142 3059 1180 3117 ut

66 3182 183 3262 postea
200 3164 417 3239 ostendemus
432 3195 440 3253 ;
461 3163 647 3265 etquidem
666 3165 709 3237 de
727 3163 798 3238 solo
816 3163 996 3248 adulterio,
1016 3160 1107 3261 quod
1126 3160 1180 3234 ius

65 3279 223 3378 praebeat
247 3279 438 3353 dimittendi
467 3280 644 3377 coniugem
670 3279 882 3364 adulteram,
911 3276 1043 3352 vinculo
1069 3291 1179 3351 tamen
1206 3339 1209 3345 ,

64 3393 233 3493 coniugali
259 3409 504 3496 perseverante.
529 3394 627 3481 Quod
653 3392 709 3468 hie
734 3409 903 3493 tamquam
934 3393 1055 3465 lemma
1084 3389 1180 3491 poni·

63 3535 159 3598 mus,
189 3509 285 3582 cuius
310 3510 483 3583 veritatem
508 3508 632 3582 deinde
657 3509 862 3582 evincemus.
1148 3588 1151 3595 ,

136 3625 173 3697 l.
201 3623 387 3697 Assumnt
412 3623 485 3720 lege
511 3623 655 3698 naturali
683 3623 822 3698 dissolvi
848 3622 1084 3724 quodcumque
1113 3643 1182 3694 ma·

62 3740 258 3814 trimonium
282 3739 325 3813 ob
357 3739 495 3840 aliquod
525 3740 720 3837 llagitium,
751 3739 842 3840 quod
869 3741 980 3839 ipsum
1011 3737 1177 3835 deturpet.

62 3854 160 3928 Hanc
186 3880 285 3955 porro
309 3853 565 3926 affirmationem
593 3855 660 3952 ipsi
687 3854 867 3926 enunciare
898 3851 1043 3926 contenti
1075 3864 1177 3936 sunt,

61 3970 144 4070 quin
159 3969 274 4069 aliquo
288 3967 467 4042 ostendant
480 3985 687 4065 argumento.
701 3969 727 4039 E
743 3994 904 4041 converso
922 3982 1033 4040 autem
1051 3978 1181 4037 constat

63 4083 203 4180 exlege
229 4082 373 4156 naturali
399 4083 594 4180 coniugium
624 4109 700 4156 esse
727 4082 927 4167 insolubile,
956 4105 1017 4152 nec
1043 4078 1108 4150 nisi
1131 4076 1182 4148 di-

62 4200 142 4272 vina
166 4198 418 4298 dispensatione
439 4197 580 4284 indulta,
606 4198 640 4269 in
662 4198 764 4271 veteri
791 4196 864 4294 lege
889 4196 993 4269 luisse
1010 4192 1100 4291 gravi
1128 4192 1180 4264 in·
1273 4283 1278 4286 Β

68 4314 268 4389 terreniente
287 4339 392 4389 causa
410 4311 573 4399 solutum,
595 4339 827 4413 quaecumque
849 4312 981 4386 demum
1003 4336 1043 4384 ea
1065 4306 1180 4409 luerit..
