2796 5064
257 397 328 452 arr.
344 399 393 452 ιιι.
410 399 450 451 ns
467 395 563 451 sessu
582 397 674 449 rann.
691 396 753 448 orn.
771 395 884 449 ιιιιιιιι.
902 395 997 448 uara.
1014 396 1084 447 rur.
1098 396 1121 448 ι.
1182 375 1252 447 sta

142 545 228 607 rum,
259 519 333 592 sive
356 515 448 617 quod
473 514 678 590 universalia
702 528 736 587 et
758 513 941 588 conformia
965 538 1032 587 non
1056 512 1145 599 sint,
1181 513 1254 587 sive

139 634 226 733 quod
241 633 423 732 loquantur
435 631 470 701 io
483 630 616 729 requio,
638 627 732 702 nulla
744 628 832 702 laeta
845 625 1050 726 exceptionis
1063 625 1251 714 mentione;

138 749 209 822 sive
233 747 324 847 quod
346 758 542 820 cunctanter
568 744 719 818 animum
745 768 844 817 suum
869 742 1044 842 aperiant,
1072 741 1144 815 sive
1161 740 1253 842 quod

138 878 282 962 quatuor
309 860 458 960 priorum
489 859 678 935 seculorum
713 856 847 932 vacillet
879 856 1014 931 traditio
1045 855 1256 932 documentis

137 978 222 1051 inter
244 1001 283 1048 se
306 973 556 1048 decertantibus
581 975 694 1069 (205).
1057 1061 1064 1068 .

208 1091 272 1164 Ast
295 1090 381 1164 baec
405 1113 688 1165 commemorasse
713 1115 754 1163 ac
778 1086 942 1162 refellisse
964 1113 1070 1161 unum
1095 1102 1167 1174 est,
1196 1112 1262 1162 nec

138 1206 229 1279 aliud
255 1231 297 1279 ea
320 1204 497 1291 evincunt,
518 1229 620 1303 quam
642 1203 799 1304 spiritum
824 1201 1039 1303 systematis,
1065 1217 1105 1275 ut
1119 1217 1256 1289 uocant,

137 1347 254 1394 eorum
280 1321 339 1419 qui
365 1319 532 1393 destinata
558 1343 660 1419 opera
680 1316 886 1392 contendunt
905 1317 1025 1416 quavis
1043 1341 1107 1416 ope
1123 1316 1259 1416 propria

138 1435 323 1509 adstruere.
344 1433 518 1533 Siquidem
536 1459 577 1506 ex
598 1431 776 1521 adductis,
799 1430 866 1505 alia
883 1456 950 1505 non
967 1446 1047 1505 sunt
1063 1430 1130 1505 nisi
1148 1456 1261 1505 marae

137 1549 345 1624 assertiones
357 1548 450 1623 omni
467 1548 646 1623 destitutae
662 1546 898 1635 fundamento,
919 1546 986 1620 alia
1003 1546 1168 1622 iniuriosa
1181 1563 1261 1621 sunt

138 1664 318 1738 uniuersae
344 1662 537 1762 antiquitati
564 1687 667 1762 quam
697 1661 891 1761 despiciunt
912 1675 1028 1762 utpote
1051 1660 1118 1735 sibi
1143 1660 1262 1736 adver·

140 1805 243 1865 sam,
278 1777 492 1877 produntque
531 1776 774 1853 intolerabilem
801 1791 1057 1877 tumoremque
1089 1801 1128 1849 se
1160 1801 1263 1878 super

138 1909 269 1967 veteres
287 1917 404 1967 omnes
423 1890 604 1981 extollunt,
626 1891 904 1991 praelemntque;
925 1891 992 1966 alia
1008 1918 1049 1966 ex
1065 1891 1166 1965 dictis
1184 1907 1264 1966 sunt

140 2024 256 2109 aperte
280 2005 378 2080 falsa.
402 2005 538 2081 Falsum
563 2005 653 2080 enim
678 2021 732 2080 est
756 2020 870 2104 patres
896 2004 931 2078 in
956 2005 1109 2080 diversas
1133 2004 1261 2080 abiisse

140 2124 267 2196 bacin
292 2147 328 2195 re
356 2121 561 2209 sententias,
590 2121 676 2196 adeo
706 2135 744 2195 ut
767 2146 806 2195 se
830 2121 973 2196 invicem
998 2120 1183 2209 collidant3
1215 2121 1259 2195 si·

139 2237 280 2337 quidem
304 2262 347 2309 ne
371 2261 461 2310 unus
485 2234 623 2336 quidam
649 2251 721 2323 est,
749 2235 808 2336 qui
834 2250 949 2335 aperte
973 2235 1144 2335 permittat
1167 2235 1262 2311 alteri

140 2352 335 2450 coniugium
357 2351 438 2424 dum
460 2350 572 2424 adbuc
589 2351 624 2423 in
639 2351 733 2438 ‚vivis
750 2368 803 2427 est
824 2377 904 2451 pars
925 2351 970 2425 ob
990 2351 1193 2427 adulterium
1209 2352 1263 2425 di-

141 2466 263 2540 missa.
284 2463 419 2539 Falsum
435 2464 515 2538 item
530 2480 584 2539 est
599 2480 795 2541 cunctanter
811 2490 852 2538 ae
868 2465 981 2540 animo
997 2466 1096 2566 quasi
1114 2466 1264 2567 penden-

144 2598 196 2655 tes
217 2596 330 2681 patres
351 2579 458 2654 luisse
479 2579 629 2666 locutos;
645 2580 768 2654 falsum
786 2580 928 2680 insuper
942 2580 1102 2656 vacillare
1117 2599 1262 2656 veterem

143 2696 358 2770 traditionem
379 2694 423 2769 ob
440 2695 641 2769 documenta
664 2695 751 2770 inter
770 2720 808 2770 se
824 2695 1046 2784 decertantia,
1066 2695 1116 2770 uti
1133 2722 1174 2771 ex
1191 2697 1263 2770 sin-

143 2811 300 2909 gulorum
319 2810 453 2910 aualysi
480 2810 703 2886 ostendimus.

227 2928 324 3001 Nune
348 2952 427 3001 vero
448 2926 607 3002 addimus
632 2927 674 3001 ad
700 2927 885 3027 pleniorem
907 2929 1046 3002 istorum
1072 2928 1266 3004 confutatio-

147 3067 243 3130 nem,
265 3067 309 3115 ne
328 3068 434 3115 unum
452 3042 592 3142 quidem
611 3057 791 3143 suppetere
810 3069 851 3117 er
863 3043 994 3141 integra
1012 3042 1162 3143 quinque
1175 3042 1265 3141 prio-

147 3183 222 3230 rum
256 3155 445 3230 seculorum
485 3157 624 3257 periodo
657 3157 847 3257 exemplum
884 3156 1024 3232 alterius
1060 3156 1264 3231 matrimonii

147 3273 286 3370 impune
310 3271 471 3344 contracti
497 3286 574 3369 post
598 3271 722 3370 prioris
747 3271 902 3369 coniugis
927 3271 971 3346 cb
992 3271 1192 3346 adulterium
1216 3271 1267 3346 di·

146 3386 357 3459 missionem.
380 3383 527 3460 Omissis
546 3386 635 3459 enim
654 3386 742 3474 illis,
763 3387 822 3487 qui
848 3387 1075 3462 annuentibus
1093 3386 1266 3462 nonnullis

147 3499 281 3596 ignavis
300 3499 491 3600 episcopis,
513 3501 559 3573 ita
577 3526 614 3574 se
631 3517 829 3598 gesserunt,
857 3502 916 3602 qui
935 3516 1111 3603 propterea
1132 3502 1177 3575 ab
1193 3500 1267 3576 Ori-

147 3640 234 3710 gene
250 3615 396 3712 graviter
413 3614 591 3714 vapulant,
612 3641 679 3691 non
697 3615 861 3692 babemus
884 3617 950 3692 nisi
968 3618 1092 3694 lactum
1110 3616 1267 3693 Fabiolae

224 3862 585 3925 (mussantesque
605 3866 631 3916 in
652 3878 694 3929 op.
715 3878 791 3929 germ.
812 3865 957 3917 concordia
978 3866 1028 3930 teo.
1047 3865 1121 3917 dett.
1137 3865 1266 3930 onumen.

147 3943 181 3993 de
203 3941 321 3993 dtoortr'o
340 3955 401 3994 cum
418 3943 497 3994 verbo
522 3946 568 3994 Det
577 3946 677 4009 scripto
703 3947 730 3995 et
747 3944 856 3996 trudito.
873 3944 982 3995 Koblenz
999 3946 1025 3995 et
1048 3943 1181 3995 nudamur.
1199 3950 1266 3995 tare.

147 4036 205 4086 pag.
228 4029 259 4072 sa
279 4035 350 4085 seqq.
372 4025 434 4073 Item
454 4025 555 4074 Maurus
577 4025 654 4088 Hagel
677 4025 702 4075 in
721 4038 762 4088 op.
777 4038 853 4088 germ.
882 4027 1077 4076 Denrcnstrutto
1100 4024 1176 4088 redte.
1199 4023 1266 4075 eltrt·

147 4098 347 4151 attaminant.
357 4103 419 4151 tom.
431 4104 464 4152 ΙΙ.
477 4104 579 4166 August.
591 4102 689 4154 Vindel.
704 4110 772 4154 issa.
784 4116 840 4168 pag.
851 4110 918 4167 tter
932 4116 978 4155 nee
993 4116 1043 4154 non
1056 4104 1144 4154 Tuom.
1157 4103 1267 4155 Dolbner

147 4179 284 4244 unomen:
296 4180 432 4232 austriacas
450 4181 475 4231 in
492 4195 533 4246 op.
555 4196 631 4246 germ.
651 4183 806 4235 Illustrotto
824 4186 921 4235 rotun.
944 4183 1032 4250 capitu
1050 4185 1082 4234 11.
1102 4183 1181 4235 radic.
1207 4186 1268 4235 Uat-

149 4273 219 4312 vers.
229 4259 318 4311 ctotttr
334 4272 349 4310 ι
369 4260 392 4324 §.
405 4267 428 4312 s.
442 4261 474 4311 ad
491 4269 543 4314 ιιι.
561 4275 605 4313 seu
623 4265 763 4315 Ριοσιιιιιι
773 4266 926 4316 meme.
940 4266 972 4316 u.
990 4265 1053 4328 part.
1072 4263 1179 4316 vindeb.
1198 4270 1265 4317 ttae.

149 4354 205 4406 pag.
226 4349 249 4392 a.
263 4339 329 4404 apud
348 4341 494 4406 nestoras!
505 4356 546 4408 op.
562 4342 604 4394 eit.
615 4356 670 4408 pag.
686 4350 796 4396 teo-tat,
