2796 5064
157 331 226 403 130
301 352 364 404 ιιι.
375 351 425 403 ιιι.
440 351 527 402 sior.
544 351 676 403 auram.
693 353 733 403 on
750 353 863 405 ianus.
880 355 975 405 ιιιιι.
992 354 1117 422 camsr.

156 470 319 558 nalistae,
347 469 645 570 pseudo-politici,
673 496 816 570 quorum
842 470 948 571 aliqui
965 497 1005 545 eo
1028 488 1265 572 pervenerunt,

156 603 193 659 ut
218 612 262 659 nc
285 584 367 659 dum
394 584 745 674 indissolubilitatem,
766 586 827 660 sed
844 586 896 663 vel
915 587 1024 688 ipsam
1043 587 1196 686 coniugii
1213 616 1265 667 no

155 701 279 777 tionem
305 727 325 775 e
349 702 461 776 medio
486 702 601 776 tollere
624 701 766 790 vellent,
787 719 825 776 ut
840 729 926 801 vago
945 721 1086 803 possent
1103 705 1171 779 lrui
1194 733 1265 782 con

153 818 334 905 cubinatu,
366 819 649 919 quemadmodum
682 847 723 892 ex
755 819 898 894 historia
927 836 998 894 tum
1029 822 1174 924 antiqua
1204 838 1265 899 tum

154 934 329 1007 recentiori
355 935 489 1036 probari
516 935 614 1008 facile
640 951 754 1035 posset
775 938 864 1032 (44).

226 1048 380 1123 Ceterum
406 1051 528 1123 mirum
553 1066 717 1138 nonest,
745 1051 835 1150 quod
862 1050 1038 1125 hominum
1067 1052 1265 1152 cupiditates

151 1163 378 1264 ellmcnisque
403 1165 509 1239 libido
534 1192 621 1264 quae
647 1166 721 1239 iura
746 1166 860 1240 omnia
890 1167 1126 1266 perfringunt,
1156 1169 1265 1244 vincu·

152 1277 222 1352 lum
247 1280 346 1353 etiam
373 1280 577 1380 perfringere
607 1306 712 1352 ausae
735 1280 804 1353 sint
831 1279 1009 1369 connubii,
1043 1283 1136 1381 quod
1163 1300 1265 1359 tamen

151 1395 227 1495 ipso
256 1396 397 1470 rationis
431 1395 560 1469 lumine
592 1395 829 1469 indissolubile
859 1397 1060 1471 ostenditur.
1093 1399 1265 1474 Matrimo-

150 1510 197 1582 nii
220 1509 505 1587 indissolubilitas
530 1527 645 1585 sancte
670 1528 802 1585 servata
828 1512 947 1586 estad
973 1511 1111 1610 longum
1138 1530 1265 1615 tempus

150 1651 171 1698 a
196 1625 315 1699 mundi
340 1627 548 1726 primordiis,
576 1628 685 1701 donec
710 1627 913 1727 pedetentim
943 1628 1172 1703 invalescente
1200 1656 1265 1706 mo

150 1767 225 1815 rum
247 1742 460 1842 corruptione
476 1741 567 1841 apud
586 1743 744 1842 antiquas
761 1759 878 1841 gentes
900 1743 1079 1819 divortium
1102 1744 1265 1821 introduci

149 1856 323 1956 coeperit,
358 1883 398 1931 ae
421 1858 457 1930 in
482 1858 556 1932 dies
581 1859 690 1956 magis
721 1860 836 1957 augeri
867 1885 907 1933 ae
936 1860 1118 1959 propagari
1144 1860 1265 1959 magis.

148 1971 237 2047 Sane
258 1972 349 2072 apud
378 1973 555 2075 aegyptios
584 1973 764 2048 divortium
794 1974 985 2049 obtinuisse
1010 1975 1167 2049 nonnulli
1196 2001 1265 2051 con

148 2087 291 2159 tendunt
319 2089 409 2183 (tt).
437 2089 488 2161 De
513 2090 644 2186 graecis
677 2116 756 2164 vero
786 2088 915 2163 nullum
946 2107 998 2164 ost
1027 2090 1185 2163 dubium.
1211 2091 1265 2165 lti-

146 2227 266 2275 versac
291 2201 356 2277 hae
380 2202 425 2277 de
458 2231 494 2278 re
523 2204 611 2277 latae
640 2205 775 2278 luerunt
806 2205 918 2303 leges,
954 2233 996 2279 en
1025 2205 1153 2305 quibus
1184 2207 1265 2285 aliae

147 2315 299 2391 habenas
324 2318 434 2415 magis
451 2318 604 2391 divortiis
624 2318 795 2407 laxabant,
816 2337 854 2393 ut
871 2319 963 2419 apud
980 2336 1152 2395 cretenses
1170 2336 1265 2424 atque

146 2432 381 2520 athenienses,
403 2433 463 2532 qui
481 2433 666 2507 levissimis
684 2433 727 2507 de
744 2435 859 2509 causis
872 2435 1016 2509 divortia
1029 2435 1265 2529 indulserunt,

145 2549 302 2648 quamvis
320 2550 412 2649 apud
430 2551 494 2625 hos
511 2576 578 2623 non
598 2551 672 2623 sine
689 2550 803 2624 libello
821 2551 959 2625 divortii
978 2552 1013 2624 id
1026 2552 1134 2640 fieret,
1152 2554 1188 2625 in
1202 2579 1265 2654 quo

146 2664 223 2738 eius
242 2665 326 2739 ratio
351 2666 591 2753 contineretur,
613 2682 650 2738 ut
667 2667 697 2738 si
717 2667 893 2765 repudiata
912 2668 954 2740 ad
974 2668 1028 2741 ius
1047 2687 1264 2766 provocaret,

145 2807 165 2854 a
182 2782 325 2856 summis
343 2782 596 2879 magistratibus
620 2783 895 2881 comprobaretur
910 2786 1000 2880 (43).
1018 2784 1072 2856 Sic
1090 2785 1196 2858 etiam
1218 2786 1265 2859 vi-

143 2915 287 2994 guerunt
311 2899 376 2973 hae
393 2897 486 2996 loges
503 2898 592 2999 apud
612 2898 824 2996 spartianos,
844 2900 910 2972 etsi
929 2926 1005 2972 raro
1024 2900 1144 2974 fierent
1163 2927 1265 3000 penes

143 3014 237 3114 ipsos
262 3014 418 3090 divortia.
442 3015 529 3090 Hinc
554 3014 698 3112 legimus
724 3014 897 3114 Lysandro
923 3015 1079 3087 mulctam
1099 3015 1144 3088 ob
1163 3018 1199 3089 id
1216 3043 1265 3092 so-

144 3127 214 3201 lum
234 3157 255 3202 a
271 3131 526 3228 magistratibus
545 3130 693 3229 Ephoris
711 3131 915 3229 nuncupatis
938 3131 1118 3228 irrogatam
1138 3133 1263 3223 luisse,

143 3245 235 3345 quod
253 3244 434 3320 divortium
452 3246 588 3320 lecisset
609 3247 698 3341 (44).
719 3245 867 3319 Aristoni
886 3262 997 3318 tamen
1015 3245 1186 3320 indultum
1204 3249 1265 3322 tuit

20 3368 25 3375 '
142 3359 186 3433 ob
220 3361 450 3447 sterilitatem,
488 3387 556 3462 qua
588 3388 671 3435 uxor
702 3362 776 3435 eius
811 3361 985 3437 laborabat
1014 3364 1104 3458 (itt).
1130 3363 1264 3439 Arctius

141 3501 221 3551 vcro
251 3503 272 3551 a
302 3476 455 3551 divortiis
489 3477 652 3552 faciendis
685 3478 940 3552 coarctabantur
969 3503 1110 3566 uxores3
1130 3504 1264 3554 summo

214 3681 264 3746 (ιι)
281 3683 320 3732 Gi.
332 3682 461 3746 Avogadro
474 3697 514 3747 op.
530 3683 573 3732 cit.
589 3686 694 3733 roetico
705 3683 766 3734 dcll’
777 3686 927 3734 istituzt'orta
943 3683 987 3734 dcl
1002 3687 1122 3734 motrtm.
1137 3685 1183 3749 qui
1200 3686 1265 3735 inno·

142 3774 209 3814 mera
219 3776 295 3827 prope
304 3762 378 3814 huius
388 3767 485 3814 nostrae
496 3763 666 3815 affirmationis
678 3765 704 3815 in
718 3767 825 3827 utraque
833 3765 914 3828 operis
926 3768 994 3829 parte
1001 3764 1150 3816 documenta
1160 3766 1261 3831 proteri.

212 3845 262 3909 (ta)
279 3847 349 3910 Apud
362 3846 498 3897 Martorelli
514 3849 611 3897 Errcrt
627 3849 735 3897 corrcttt
751 3847 796 3920 sal
811 3846 939 3898 divortio.
951 3849 1029 3897 Roma
1044 3850 1114 3897 1792.
1132 3860 1220 3911 opusc.
1230 3847 1260 3897 11.

140 3925 183 3976 hb·
201 3928 261 4071 llll
275 3934 316 4059 bi.
331 4008 401 4058 alex.
411 4007 443 4058 ab
456 4007 595 4058 Alexandro
607 4008 632 4057 in
645 4022 687 4073 op.
702 4007 803 4059 Gentol.
814 4006 880 4059 dtcr.
895 4006 1028 4059 ttb.1v.c.
1041 4013 1065 4056 tt.

209 4088 262 4231 lidi
276 4087 543 4221 illiteratorum
555 4168 580 4217 in
590 4170 674 4218 Erato
685 4181 727 4219 seu
740 4168 783 4219 lib.
793 4171 824 4219 V.
834 4182 856 4218 c.
868 4175 907 4219 ot.
916 4166 956 4219 ed.
969 4167 1208 4231 Scheweighaeuser.
1220 4171 1257 4219 Ar·

139 4248 260 4310 gentorati
272 4248 391 4313 telequi
403 4247 500 4300 scribit:
510 4250 562 4299 «lta
571 4249 646 4311 igitur
654 4248 752 4300 tertiam
761 4261 874 4312 uxorem,
885 4244 1028 4313 repudiato
1036 4244 1256 4301 sceoadaArltton

140 4325 237 4379 duxit.»
