2796 5064
142 386 186 453 86
317 407 376 455 un.
399 406 446 455 m.
468 404 553 457 sscr.
576 407 599 454 r.
619 406 659 455 nr
677 405 771 455 mrn.
789 405 911 456 cnnrsr.
929 398 1074 457 usrrsrr.

139 540 170 594 ct
193 538 287 595 crunt
311 523 373 595 duo
391 527 426 594 ic
443 551 538 594 cerac
559 550 625 594 occ
641 525 754 619 (82);»
767 550 855 622 quae
873 540 1041 623 tamquam
1055 550 1076 597 a
1088 524 1159 600 Deo
1176 528 1252 627 imo

140 640 269 737 prolata
295 640 393 712 refert
419 639 573 712 Christus
590 638 852 737 (83).Adeoque
877 638 1016 712 dubium
1043 639 1175 715 nullum
1200 670 1255 717 su-

140 781 275 854 peresse
300 769 410 852 potest
427 753 469 825 dc
485 753 545 826 Dei
566 752 748 825 intentione
766 778 805 824 ac
821 752 993 827 voluntate
1018 754 1109 828 circa
1135 783 1253 832 mono·

140 871 297 965 gamiam.

211 985 273 1057 Ast
297 982 389 1056 aliud
407 1001 459 1056 est
476 983 518 1055 de
535 983 595 1056 Dei
615 983 797 1057 intentione
822 1008 862 1056 ac
886 982 1061 1058 voluntate
1085 984 1255 1060 disserere

139 1127 199 1199 per
217 1100 339 1173 factum
358 1098 470 1198 ipsum
488 1098 718 1184 manifestata;
735 1098 827 1170 aliud
841 1124 919 1172 vero
932 1099 1060 1196 detege
1077 1125 1251 1199 expressa,

139 1240 207 1313 qua
224 1213 317 1287 Adae
333 1213 478 1312 posteris
504 1211 665 1285 indictum
692 1213 808 1299 fuerit,
829 1229 866 1286 ut
889 1240 991 1287 unam
1017 1229 1144 1288 tanturn
1172 1241 1256 1290 uxo-

140 1355 209 1402 rem
234 1329 413 1415 ducerent,
442 1354 481 1400 ac
507 1325 716 1424 illegitimum
743 1343 776 1400 et
802 1326 929 1400 nullum
961 1327 1146 1402 declaretur
1174 1355 1255 1404 con-

138 1444 265 1542 iugium
291 1444 380 1544 quod
409 1460 483 1543 post
507 1443 641 1515 ductam
669 1443 812 1541 primam
837 1469 974 1518 uxorem
998 1444 1118 1517 initum
1137 1444 1249 1518 suerit.

138 1558 228 1632 Haec
253 1584 414 1656 expressa
432 1556 483 1629 lex
502 1556 659 1654 nuspiam
678 1573 819 1656 apparet
844 1557 878 1627 in
905 1557 1011 1631 sacris
1032 1556 1170 1645 litteris;
1192 1584 1253 1657 pa-

139 1691 207 1746 tres
231 1698 312 1746 vero
337 1671 372 1742 in
396 1670 548 1743 diversas
571 1670 753 1742 sententias
778 1670 871 1744 abire
895 1671 960 1744 visi
986 1686 1075 1745 sunt.
1092 1671 1251 1747 Nonnulli

138 1815 178 1861 ex
205 1786 358 1887 patribus
384 1784 525 1858 Lamech
558 1784 738 1859 traducunt
762 1802 800 1859 ut
823 1785 967 1861 violatae
997 1786 1133 1861 divinae
1165 1787 1254 1886 legis

139 1930 232 1976 reum
249 1929 289 1977 eo
306 1900 396 2002 quod
414 1901 501 1974 duas
519 1900 618 1974 simul
638 1899 794 1974 hahuerit
807 1928 940 1989 uxores,
956 1917 994 1975 ut
1005 1901 1248 1991 Tertullianus,

137 2019 197 2117 qui
215 2035 292 2117 post
311 2017 414 2090 relata
430 2016 532 2090 vcrha
550 2016 686 2090 scribit:
707 2017 901 2090 «Numerus
920 2017 1122 2091 matrimonii
1142 2044 1163 2091 a
1180 2045 1254 2093 ma·

138 2131 259 2206 Ledicto
275 2133 348 2206 viro
365 2133 485 2231 coepit.
507 2133 638 2204 Primus
657 2131 800 2204 Lamech
819 2131 953 2205 duabus
969 2133 1161 2221 maritatus,
1184 2150 1252 2209 tras

138 2246 173 2318 in
190 2273 292 2319 unam
310 2273 444 2319 carnem
464 2246 575 2319 effecit
591 2248 704 2341 (8L);n
721 2262 753 2319 ct
770 2245 870 2318 alibi:
895 2245 1030 2318 «Semel
1053 2247 1121 2320 vim
1149 2273 1252 2347 passa

139 2361 302 2434 institutio
326 2360 388 2432 uei
413 2387 473 2459 por
489 2360 631 2433 Lamech
649 2363 763 2455 (85).»
781 2361 863 2432 Ltem
881 2385 911 2434 s.
927 2360 1171 2461 Hieronymus,
1192 2361 1249 2462 qui

138 2476 269 2576 etipse
294 2475 388 2548 addit
418 2492 495 2574 post
526 2476 628 2548 verha
662 2476 819 2574 superius
853 2474 1050 2574 descripta:
1081 2477 1252 2551 «Primus

138 2589 279 2664 Lamech
305 2590 543 2688 sanguinarius
563 2607 596 2664 et
613 2590 802 2678 homicida,
828 2617 930 2665 uuam
957 2617 1090 2664 carnem
1107 2591 1144 2663 in
1164 2593 1250 2666 duas

137 2707 255 2781 divisit
289 2731 430 2780 uxores:
464 2705 685 2779 fratricidium
715 2722 748 2779 et
776 2705 977 2803 digamiam,
1014 2705 1129 2779 eadem
1161 2723 1253 2781 cata·

137 2823 257 2923 clysmi
280 2847 389 2921 poena
410 2820 533 2895 delevit
554 2824 668 2917 (86).»
686 2824 819 2895 Necnon
838 2847 867 2893 s.
880 2819 1036 2894 Nicolaus
1053 2823 1081 2892 1.
1093 2821 1152 2920 qui
1173 2822 1253 2895 scri·

138 2937 216 3009 hit:
245 2936 438 3010 «Adulterii
470 2953 580 3009 autern
606 2935 787 3033 flagitium,
815 2934 905 3034 quod
931 2934 1074 3008 Lamech
1099 2936 1252 3009 omnium

138 3052 266 3152 primus
292 3053 326 3121 in
347 3050 479 3124 duabus
505 3051 667 3123 uxoribus
689 3049 908 3150 perpetravit,
930 3049 1065 3123 nonnisi
1082 3050 1252 3148 Sanguine

138 3166 263 3240 Christi
284 3166 444 3239 abolitum
464 3166 625 3251 extiterit,
646 3165 703 3264 qui
719 3165 862 3264 septima
878 3182 911 3237 et
929 3165 1177 3263 septuagesima
1193 3191 1251 3262 go-

140 3281 309 3353 neratione
326 3279 510 3353 secundum
528 3279 739 3377 evangelium
758 3279 879 3353 luxerit
899 3279 934 3351 in
952 3279 1249 3376 mundum(8'1).»

139 3395 232 3469 Alios
259 3394 379 3467 afferre
404 3420 539 3493 possem
566 3393 624 3492 qui
652 3393 739 3466 idem
766 3393 925 3468 sentiunt.

212 3620 263 3679 (aa)
279 3620 413 3670 Gencs.11.
426 3625 464 3670 aa.
476 3623 513 3670 at.

213 3701 264 3759 (88)
280 3700 368 3748 htntth.
377 3702 441 3749 xlx.
455 3706 477 3749 5.
489 3706 512 3749 o.

211 3781 260 3839 (84)
281 3782 339 3828 Loc.
351 3779 393 3829 cit.

212 3859 262 3921 (85)
276 3858 331 3909 Lib.
345 3862 685 3924 nemorumnemorum.

211 3937 261 4000 (88)
277 3938 335 3988 Loc.
347 3938 389 3988 cit.
399 3939 442 4002 qui
454 3939 539 3989 cadem
551 3940 626 3989 terme
640 3941 726 4003 repetit
739 3939 816 3990 rerba
824 3940 902 4004 Epist.
914 3940 1020 3990 cums.
1032 3939 1064 3990 ad
1076 3937 1202 3991 Sslrtnsm
1211 3940 1252 3993 od.

139 4016 240 4068 citent.
252 4016 442 4068 conscribens:
455 4017 571 4068 «Prinna
585 4019 690 4068 Lamech
707 4017 852 4069 maledictus
868 4021 893 4069 ct
907 4018 1125 4082 sanguinarius,ct
1139 4018 1172 4069 da
1189 4020 1252 4070 (tatu

138 4098 214 4162 stirpe
228 4096 395 4159 descendeus,
412 4111 485 4148 unam
501 4101 595 4149 costam
611 4098 697 4149 dirisIt
715 4099 740 4148 in
758 4099 833 4159 duas,
849 4101 875 4149 et
890 4099 1038 4162 plantarium
1058 4099 1179 4163 ‹liguniac
1196 4113 1250 4163 pro·

139 4179 206 4228 tinus
225 4178 312 4228 diluvii
329 4191 408 4241 poena
425 4179 569 4229 subvertit.»

210 4258 260 4322 (87)
277 4258 316 4310 Aa
333 4258 455 4310 consulta
473 4258 612 4322 Bclpcror.
632 4273 655 4309 u.
675 4267 713 4310 m.
733 4259 798 4322 apud
818 4258 938 4311 Harduin.
952 4262 1018 4312 Acta
1035 4259 1128 4311 coacu.
1145 4263 1207 4311 tom.
1220 4262 1249 4308 v.

140 4339 187 4389 cot.
201 4344 254 4390 ³71.
