2796 5064
332 411 402 463 111.
419 412 452 462 r.
470 411 633 464 1111111.
650 411 779 464 rurenr.
796 411 891 463 111111.
908 411 979 463 mr.
997 413 1033 464 11.
1180 391 1250 463 131

133 531 200 606 Sed
225 530 407 632 Apostolus
431 531 496 606 hoc
524 532 596 606 loco
630 559 696 606 non
726 532 873 632 loquitur
900 532 943 605 de
968 533 1058 606 iusto
1082 532 1249 621 divortio,

134 646 227 750 quod
247 645 321 720 lieri
346 662 456 748 potest
480 648 516 719 in
542 673 646 721 causa
671 648 920 735 lomioationis;
949 649 1125 721 nonenim
1156 675 1254 749 prue-

133 765 263 865 cipcret
286 789 422 838 uxorem
448 789 469 837 a
494 764 566 838 viro
590 789 656 837 non
679 763 871 851 discedere,
895 764 924 838 si
943 764 986 838 de
1003 763 1147 839 divortio
1164 765 1253 838 iusto

133 876 340 979 loqueretur.
354 878 410 951 Ait
427 879 528 977 igitur
545 879 588 952 de
604 878 760 953 dissidiis
779 878 983 979 quibusdam
1001 879 1145 967 levibus,
1166 905 1256 979 quae

133 992 304 1066 interdum
333 993 419 1066 inter
449 992 610 1090 coniuges
636 992 810 1078 oriuntur,
840 1009 874 1066 et
897 992 1039 1093 proinde
1062 994 1105 1067 de
1137 992 1255 1067 illicito

131 1108 278 1183 divortio
291 1165 300 1196 ,
314 1134 383 1208 quo
395 1134 416 1181 a
429 1135 468 1182 se
485 1109 628 1181 invicem
643 1108 841 1198 discedunt,
860 1109 920 1183 sed
935 1109 1126 1209 paulopost
1141 1110 1256 1184 conci-

131 1223 271 1297 liantur.
288 1224 401 1310 Quare
415 1248 589 1323 perperam
604 1250 644 1297 ex
663 1224 727 1299 hoc
748 1224 821 1299 loco
837 1225 993 1299 catholici
1010 1225 1192 1299 divortium
1207 1226 1255 1297 in·

131 1337 313 1426 duxerunt,
325 1338 416 1437 quod
430 1340 731 1413 manente'vinculo
749 1341 785 1412 iu
799 1339 941 1414 ecelesia
958 1340 1048 1414 licite
1061 1341 1120 1413 list
1137 1341 1252 1435 (21).»

207 1454 260 1526 lta
283 1451 420 1551 quidem
438 1452 527 1552 ipse.
551 1453 670 1525 Verum
689 1453 774 1528 lalso
792 1455 954 1553 supponit
975 1452 1158 1528 catholicos
1175 1451 1256 1524 huic

133 1567 236 1640 unico
248 1563 401 1664 Apostoli
420 1565 610 1641 testimonio
630 1567 747 1654 inniti,
772 1567 853 1641 dum
875 1568 1052 1642 adstruunt
1074 1566 1255 1640 divortium

135 1681 227 1756 licite
253 1682 325 1756 lieri
351 1707 470 1781 posse,
491 1681 585 1756 salvo
607 1683 754 1781 coniugii
775 1683 919 1758 vinculo.
942 1686 1010 1758 Nos
1033 1698 1203 1784 praeterea
1220 1681 1254 1753 id

136 1796 249 1897 ipsum
274 1795 479 1870 adstruimus
505 1795 659 1897 pluribus
685 1796 763 1871 aliis
790 1796 874 1872 locis
905 1815 974 1870 tum
999 1796 1150 1897 Apostoli
1184 1812 1256 1869 tum

135 1911 407 2009 evangeliorum,
435 1926 471 1984 ut
494 1928 625 1986 constat
648 1939 688 1986 ex
707 1913 768 2001 iis,
796 1939 884 2014 quae
909 1914 944 1984 in
970 1913 1080 2013 cupite
1105 1911 1254 1986 seeundo

136 2026 374 2100 disseruimus.
396 2025 494 2101 Falso
513 2044 683 2126 praeterea
699 2029 843 2103 assumit
858 2028 1053 2131 Apostolum
1071 2029 1114 2102 de
1137 2027 1255 2101 eadem

135 2139 352 2215 dissensione
377 2139 484 2214 luisse
508 2139 655 2214 locutum
676 2158 747 2216 tum
771 2170 803 2217 1.
827 2144 886 2216 10.
905 2168 983 2217 cum
1000 2144 1065 2217 ait:
1084 2144 1256 2241 Procopio

135 2283 273 2331 osorem
297 2283 318 2329 o
341 2259 413 2330 circ
438 2283 502 2328 ece
533 2255 719 2344 discedere,
753 2275 823 2332 tum
848 2287 882 2333 v.
911 2262 969 2333 11.
1003 2286 1079 2334 cum
1110 2259 1252 2333 scribit:

138 2371 290 2461 Quodsi
312 2371 512 2458 discesserit,
538 2401 666 2448 morters
689 2378 873 2474 inceptem.
893 2376 935 2449 At
954 2373 1079 2450 verorss
1102 2378 1160 2448 10.
1188 2375 1258 2473 egit

135 2486 318 2588 Apostolus
343 2488 387 2561 de
411 2487 558 2574 iniustu3
586 2515 619 2561 v.
648 2504 757 2562 autem
778 2491 820 2562 ll.
850 2490 892 2562 de
917 2491 1007 2564 iusta
1031 2490 1251 2563 discessione.

136 2601 296 2703 Alioquin
320 2628 388 2677 non
417 2604 584 2702 potuisset
608 2603 645 2675 in
677 2629 760 2677 casu
793 2602 1016 2678 discessionis
1042 2603 1188 2676 iniustae
1213 2603 1256 2677 ob

137 2717 229 2793 leues
250 2743 389 2806 causas,
411 2734 448 2792 ut
466 2720 627 2818 supponit
647 2719 878 2808 Chemnitius‚
902 2718 1064 2792 uxoribus
1086 2719 1254 2818 optionem

137 2833 240 2922 dere,
270 2849 307 2906 ut
332 2840 409 2932 post
433 2835 679 2933 separationem
705 2850 762 2907 sut
786 2835 947 2935 innuptae
973 2851 1165 2919 manerent,
1199 2848 1257 2905 aut

137 2949 222 3023 uiris
246 2948 319 3022 suis
340 2948 646 3023 reconciliarentur.
669 2951 752 3023 Nam
770 2977 811 3023 ex
828 2949 953 3023 Christi
973 2965 1168 3049 praecepto,
1190 2972 1257 3020 non

137 3078 248 3165 potest
273 3089 357 3138 uxor
381 3063 456 3138 sine
482 3064 571 3138 iusta
596 3090 720 3151 causa,
742 3065 777 3137 id
795 3083 847 3139 est
863 3080 994 3166 praeter
1018 3065 1144 3137 crimen
1161 3061 1258 3136 adul-

137 3179 236 3267 terii,
264 3204 286 3251 a
314 3179 386 3252 viro
410 3204 473 3252 suo
502 3179 677 3253 discedere
702 3206 743 3253 ac
767 3181 943 3279 separari;
976 3180 1068 3279 quod
1097 3181 1127 3253 si
1152 3179 1258 3252 conti·

137 3295 246 3393 gerit,
269 3293 303 3368 vi
315 3294 466 3368 eiusdem
480 3295 639 3369 dominici
654 3297 824 3395 praecepti
838 3312 969 3370 tenetur
981 3296 1025 3369 ad
1037 3297 1147 3369 virum
1159 3321 1260 3369 suum

138 3411 281 3499 reverti,
310 3412 410 3511 eique
436 3412 658 3485 reconciliari.
687 3413 810 3487 Contra
834 3440 912 3488 vero
941 3413 1123 3513 Apostolus
1150 3413 1184 3485 in
1202 3412 1261 3486 ad-

136 3527 279 3602 uersarii
293 3527 474 3627 hypothesi
494 3528 704 3626 permisisset
720 3529 833 3616 uxori,
859 3556 948 3628 quae
961 3530 1035 3604 sine
1053 3529 1142 3603 iusta
1158 3553 1261 3602 causa

138 3645 257 3718 avico
283 3643 461 3732 discessit,
489 3644 543 3717 vel
568 3645 796 3735 reconciliari,
824 3646 949 3720 velita
975 3671 1170 3745 permanere
1200 3668 1261 3715 seu

137 3760 253 3834 vivere
274 3759 310 3831 in
336 3761 559 3859 separationis
582 3777 672 3836 statu
696 3779 793 3862 prout
818 3762 849 3835 ei
871 3762 1019 3835 libuerit.
1056 3758 1152 3847 Quod
1185 3758 1262 3857 qui·

136 3875 218 3949 dem
238 3874 333 3949 nulla
346 3877 475 3950 ratione
492 3876 623 3951 admitti
641 3894 776 3978 potest,
799 3878 967 3978 siquidem
986 3891 1112 3977 aperto·
1125 3870 1260 3946 Domini

138 4002 320 4091 praecepto
334 3990 542 4066 adversetur.
559 3993 608 4064 Ne
620 3992 723 4090 igitur
744 3993 779 4065 in
793 3991 959 4068 eiusmodi
974 3989 1158 4065 absurdum
1176 3987 1262 4061 adeo

218 4209 270 4272 (11)
286 4210 324 4259 ru
344 4223 441 4261 rursum
461 4211 527 4275 apud
547 4211 664 4262 Bellsrm.
677 4211 725 4262 loc.
737 4212 780 4263 eit.
795 4227 858 4277 quae
871 4216 953 4264 temen
971 4213 996 4262 iu
1010 4211 1117 4261 alitione
1131 4209 1272 4273 genevensi,

138 4289 216 4354 puoto
237 4288 309 4340 aliter
328 4302 355 4340 se
376 4303 403 4340 se
420 4291 527 4355 habeot;
542 4291 585 4343 sed
603 4292 685 4357 quoad
705 4291 867 4345 substanttam
888 4293 913 4344 io
928 4290 993 4344 idem
1008 4289 1135 4353 recidunt,
1150 4288 1260 4369 adeoque

138 4383 171 4420 et
193 4381 244 4422 oon
265 4368 411 4422 1111111110.
1105 4398 1110 4403 .
