2796 5064
188 392 490 446 tantustantus.
508 393 604 444 utra.
623 392 655 442 m
670 393 758 443 orus.
776 392 888 443 noum.
907 394 977 442 aar.
999 393 1022 442 ι.
1102 369 1171 440 163

61 531 105 588 est
127 529 260 587 autem:
290 511 502 610 Quicumque
523 510 689 584 dimiserit
709 537 846 584 uxorem
873 537 986 598 suam,
1007 512 1063 585 dot
1080 513 1110 585 ei
1130 511 1172 583 li-

59 629 178 703 ballum
204 627 349 727 repudii.
370 628 442 724 Ego
466 642 577 700 autem
596 626 673 700 dico
698 625 812 701 vobis:
839 627 927 712 Quia
951 627 1083 715 omnis,
1114 629 1172 728 qui

58 744 224 818 dimiserit
246 768 384 817 uxorem
409 767 527 828 suam,
549 759 688 840 excepta
705 741 937 816 fornicationis
955 769 1073 830 causa,
1095 742 1175 817 lacit

57 887 124 934 eam
148 857 347 933 moechari:
369 856 479 957 etqui
497 856 674 930 dimissam
699 857 852 943 duxerit,
875 856 1069 931 adulterat»
1093 884 1170 958 cap.

58 1002 129 1052 tero
144 976 235 1048 xlx.
259 977 293 1047 3.
314 999 412 1074 seqq.
434 973 577 1046 dicitur:
603 973 679 1046 «Mt
700 989 913 1048 accesserunt
938 974 1076 1048 adeum
1104 977 1175 1070 (le-

59 1097 149 1188 sum)
169 1090 345 1192 pharisaei
362 1104 530 1164 tentantes
546 1114 640 1199 eqm‚
662 1105 695 1162 et
712 1089 881 1163 dicentes:
904 1089 933 1163 si
951 1089 1030 1163 licet
1047 1090 1175 1164 bomini

59 1207 222 1280 dimittere
239 1230 377 1278 uxorem
395 1230 512 1290 suam,
530 1229 743 1303 quacumque
761 1231 801 1277 ex
818 1203 947 1277 causa?
961 1204 1026 1289 Qui
1041 1231 1177 1303 respon-

60 1323 155 1409 dens,
176 1321 227 1396 ait
242 1320 311 1394 eis:
333 1345 400 1395 non
418 1318 569 1417 legistis,
590 1320 672 1420 quia
688 1321 748 1420 qui
767 1320 845 1393 lecit
862 1320 1031 1394 bominem
1050 1321 1093 1393 ab
1111 1322 1178 1393 ini-

60 1439 114 1525 tio,
143 1435 336 1510 masculum
361 1451 395 1510 et
419 1434 600 1510 foeminam
627 1436 705 1510 lenit
728 1435 815 1510 eos?
845 1452 878 1509 et
901 1436 1008 1508 dixit:
1042 1454 1179 1536 propter

61 1553 116 1627 boo
140 1552 290 1626 dimittet
310 1551 413 1626 bomo
433 1567 563 1652 patrem
582 1569 616 1626 et
640 1567 798 1640 matrem,
818 1567 852 1626 et
869 1551 1066 1625 adhaerebit
1081 1553 1176 1626 uxori

60 1694 148 1754 suae,
165 1683 316 1742 eterunt
331 1667 400 1742 duo
416 1667 452 1739 in
470 1693 571 1741 carne
588 1694 669 1741 una.
690 1670 807 1767 ltaque
824 1669 892 1741 iam
910 1694 977 1741 non
996 1683 1075 1741 sunt
1091 1668 1175 1755 duo,

60 1784 111 1858 ted
134 1810 207 1858 una
228 1808 320 1858 caro.
350 1782 449 1870 Quod
473 1808 554 1881 argo
578 1785 669 1859 Deus
694 1784 883 1872 coniunxit,
910 1784 1010 1859 bomo
1031 1811 1098 1858 non
1125 1810 1179 1858 se·

61 1915 160 1999 paret.
182 1899 310 1974 Dicunt
335 1898 409 1971 illi:
434 1899 524 1986 Quid
545 1926 624 1997 ergo
642 1901 776 2000 Moyses
794 1901 965 1974 mandavit
981 1900 1062 1973 dare
1084 1899 1178 1972 libel·

61 2016 121 2090 lum
140 2015 278 2116 repudii
304 2030 338 2089 et
361 2015 558 2090 dimittere?
584 2016 640 2090 nit
667 2015 760 2090 illis:
790 2017 951 2116 quoniam
977 2016 1110 2116 Moyses
1136 2014 1180 2088 ad

60 2131 216 2205 duritiam
242 2128 478 2204 cordisvestri
504 2130 658 2230 permisit
680 2131 778 2205 vobis
801 2117 970 2204 dimittere
987 2157 1107 2204 uxores
1125 2156 1183 2204 ve-

61 2263 167 2321 stras:
205 2243 251 2318 ab
278 2244 374 2318 initio
399 2262 512 2318 autem
539 2271 606 2318 non
631 2245 695 2318 luit
720 2247 781 2320 sic.
810 2247 894 2320 Dico
919 2263 1031 2320 autem
1055 2245 1176 2332 tobis,

61 2361 136 2460 quia
160 2361 371 2460 quicumque
396 2359 565 2433 dimiserit
587 2385 725 2432 uxorem
746 2386 865 2448 suam,
893 2361 960 2433 nisi
982 2360 1025 2434 ob
1045 2360 1184 2434 fornica·

63 2476 200 2564 tionem,
234 2489 268 2548 et
297 2473 399 2549 aliam
429 2476 578 2561 duxerit,
612 2475 828 2562 moechatur,
862 2490 896 2549 et
919 2477 978 2574 qui
1004 2476 1182 2550 dimissum

62 2590 211 2679 duxerit,
245 2589 491 2665 moechatur.»
524 2590 586 2665 llis
617 2589 778 2691 parallela
803 2607 883 2664 sunt
912 2617 1000 2691 quae
1028 2589 1184 2688 leguntur

63 2705 159 2780 llaroi
184 2705 228 2777 X.
258 2720 292 2778 et
310 2704 389 2779 buc.
410 2705 493 2776 XVI.
520 2731 608 2804 quae
629 2704 772 2779 inferius
798 2704 955 2779 dabimus
979 2721 1080 2805 atque
1098 2706 1185 2779 inter

64 2847 95 2895 a
118 2819 337 2896 collationem
363 2819 594 2895 instituemus.

141 2935 188 3009 Ut
213 2933 371 3034 itaquea
398 2934 597 3035 quaestione
627 2935 670 3008 de
695 2934 902 3032 genuinitate
926 2961 966 3009 ac
997 2935 1185 3033 integritate

65 3050 203 3126 istorum
228 3064 378 3123 textuum
405 3049 564 3124 Matthaei
585 3050 776 3138 ordiamur,
799 3050 950 3124 nonnulli
968 3051 1185 3150 hypercritici

64 3183 168 3241 aetate
187 3165 256 3240 bac
272 3182 387 3241 nostra
404 3167 553 3267 primum
576 3167 611 3239 in
633 3167 774 3240 dubium
792 3183 1004 3254 revocarunt,
1026 3193 1115 3266 quae
1131 3193 1187 3243 oc·

64 3296 200 3354 currunt
223 3279 341 3355 Matth.
357 3280 394 3352 V.
413 3282 473 3353 at.
495 3283 554 3354 32.
575 3280 641 3352 Alii
658 3307 737 3356 vero
755 3308 844 3380 quac
860 3280 1028 3355 habentur
1043 3283 1129 3354 Xlll.
1148 3286 1182 3355 9.

64 3396 145 3469 Nam
173 3393 269 3496 quod
292 3396 412 3470 attinet
434 3395 479 3469 ad
505 3397 653 3497 priorem
680 3411 806 3470 textum
831 3398 951 3471 Franc.
983 3397 1059 3471 Ant.
1089 3399 1189 3497 J'ager

66 3511 256 3587 autumavit
272 3510 477 3586 clausulam:
505 3498 691 3610 παρεκτὸς
717 3498 848 3614 λόγου
873 3510 1071 3610 πορνείας,
1095 3540 1189 3586 accc

61 3643 120 3724 pto
145 3628 378 3728 [minationis
399 3653 500 3700 causo
523 3628 559 3700 in
582 3627 740 3725 genuinis
759 3627 924 3724 evangelii
941 3627 1116 3702 codicibus
1134 3629 1191 3703 de-

65 3742 183 3817 fuisse.
212 3742 276 3816 His
297 3769 397 3842 porro
423 3744 632 3842 argumentis
660 3743 815 3817 innititur
835 3744 879 3816 ad
900 3744 1064 3818 eiusmodi
1088 3743 1191 3842 placi·

65 3874 135 3932 tum
160 3857 377 3933 statuendum
405 3848 438 3930 l.
468 3859 560 3959 quod
582 3858 765 3959 primorum
789 3877 976 3959 temporum
994 3861 1190 3951 christianis

69 4000 253 4072 numquam
286 3973 322 4045 iu
356 3991 502 4047 mentem
527 3975 657 4049 venerit
683 3991 955 4075 temporaneam,
985 4003 1046 4049 seu
1078 3974 1191 4074 quoad

70 4105 204 4178 torum,
239 4088 284 4164 ob
309 4088 512 4164 adulterium
543 4090 747 4164 matrimonii
780 4090 981 4166 solutionem
1011 4091 1076 4165 boc
1099 4106 1191 4164 textu

73 4201 223 4292 firmare,
245 4202 306 4278 sed
331 4219 525 4279 constanter
544 4206 587 4278 ad
613 4205 756 4305 apostoli
784 4206 879 4280 Pauli
905 4206 1006 4280 effata
1031 4230 1192 4306 provoca-

76 4319 192 4407 rerint3
215 4320 250 4392 2.
266 4318 358 4419 quod
372 4318 595 4398 Tertullianus
614 4320 761 4398 reserens
775 4321 954 4398 Marcionis
971 4320 1192 4398 obiectionem

1068 4439 1089 4468 —k
