2796 5064
231 386 299 459 892
375 407 438 459 mo.
458 406 507 458 ιιι.
528 405 617 458 srcr.
638 406 770 457 ιιιιιιι.
783 406 823 456 nr
836 405 949 457 rnorss.
966 404 1062 456 ιιιτι.
1081 400 1209 458 enum.

229 526 316 599 rium
334 550 400 599 non
419 540 582 624 possunt,
602 525 687 624 quin
705 523 805 598 simul
824 539 937 597 notam
959 547 1122 596 erroneae
1143 548 1287 622 praxeos
1301 524 1344 596 si·

228 643 298 716 mul
323 659 358 717 et
378 642 550 716 doctrinae
576 642 766 728 incurrant,
794 656 831 713 ut
855 639 966 714 fusius
997 655 1116 739 postea
1140 639 1341 713 ridebimus.

264 796 267 801 ·
302 758 405 832 llisce
428 757 636 859 explanatis,
665 783 807 857 pronum
834 782 925 829 nunc
944 771 997 829 est
1020 770 1173 828 nostram
1195 754 1347 828 adfirma-

227 874 350 947 tionem
363 872 557 960 adstruere;
577 899 617 946 ac
636 873 744 971 primo
761 873 795 944 id
813 871 980 945 efficimus
997 871 1165 970 positive²
1182 887 1346 969 quatenus

226 987 369 1063 ecelesia
393 1013 513 1085 graeca
536 988 708 1087 adoptarit
734 1002 772 1059 ut
797 1012 878 1059 suos
899 1012 1061 1059 canones·
1076 984 1250 1059 eeclesiae
1274 985 1346 1058 afri·

225 1127 352 1190 canae,
387 1103 540 1202 adeoque
572 1101 707 1176 concilii
739 1101 946 1208 milevitani,
983 1099 1100 1200 quod,
1133 1116 1176 1173 ut
1204 1099 1344 1174 vidimus

225 1241 303 1290 cau.
329 1217 427 1289 xvlr.
457 1217 654 1305 constituit,
682 1231 720 1289 ut
745 1216 931 1290 secuudum
956 1214 1190 1312 evangelicam
1217 1231 1253 1289 et
1277 1241 1344 1314 apo

225 1331 380 1406 stolicam
400 1331 616 1431 disciplinam
637 1358 746 1433 neque
769 1331 933 1404 dimissus
959 1329 1002 1402 ab
1018 1355 1145 1417 uxore,
1169 1355 1285 1431 neque
1300 1328 1343 1402 di·

223 1448 331 1521 missa
347 1474 368 1521 ιι
384 1448 506 1521 manto
526 1447 622 1521 alteri
648 1448 913 1545 coniungantur;
942 1445 1003 1520 sed
1029 1446 1075 1518 ita
1099 1461 1269 1520 maneant
1293 1462 1342 1519 aut

225 1561 361 1636 sibimet
373 1562 640 1637 reconcilientur.
659 1563 766 1649 Quem
779 1588 943 1636 canonem
957 1562 1131 1636 renovavit
1143 1588 1245 1636 conc.
1273 1562 1341 1636 afri·

223 1701 347 1750 cunum
365 1677 554 1776 plenarium
572 1703 647 1779 cap.
668 1678 804 1750 Lxxvt.
833 1694 867 1750 et
891 1693 1024 1750 rursum
1050 1677 1086 1748 in
1109 1676 1233 1751 codice
1257 1702 1341 1750 eane

224 1819 306 1866 num
323 1793 487 1868 ecclesiae
503 1794 674 1868 africanae
690 1794 836 1867 insertus
854 1810 908 1868 est
923 1818 999 1867 can.
1016 1791 1087 1865 Cll.
1105 1818 1150 1867 ae
1167 1793 1205 1867 iu
1222 1817 1340 1868 canone

224 1911 389 1985 ecclesiae
414 1936 555 2011 graecae
581 1911 746 2011 reperitur
765 1913 830 2007 (3).

298 2025 472 2099 Praeterea
496 2025 638 2099 llichael
661 2024 880 2122 palaeologus
902 2025 936 2095 in
959 2022 1115 2125 symbolo
1132 2023 1218 2099 fidei
1237 2024 1339 2098 seuf-

223 2138 278 2214 dei
304 2140 514 2240 professione
537 2166 639 2240 quam
658 2167 714 2213 an.
736 2141 843 2212 1274.
865 2138 985 2213 obtulit
1002 2166 1086 2213 rom.
1108 2155 1208 2238 pont.
1229 2139 1339 2237 Grego

221 2254 273 2328 rio
285 2255 327 2326 X.
349 2255 384 2326 in
401 2253 545 2328 concilio
562 2254 715 2352 Lugdun.
738 2255 782 2326 ll.
804 2253 1138 2327 indissolubilitatem
1157 2253 1338 2329 absolutam

220 2371 425 2445 matrimonii
443 2372 617 2472 professus
638 2387 691 2445 est
708 2371 764 2444 his
780 2371 893 2447 verbis
902 2398 912 2465 ς
936 2373 1019 2445 «De
1035 2373 1257 2447 matrimonio
1272 2396 1338 2446 vero

222 2503 311 2560 tenet
339 2489 352 2583 (
364 2511 502 2559 romana
519 2485 685 2581 eeclesia)
710 2485 801 2585 quod
819 2511 881 2559 nec
900 2512 988 2557 unus
1012 2487 1064 2559 vir
1089 2486 1211 2585 plures
1228 2513 1337 2560 uxores

221 2606 345 2694 simul,
376 2632 437 2680 nec
463 2634 531 2680 una
560 2608 681 2680 mulier
710 2607 911 2707 permittitur
939 2606 1063 2679 habere
1088 2606 1209 2704 plures
1242 2608 1334 2680 viros.

220 2720 336 2795 Soluto
357 2747 436 2796 vero
462 2722 613 2820 legitimo
638 2724 851 2796 matrimonio
865 2748 927 2821 per
942 2737 1074 2793 mortem
1097 2726 1276 2822 conlapsam
1298 2721 1339 2794 al·

220 2839 344 2922 terius,
375 2839 541 2911 secundas
564 2855 597 2912 et
623 2839 736 2912 tertias
755 2839 878 2911 deinde
896 2839 1033 2936 nuptias
1059 2839 1259 2913 successive
1277 2838 1338 2911 lici·

218 2966 271 3025 tas
285 2976 362 3025 esse
379 2952 462 3025 dicit
480 2981 487 3024 :
510 2953 539 3025 si
559 2953 834 3053 impedimentum
849 2953 1049 3026 canonicum
1067 2951 1164 3024 aliud
1183 2978 1225 3025 ex
1243 2976 1336 3027 causa

219 3066 336 3167 aliqua
362 3094 429 3140 non
454 3067 597 3141 obsistat
618 3070 682 3163 (l).
703 3097 720 3137 a

291 3183 435 3256 Rursum
449 3209 525 3256 cum
539 3209 629 3257 saec.
646 3184 729 3255 lllll.
747 3184 998 3270 reformatores,
1015 3199 1053 3256 ut
1066 3209 1144 3257 sese
1156 3184 1335 3285 appellant,

218 3322 279 3369 seu
305 3297 537 3371 emendatores
566 3325 760 3386 sacrorum,
781 3325 902 3397 nempe
932 3298 1112 3386 haeretici,
1143 3298 1191 3371 ad
1210 3300 1338 3373 fulcien-

218 3410 281 3485 das
307 3437 412 3485 noras
430 3413 603 3486 doctrinas
631 3441 711 3487 suas
739 3414 902 3488 adversus
928 3413 1107 3487 ecelesiam
1134 3415 1338 3513 praesidium

217 3527 466 3629 quaesivissent
492 3556 595 3627 penes
615 3557 766 3628 graecos
792 3531 948 3602 leromias
975 3529 1172 3629 patriarcha
1191 3548 1338 3605 constan·

217 3642 460 3743 tinopolitanus
486 3645 621 3718 nomine
646 3645 808 3719 acclesiae
839 3673 922 3719 suae
947 3646 1036 3718 hanc
1060 3645 1103 3718 de
1130 3662 1338 3721 sacramento

216 3759 421 3833 matrimonii
446 3759 588 3859 eiusque
618 3761 913 3834 indissolubilitate
939 3761 1188 3860 professionem
1215 3761 1334 3836 edidit:

218 3873 487 3948 «Matrimonium
503 3875 537 3947 in
549 3876 666 3973 primis
680 3875 723 3947 ab
737 3876 890 3976 ipsoDeo
903 3877 1053 3950 omnium
1068 3901 1182 3949 rerum
1193 3877 1337 3976 omnipo

215 4005 304 4063 teute
321 4007 456 4064 auctore
473 3989 516 4063 ab
534 3990 629 4064 initio
647 3991 881 4076 constitutum,
902 3991 1140 4089 sancitamque
1157 4007 1228 4079 est,
1249 4007 1332 4074 tum.

289 4208 324 4272 (a)
340 4210 378 4261 ct.
390 4211 457 4260 Actu
469 4212 545 4261 conc.
558 4208 678 4259 nerduini
690 4211 750 4259 tom.
763 4211 783 4259 Ι.
794 4211 818 4260 in
830 4211 924 4260 monito
937 4209 968 4260 ed
980 4210 1046 4261 hunc
1055 4223 1145 4261 canon.
1156 4211 1207 4263 cel.
1219 4216 1273 4264 eet.
1283 4215 1332 4261 etr.

213 4285 347 4339 etiterum
368 4288 416 4339 eol.
432 4295 487 4341 92³.
501 4288 543 4339 ubl
554 4288 701 4339 exhibentur
721 4290 746 4338 til
768 4304 873 4341 meones
894 4303 980 4354 graeca
998 4292 1024 4342 et
1043 4290 1128 4342 lattne.

290 4367 325 4431 (t)
342 4369 370 4420 lu
392 4367 498 4421 collect.
512 4379 586 4420 mee.
601 4381 673 4420 conc.
687 4369 764 4420 Mami
784 4372 871 4422 venat.
887 4375 956 4423 rtet.
971 4373 1032 4423 tom
1046 4372 1136 4424 mv.
1151 4372 1202 4424 col.
1217 4374 1257 4425 tt.
