2796 5064
279 388 659 445 mansueriscam.
674 392 1129 458 aarrmon‘consuurrmnrm.
1198 377 1264 446 tot

223 509 273 582 Ex
297 504 422 610 quibus
442 504 788 602 decretishaltemus,
810 511 844 584 in
865 509 967 612 priori
986 513 1122 614 quidem
1142 517 1268 589 eonsti-

151 640 263 700 tutum
271 624 427 723 generale
437 626 639 728 principium
652 628 696 700 de
709 626 930 702 dissolutione
943 630 1089 728 coniugii
1107 631 1170 703 rati
1190 656 1270 705 uec·

150 740 231 813 dum
256 737 507 835 consummati&
529 768 569 816 ac
594 743 899 843 interpretationem
923 759 1030 818 textus
1054 744 1267 842 evangelicis

151 855 245 943 Quod
260 857 350 929 Deus
373 858 562 944 coniunxit,
585 859 675 930 homo
692 885 755 930 non
772 874 918 957 separet,
941 886 1003 933 nec
1022 886 1087 933 non
1106 861 1265 935 alterius:

149 971 219 1060 Qui
234 973 397 1046 ‹limacrt't
411 970 547 1046 umorem
566 1000 677 1059 mam,
693 990 827 1072 accepta
845 975 1071 1075 fornicationes
1088 979 1189 1056 eausa
1201 992 1264 1051 etc.

147 1086 190 1160 de
215 1085 428 1161 matrimonio
453 1104 704 1175 eonsummato3
734 1114 810 1160 cum
836 1087 965 1162 scilicet
994 1090 1155 1187 coniuges
1189 1090 1268 1165 lacti

146 1217 227 1276 sunt
242 1230 312 1276 uno
326 1195 424 1289 carm·
451 1204 485 1274 in
504 1203 680 1302 posteriori
702 1228 782 1277 vero
804 1204 911 1301 magis
933 1204 1192 1278 determinatum
1211 1206 1269 1279 ha·

146 1319 267 1393 bemus
289 1318 433 1393 duomm
465 1319 633 1393 mensium
657 1321 803 1418 spatium
834 1319 876 1393 ad
901 1319 1108 1395 definitivam
1140 1321 1267 1409 delibes

146 1426 332 1510 rationem
444 1460 450 1492 ὲ
506 1432 534 1441 ”
1217 1438 1245 1501 ’.

219 1542 312 1624 Alter
330 1553 480 1652 pontifex
491 1571 543 1628 est
556 1553 770 1631 Innocentius
785 1557 843 1630 lll.
865 1583 922 1631 an.
937 1556 1045 1630 tato.
1066 1553 1266 1656 quilugdu-

145 1667 245 1740 nansi
270 1662 526 1770 amhiepiscopo
549 1672 746 1770 rescripsit:
771 1674 872 1746 «Nos
890 1671 1102 1772 inquisitioni
1121 1688 1199 1745 tuae
1216 1686 1267 1744 ta-

145 1782 224 1856 liter
239 1784 505 1883 respondemus,
525 1786 616 1886 quod
636 1788 700 1859 etsi
723 1785 831 1886 possit
848 1814 914 1861 non
933 1784 1122 1861 inconsulte
1137 1783 1264 1871 rideri,

145 1897 240 1999 quod
265 1890 305 1972 eri
330 1923 399 1998 quo
424 1901 674 1974 matrimonium
700 1902 787 1974 inter
811 1901 978 1999 legitimas
1003 1927 1186 2003 personas,
1208 1925 1269 2000 per

143 2006 250 2087 rerbtl
261 2012 304 2086 de
316 2014 481 2114 praesenti
495 2015 719 2102 contrahitur,
737 2014 805 2090 illis
818 2016 1008 2090 virentibus
1022 2017 1056 2088 in
1070 2014 1167 2089 nullo
1184 2039 1267 2088 casu

144 2128 257 2229 possit
280 2128 499 2219 dissolrisut
520 2129 654 2205 vivente
674 2131 824 2231 reliquo,
850 2130 934 2205 alter
958 2131 1001 2204 ad
1023 2131 1173 2205 secunda
1189 2146 1268 2203 rota

144 2244 421 2342 transmigret...
438 2242 506 2318 Nos
531 2261 643 2320 tamen
669 2246 819 2321 nolentes
843 2274 863 2321 a
886 2247 1181 2347 praedecessorum
1208 2262 1268 2319 no*

144 2375 291 2434 atrorum
310 2360 465 2459 uestigiis
484 2359 673 2450 declinare,
698 2364 757 2462 qui
784 2363 989 2462 respondere
1012 2361 1173 2447 consulti,
1202 2387 1265 2434 an-

145 2491 280 2576 tequam
308 2476 558 2550 matrimonium
584 2478 629 2550 sit
653 2504 713 2576 per
738 2479 905 2552 carnalem
931 2479 1085 2578 copulam
1110 2503 1267 2551 consum-

144 2609 292 2680 matum,
321 2592 423 2667 licere
446 2593 539 2666 alteri
570 2595 776 2692 coniugum,
813 2595 943 2695 reliquo
975 2593 1185 2679 inconsulto,
1222 2591 1267 2667 ad
1304 2637 1320 2650 ·

144 2699 343 2808 religionem
366 2709 529 2798 transire;
549 2715 595 2783 ita
608 2710 699 2810 quod
719 2709 880 2810 reliquus,
902 2727 1024 2783 extunc
1040 2709 1188 2805 legitime
1206 2732 1266 2806 po-²

143 2825 224 2898 terit
240 2824 335 2898 alteri
353 2824 525 2925 copulari:
546 2826 610 2899 hoc
632 2828 743 2925 ipsum
769 2826 831 2899 tibi
856 2825 1065 2899 consulimus
1086 2823 1266 2897 observan-

144 2940 228 3013 dum
253 2941 289 3012 in
305 2931 456 3015 ‘articulo
473 2957 684 3042 praenotato,
706 2943 862 3042 quamvis
887 2941 974 3014 falsa
994 2941 1039 3013 sit
1061 2963 1185 3025 causa,
1207 2963 1267 3038 per

142 3081 248 3156 quam
274 3055 319 3129 ob
339 3057 587 3155 susceptionem
613 3057 677 3130 veli
705 3057 874 3157 praedicta
895 3055 1019 3129 mulier
1034 3071 1087 3128 est
1103 3054 1265 3140 inducta,

143 3197 222 3246 cum
249 3172 324 3245 eine
343 3171 493 3273 qualibet
514 3171 571 3245 tali
597 3166 718 3259 causa,
747 3171 894 3272 idipsum
926 3170 1099 3268 religionis
1131 3166 1269 3243 obtentu

144 3288 257 3362 iacere
274 3288 450 3390 potuisset.
481 3290 582 3362 Porro
608 3287 685 3362 licet
711 3288 883 3386 praedicta
910 3286 1030 3359 mulier
1054 3285 1215 3360 rideatur
1233 3282 1268 3356 in

143 3401 213 3477 veli
237 3404 453 3502 susceptione
471 3404 642 3501 religionis
662 3401 813 3475 habitum
832 3401 1083 3501 assumpsisse,
1105 3400 1134 3473 si
1153 3417 1265 3473 tamen

140 3517 226 3592 uelit
250 3518 285 3590 in
310 3519 410 3592 domo
434 3519 570 3617 propria
594 3543 786 3604 remanere,
815 3518 915 3617 quasi
942 3516 1151 3617 propositum
1169 3513 1268 3587 casti·

143 3633 227 3707 tatis
245 3632 279 3705 in
302 3633 417 3707 seculo
433 3651 627 3721 servatura,
649 3633 872 3707 nihilominus
890 3631 1192 3706 consummandum
1214 3642 1268 3713 est

142 3749 395 3822 matrimonium
413 3750 479 3822 iam
498 3766 725 3837 contractum,
750 3749 816 3821 nisi
834 3775 872 3822 se
890 3766 967 3823 roto
987 3741 1264 3821 obstrinxerit-ad

141 3861 391 3937 observantiam
411 3864 618 3962 regularem:
641 3866 674 3935 in
696 3889 764 3963 quo
786 3890 868 3937 casu
892 3859 1049 3961 compelli
1076 3873 1207 3958 potest,
1229 3870 1266 3926 ut

142 3979 261 4053 relicto
286 3980 417 4066 seculo,
443 3980 615 4079 religionis
641 3981 849 4080 propositum
875 3993 1060 4078 exequatur
1081 3975 1207 4068 (etto

218 4095 509 4195 Deprehendimus
532 4121 633 4194 porro
656 4122 696 4169 ex
721 4095 786 4169 hcc
811 4095 944 4169 decreto
964 4086 1194 4163 lnnocentium
1213 4084 1266 4157 ni·

139 4206 193 4286 hil
220 4209 297 4284 nori
323 4209 560 4297 constituisse,
594 4208 714 4284 sedin
745 4235 785 4284 eo
810 4207 940 4284 edendo
967 4201 1266 4304 praedecessorum

218 4384 268 4448 (25)
284 4384 347 4438 mid.
359 4399 413 4451 cap.
426 4388 491 4439 xlv.
511 4388 555 4439 Bc·
567 4388 649 4452 parte
665 4388 721 4438 tuo.
