2796 5064
268 385 335 433 err.
348 384 371 431 1.
384 383 423 431 nn
438 380 608 430 rostanni
628 377 836 427 smutrmm.
860 376 928 422 rar.
948 376 968 421 1.
1133 350 1175 416 tt

76 506 156 578 mala
183 503 341 599 abrogata
368 501 491 582 luerat,
513 524 552 570 ae
569 522 702 596 operam
728 521 858 566 omnem
883 494 1115 565 conferebant.
1143 512 1177 564 nt

75 647 168 693 sese
193 619 278 689 molo
304 629 508 715 opponerent
529 614 616 706 (ii).

141 736 248 806 Taceo
269 732 312 804 de
332 728 560 811 manichaeis,
586 727 643 825 qui
662 725 742 796 dum
761 726 896 822 nuptias
920 741 1089 824 tamquam
1109 755 1179 797 ma-

73 853 121 923 las
145 867 246 948 atque
267 875 287 920 a
312 846 401 918 malo
424 845 590 944 principio
617 858 854 940 promanantes
881 842 1106 927 damnabant,
1129 845 1179 913 in-

72 962 224 1036 credibili
250 961 391 1033 libidine
417 960 488 1032 suis
514 959 549 1028 in
571 956 790 1030 conventibus
817 955 1014 1028 dillluebant
1035 960 1122 1051 (io).

142 1077 318 1151 Eiusmodi
334 1101 432 1174 porro
446 1075 617 1147 doctrinae
629 1089 662 1144 et
675 1071 939 1145 abominationes
954 1099 1041 1172 quae
1055 1073 1113 1145 diu
1127 1101 1180 1147 eo-

72 1196 210 1267 clesiam
226 1192 428 1274 afflixerunt,
446 1215 484 1261 ac
497 1187 656 1286 probmm
675 1186 857 1259 christiano
876 1188 1015 1275 nomini,
1029 1188 1181 1287 ipsisque

72 1309 216 1382 ethnicis
235 1305 433 1380 scandalum
451 1320 620 1389 crearunt,
639 1303 843 1375 instauratae
857 1320 935 1375 sunt
948 1321 1055 1376 aetate
1072 1307 1182 1377 modia

72 1422 210 1497 asectis
228 1421 320 1493 illius
343 1421 500 1521 temporis
525 1445 590 1492 non
609 1419 731 1491 minori
758 1417 933 1490 dedecore.
963 1421 1093 1491 Etenim
1116 1423 1184 1493 Pic-

74 1539 163 1611 oardi
188 1564 258 1610 sec.
270 1537 343 1607 itti.
362 1535 452 1609 solos
471 1536 559 1608 sein
577 1536 733 1607 universa
752 1550 839 1605 terra
858 1535 973 1607 liberos
990 1562 1066 1608 esse
1083 1538 1185 1609 iacta-

75 1654 169 1738 bant,
192 1668 319 1726 ceteros
336 1677 415 1724 uero
433 1677 567 1735 somma,
588 1677 628 1723 oo
650 1649 740 1748 quod
761 1651 1018 1724 verecundiores
1036 1655 1184 1752 corporis

77 1786 186 1866 partes
213 1781 436 1863 contegerent.
466 1765 621 1838 Mulieres
646 1764 825 1862 picoarrlao
851 1766 884 1836 in
911 1791 1076 1838 carcerem
1107 1793 1186 1840 oon-

78 1883 178 1956 ieciae
196 1908 217 1954 a
235 1880 382 1980 quodam
396 1880 575 1952 Bohemiae
592 1878 728 1951 domino
748 1879 960 1951 affirmabant
977 1905 1035 1952 eos
1053 1882 1112 1979 qui
1131 1907 1186 1953 vo

80 2013 141 2069 stes
168 1995 317 2068 induunt
337 2019 404 2066 non
430 1986 552 2066 debere
573 1990 697 2064 liberos
719 1991 872 2064 homines
897 1994 1067 2065 aestimari
1094 1997 1183 2090 (at).

81 2109 259 2184 Piccardus
288 2126 398 2182 seciae
423 2108 593 2180 institutor
617 2105 708 2179 haud
734 2104 899 2179 dubitavit
924 2134 961 2180 se
987 2108 1107 2181 Filium
1126 2112 1187 2184 Dei

82 2251 272 2324 nuncupare
284 2250 324 2296 ac
336 2249 458 2295 novum
466 2221 573 2294 Adam
588 2223 684 2295 aDeo
697 2247 838 2293 missum
848 2223 889 2294 ad
904 2223 1058 2296 homines
1071 2225 1189 2299 docen-

82 2340 135 2414 dos
150 2358 292 2413 naturae
308 2338 429 2435 legem,
445 2363 533 2435 quae
545 2336 677 2409 duobus
691 2353 822 2410 constat
840 2341 1040 2438 praeceptis,
1054 2368 1189 2413 commu-

82 2458 189 2528 nitatis
206 2452 364 2527 ridelicet
380 2454 594 2552 foeminarum
607 2479 645 2525 ao
665 2451 830 2551 perlectae
843 2456 993 2553 corporis
1010 2456 1185 2530 nuditatis.

149 2571 244 2643 ldem
273 2569 329 2642 dic
354 2569 397 2641 de
423 2570 519 2641 novis
553 2568 730 2669 edomitis,
763 2571 821 2668 qui
855 2597 921 2643 sec.
951 2572 1033 2642 xiv.
1062 2589 1190 2646 veteres

85 2686 246 2758 adamitas
261 2683 379 2756 imitati
400 2700 493 2770 sunt,
511 2684 701 2756 effutientes
720 2684 811 2756 uiros
828 2710 903 2757 esse
920 2686 1056 2758 totidem
1069 2687 1188 2770 Adam,

85 2798 304 2898 mulieresque
337 2797 475 2871 totidem
502 2796 612 2871 Heras
638 2797 673 2868 in
705 2798 913 2871 innocentiae
947 2815 1035 2871 statu
1069 2827 1190 2873 novum

84 2915 274 3012 paradisum
296 2910 377 2985 midi
404 2911 587 2986 incolentes
604 2914 692 3007 (28).

150 3121 202 3181 (tt)
220 3119 261 3170 ct.
273 3120 393 3170 clement.
407 3120 475 3170 ilex.
488 3123 583 3170 Strotn.
593 3120 638 3170 tib.
648 3120 740 3170 itt-ru.
750 3121 944 3183 cit,pag.t3t.ct
954 3122 1193 3175 isaTireodoretum

86 3203 212 3250 iioeretie.
220 3197 348 3260 satietur.
361 3198 404 3248 lib.
418 3201 438 3248 1.
451 3213 505 3263 esp.
518 3202 583 3248 xvi.

152 3278 204 3339 (to)
218 3277 276 3328 vid.
285 3291 306 3327 s.
318 3278 436 3341 Epiphan.
447 3280 806 3343 Haeres.Lxxvi.s.1tugust.
815 3281 858 3329 itu.
872 3284 905 3330 tie
914 3281 1041 3331 troii-esto.
1050 3287 1195 3346 caprvi.

86 3360 210 3422 terperam
222 3358 424 3408 scroBeansobrc
435 3359 458 3407 in
469 3373 513 3408 aua
523 3361 636 3409 Histoire
644 3362 757 3424 critique
765 3360 797 3409 dr
808 3360 1005 3410 itautetttetdu
1013 3363 1196 3414 nrnrriciriisntc

85 3440 180 3489 adnisus
191 3442 230 3502 est
239 3452 282 3488 eos
291 3452 307 3488 a
317 3439 510 3502 turpitudinibus
520 3439 574 3489 istis
584 3439 725 3490 liberarem
737 3453 814 3503 nuper
827 3441 947 3490 retutatur
958 3454 973 3490 a
983 3444 1070 3493 iiatter
1087 3443 1112 3491 in
1126 3445 1194 3495 Hist.

86 3518 113 3569 dc
126 3519 225 3583 i'toiise
239 3518 322 3568 curet.
337 3520 397 3569 tum.
408 3521 427 3569 1.
439 3532 493 3582 pag.
506 3524 559 3569 sit.

153 3601 271 3648 crtemm
283 3598 314 3647 de
325 3598 364 3647 iris
377 3598 509 3663 primitivis
520 3599 649 3649 haereticis
657 3600 755 3664 copiose
763 3603 787 3650 et
798 3600 892 3650 erudito
901 3603 1050 3666 scripscmnt
1060 3605 1197 3654 Mansuetus

88 3679 109 3726 iu
126 3679 267 3728 Μυσίαι.
279 3679 398 3741 praeviis
411 3681 438 3727 in
456 3677 502 3727 tro.
515 3692 537 3727 s.
552 3680 657 3729 Irenuei
675 3667 780 3729 desert.
796 3683 818 3729 1.
835 3683 872 3730 De
889 3680 1038 3743 haereticis,
1056 3692 1198 3746 eorumque

87 3756 204 3817 uetitus,
221 3759 326 3819 scriptis
345 3759 371 3806 ct
388 3756 604 3806 doctrinaverit.
616 3760 730 3807 Laurent.
743 3762 819 3807 cozra
830 3759 854 3808 in
868 3761 1041 3809 commentar.
1055 3761 1197 3810 Historiae·

87 3836 239 3899 dopmnticis
249 3839 277 3885 in
290 3835 388 3886 tibrum
399 3850 420 3886 s.
429 3839 570 3900 Aopiutini
583 3836 616 3887 de
630 3838 795 3899 haeresibus,
813 3838 863 3888 duo
878 3839 1015 3889 vulin-toi.
1025 3842 1117 3890 Romae
1129 3844 1196 3890 titii.

88 3916 212 3965 Praeclara
226 3916 264 3965 est
281 3917 399 3979 perpetua
409 3916 462 3966 eius
474 3915 574 3966 ooliatio
584 3919 693 3968 veterum
705 3919 832 3968 naussum
845 3933 901 3969 cum
912 3920 1053 3970 haeresibus
1065 3921 1195 3983 secdtvi„

88 3996 153 4045 tect.
166 3994 244 4045 iteris
255 3997 364 4044 Tranasu
374 3997 461 4046 storto
472 3998 566 4046 critica
580 3995 653 4047 delta
667 4000 724 4047 vita
737 3997 808 4061 depti
819 3997 961 4049 eresioreii
978 3998 1022 4049 det
1035 4001 1122 4063 primo
1133 3997 1199 4048 edet

89 4073 194 4124 scendo
209 4074 294 4125 secolo
308 4073 381 4125 delto
392 4075 492 4140 chima,
505 4078 546 4126 tv.
557 4077 608 4127 roi.
619 4077 679 4128 inu,
690 4078 794 4128 venezia
808 4083 948 4129 17544759,

156 4153 206 4215 (27)
223 4156 325 4204 Ermant
335 4155 361 4203 in
372 4157 440 4206 siut.
451 4156 496 4207 des
509 4157 591 4207 heres.
606 4158 652 4208 art.
667 4157 829 4208 Pieurdiens.
842 4158 880 4208 ct.
889 4160 962 4209 ctiam
975 4160 1070 4222 Bergirr
1085 4162 1195 4209 Diction.

89 4234 130 4282 art.
143 4234 263 4285 Picerds.

157 4314 208 4377 (ts)
224 4317 330 4374 Quinam
344 4315 418 4367 tuerit
434 4319 543 4367 reiorum
563 4318 725 4369 adamitarnm
744 4319 871 4382 paradisus
888 4321 1003 4382 supipir.
1025 4322 1129 4369 naeres.
1147 4321 1197 4368 tu.

167 4421 208 4476 ill
1120 4431 1136 4478 ²
