2796 5064
138 343 206 413 294
269 363 329 412 ιιι.
346 359 393 411 ιιι.
410 362 496 412 sacr.
514 362 643 412 ιιιιιι.
662 362 700 410 ιι
718 360 828 410 mursa.
847 360 940 410 utra.
959 360 1084 411 cnarsr.

138 482 296 567 mittitur,
321 479 422 579 idque
447 478 490 552 ob
516 479 672 552 incertam
699 504 793 577 spem
821 477 914 549 iffum
941 475 1170 551 convertendi.
1196 478 1249 550 ui-

138 595 278 669 cendum
306 594 438 692 itaque:
468 592 640 666 mulierem
666 594 700 665 in
725 619 807 667 casu
834 592 990 666 adulterii
1017 591 1158 678 mariti,
1191 619 1249 666 non

140 709 211 780 fieri
230 707 433 787 adulteram,
458 708 488 780 si
513 734 551 780 se
571 722 724 805 separet,
746 707 806 780 sed
825 722 905 780 tunc
924 706 1093 806 primum,
1114 707 1145 779 si
1164 706 1251 780 alteri

141 822 254 895 nubit:
277 823 387 895 virum
405 839 516 895 numm
538 822 725 895 adulterum
747 822 888 919 dignum
911 846 989 894 esse
1008 837 1047 894 ut
1068 820 1190 893 mulier
1206 822 1253 892 in-

142 963 264 1010 nocens
283 936 329 1008 itti
351 937 516 1010 condonet
538 936 690 1036 cuipam,
719 954 752 1009 et
775 937 806 1008 ei
834 935 1090 1021 reconcilietur;
1112 951 1147 1008 et
1164 935 1193 1008 si
1210 936 1254 1008 sic

140 1052 263 1125 donata
288 1050 439 1125 adultero
461 1052 577 1135 venia,
609 1052 728 1124 iterum
753 1049 801 1121 ilfi
826 1049 1014 1134 cohabitet,
1035 1075 1104 1122 non
1122 1066 1174 1122 est
1190 1048 1254 1122 cul·

142 1165 273 1263 panda;
303 1191 364 1237 nec
390 1181 560 1263 tamquam
587 1163 738 1238 adnitere
763 1163 930 1238 habenda.
960 1163 993 1233 Si
1016 1189 1097 1236 vero
1114 1164 1167 1236 vir
1184 1188 1255 1235 ιιι

143 1307 211 1351 rem
237 1281 391 1367 deserat,
420 1281 521 1353 etad
548 1281 648 1353 aliam
673 1280 831 1365 accedat,
859 1306 934 1353 cnm
962 1280 1055 1377 paris
1076 1279 1122 1352 sit
1147 1278 1255 1352 condi-

142 1396 243 1468 tionis
267 1423 343 1468 cum
364 1422 467 1470 uxore
484 1423 523 1469 ex
547 1397 711 1470 sententia
728 1395 854 1468 Christi
871 1453 878 1479 ,
900 1395 1023 1493 etipse
1040 1393 1174 1468 adulter
1190 1411 1251 1477 est,

142 1512 224 1610 quia
250 1511 418 1585 faciteam
440 1511 580 1585 alteram
597 1510 900 1584 secummoechari
918 1566 926 1595 ‚
946 1524 981 1582 et
996 1534 1035 1582 ea
1053 1508 1254 1607 alteraque

142 1653 208 1726 que
232 1626 296 1699 erit
320 1627 490 1715 adultera,
518 1652 606 1727 quae
629 1626 777 1701 alienum
803 1626 912 1699 virum
940 1625 983 1698 ad
1011 1650 1050 1697 se
1075 1625 1231 1699 traducit.

216 1740 311 1815 Hanc
336 1741 586 1842 paraphrasim,
615 1742 828 1842 pmsequitur
853 1740 910 1812 hic
933 1754 1074 1823 auctor,
1104 1764 1175 1813 non
1200 1764 1254 1836 ap-

145 1856 359 1956 probantem,
389 1857 449 1930 sed
467 1857 700 1955 reprobantem
724 1856 891 1930 secundas
908 1880 1011 1928 causa
1029 1853 1189 1927 adulterii
1207 1878 1255 1925 se·

145 1987 335 2069 paratorum
356 1973 536 2068 coniugum
561 1971 716 2071 nuptiae,
738 1970 840 2043 menti
861 1970 896 2041 d.
919 1968 1035 2042 Basilii
1055 1966 1254 2042 conformem

144 2112 221 2159 esse
246 2085 387 2160 ostendo
410 2113 450 2159 ex
477 2087 552 2185 ipso
578 2088 706 2184 integm
731 2101 821 2159 textu
843 2084 986 2158 fideliter
1008 2084 1183 2168 traducto,
1203 2081 1254 2180 qni

145 2201 196 2272 sie
209 2201 328 2273 habet:
349 2201 502 2274 «Domini
518 2203 704 2288 sententia,
721 2200 840 2276 saltem
854 2200 896 2275 ob
912 2199 1087 2299 paritatem
1100 2196 1253 2278 rationis,

145 2342 252 2414 aeque
274 2317 429 2391 convenit
451 2318 533 2391 viris
559 2343 600 2390 ac
625 2317 800 2404 foeminis,
823 2342 943 2416 nempe
969 2342 1037 2389 non
1063 2313 1168 2388 licere
1192 2337 1256 2386 nra·

147 2431 367 2504 trimonialem
394 2432 661 2530 separationem,
698 2432 763 2503 nisi
788 2431 831 2504 ob
850 2456 987 2504 causam
1014 2428 1254 2502 fornicationis.

148 2547 378 2619 Verumtamen
397 2548 603 2621 consuetudo
620 2573 686 2620 non
700 2548 750 2620 sic
768 2546 886 2630 habet,
909 2573 986 2618 narn
1001 2544 1043 2617 de
1064 2544 1257 2617 mulieribus

147 2663 285 2735 multam
316 2664 554 2736 sententiarum
587 2663 845 2735 exactitudinem
881 2662 1098 2747 invenimus,
1133 2661 1258 2732 dicento

150 2777 327 2877 Apostolo:
356 2781 416 2875 qai
435 2779 616 2851 adhaeserit
643 2779 792 2861 mulieri,
821 2780 857 2876 fit
882 2805 981 2848 enirm
1008 2804 1149 2874 corpus:
1168 2794 1200 2848 ct
1220 2776 1259 2845 le·

149 2894 269 2965 remia:
291 2897 331 2965 Si
352 2896 453 2992 [uerit
477 2896 595 2965 mulier
619 2920 691 2965 cum
717 2895 783 2965 ufic
809 2897 898 2977 viro,
931 2919 994 2964 non
1019 2907 1198 2964 revertetur
1221 2889 1260 2960 ud

149 3009 256 3077 virum
280 3035 394 3093 suum,
422 3008 479 3080 sed
492 3010 621 3107 polluta
641 3010 828 3106 polluctum
856 3026 889 3080 et
914 3035 1053 3081 rursus:
1086 3007 1157 3094 Qui
1175 3006 1259 3078 habet

149 3120 464 3194 adulterumstuftus
484 3138 529 3194 est
549 3139 578 3194 ct
600 3125 730 3220 impius.
752 3124 778 3194 E
798 3140 913 3196 contra
934 3123 1147 3197 consuetudo
1164 3122 1256 3194 etiam

150 3236 239 3307 viros
257 3236 425 3308 adulteros
450 3254 483 3309 et
506 3238 541 3308 in
560 3238 777 3312 fornicatione
792 3238 973 3311 existentes
994 3238 1087 3310 iubet
1106 3264 1128 3309 a
1144 3236 1252 3309 mulie

153 3348 244 3422 ribus
271 3351 418 3422 retineri.
448 3351 562 3450 ltaque
587 3357 639 3448 (ut
662 3354 881 3451 respondeam
904 3354 947 3425 ad
965 3353 1179 3450 quaesitum)
1201 3374 1259 3421 non

149 3462 246 3535 video
264 3464 430 3560 quomodo
446 3465 564 3538 mulier
584 3466 654 3538 viro
675 3470 773 3561 (suo)
790 3467 933 3541 dimisso
954 3472 1078 3562 (causa
1092 3462 1257 3546 adulterii,

153 3575 328 3674 eidemque
354 3578 564 3651 reconciliata
585 3579 695 3652 denuo
709 3584 739 3674 ‚)
768 3581 966 3654 cohabitans
987 3580 1096 3680 possit
1116 3578 1260 3651 adultera

154 3693 322 3788 reputari:
349 3719 425 3764 nam
450 3709 589 3766 eatenus
614 3696 740 3767 crimen
763 3695 955 3790 (adulterii)
984 3695 1162 3768 mufierem
1188 3714 1260 3764 sea

154 3803 223 3874 viro
249 3822 457 3903 separantem
479 3805 587 3879 solum
605 3808 757 3904 attingit,
775 3826 942 3908 quatenus
962 3835 999 3882 se
1017 3809 1256 3886 habemuse,

153 3918 196 3991 ob
220 3946 322 4018 quam
347 3948 384 3993 se
405 3939 577 4020 separata
598 3924 773 4019 coniugio:
803 3951 880 3997 nam
907 3929 936 3997 si
964 3925 1060 4010 ideo,
1082 3923 1176 4024 quod
1193 3946 1260 4022 per·

155 4034 316 4119 canatur,
345 4051 377 4106 ot
402 4035 519 4133 plagas
546 4062 610 4109 non
637 4037 721 4110 ferat
748 4044 807 4132 (se
832 4056 983 4139 separet,
1014 4040 1256 4130 fundabere),

158 4149 300 4244 perferre
327 4151 434 4247 magis
459 4153 622 4248 oportuit,
651 4180 753 4252 quam
775 4158 923 4255 separari
949 4183 968 4228 a
993 4157 1151 4254 coniuge.
1173 4148 1258 4240 Quod

157 4263 185 4333 si
210 4291 275 4337 non
302 4265 384 4338 ferat
408 4266 641 4340 detrimentum
665 4269 827 4343 honorum
854 4275 960 4370 (quae
983 4272 1126 4346 maritus
1148 4265 1258 4366 dilapi-
