2796 5064
235 371 277 440 ll
411 393 471 442 ιιι.
494 391 541 442 ιιι.
563 390 648 441 sacr.
671 392 693 441 ι.
712 392 751 441 ne
770 392 864 442 aare.
881 390 1004 444 canrsr.
1022 391 1166 443 uulnere,

233 536 301 584 una
325 536 366 583 ex
391 510 447 584 bis
470 508 721 584 conditionibus
754 510 864 596 desit,
894 511 924 584 si
949 510 992 583 ad
1023 509 1200 584 libidinem
1231 511 1342 611 potius

233 625 396 725 quemad
414 623 721 724 multiplicationem
749 624 890 698 humani
915 625 1048 723 generis
1070 624 1293 713 adhibeatur,
1313 627 1341 700 si

233 741 363 841 primae
384 740 478 815 uxori
496 739 656 814 asseratur
675 740 818 827 iniuria,
841 741 870 814 si
888 742 973 815 ratio
991 740 1154 815 habeatur
1168 741 1271 838 legis,
1290 743 1341 817 sin

233 857 347 930 minus
369 855 564 956 explicitae,
583 856 700 930 saltem
723 857 916 956 implicitae,
937 872 1006 930 tum
1031 857 1202 932 enimvero
1226 858 1343 931 eadem

233 970 428 1071 polygamia
451 970 628 1044 inhonesta
653 970 798 1058 dicetur,
827 988 942 1046 contra
960 971 1012 1044 las
1029 972 1151 1057 etius,
1173 988 1208 1045 et
1228 989 1342 1048 eontra

234 1085 389 1184 spiritum
408 1085 514 1182 legis,
537 1101 636 1184 atque
662 1085 776 1185 aliquo
800 1113 880 1161 uero
904 1111 1009 1160 sensu
1030 1086 1219 1184 illegitima.

307 1200 408 1274 llisce
427 1200 472 1272 ita
490 1201 721 1298 praestitutis,
746 1228 887 1300 pronum
906 1202 973 1274 iam
991 1202 1054 1275 erit
1077 1219 1208 1302 patrum
1233 1204 1340 1288 dicta,

235 1342 322 1415 quae
335 1315 400 1389 sibi
416 1315 561 1389 inuicem
574 1317 760 1415 pugnantia
772 1317 950 1398 videntur,
970 1318 1057 1390 inter
1074 1343 1111 1391 se
1129 1343 1341 1419 componere.

235 1432 318 1505 Nam
344 1431 492 1505 uidimus
518 1459 547 1506 s.
566 1432 807 1533 Hieronymum
831 1434 864 1504 in
895 1435 1034 1531 gratiam
1057 1434 1344 1534 multiplicationis

234 1543 372 1619 humani
386 1547 519 1643 generis
532 1547 580 1619 uti
595 1547 718 1620 licitam
733 1548 804 1621 sive
817 1563 893 1621 ante
905 1548 977 1621 sive
990 1564 1066 1648 post
1077 1548 1244 1623 diluvium
1256 1549 1346 1651 poly-

234 1660 379 1758 gamiam
400 1661 574 1735 habuisse.
596 1662 693 1748 Quod
719 1663 748 1735 si
774 1663 884 1760 arguit
900 1663 1042 1737 lamech
1059 1663 1171 1737 verbis
1186 1662 1345 1738 a'lertul-

235 1776 326 1849 liano
352 1777 545 1877 usurpatis,
575 1804 641 1852 non
666 1779 783 1850 eadem
810 1796 920 1852 mente
947 1805 986 1852 ac
1002 1779 1229 1853 Tertullianus
1253 1806 1347 1854 mon·

236 1891 360 1965 tanista
385 1891 418 1964 id
444 1891 628 1991 praestitit,
655 1893 715 1965 sed
740 1893 831 1993 quod
857 1893 1010 1967 libidinis
1035 1893 1222 1993 explendae
1246 1920 1347 1969 causa

235 2005 372 2080 alteram
397 2032 533 2080 uxorem
555 2006 707 2094 duxerit,
732 2023 831 2106 prout
849 2009 998 2106 pessima
1018 2009 1081 2080 viri
1105 2009 1207 2082 buius
1224 2009 1345 2107 agendi

236 2123 320 2195 ratio
346 2122 487 2209 suadet;
516 2122 664 2223 alioquin
688 2151 717 2197 s.
734 2124 856 2198 Doctor
877 2124 943 2197 sibi
970 2124 1060 2197 haud
1082 2124 1287 2199 cohaereret.

308 2238 388 2310 Tres
416 2263 495 2311 uero
520 2241 768 2312 commemorati
800 2240 975 2339 pontifices
1008 2241 1169 2313 rationem
1200 2239 1347 2314 habuere

171 2428 172 2432 ,
236 2352 455 2453 primigeniae
480 2353 683 2428 matrimonii
704 2354 947 2442 institutionis,
964 2381 1004 2427 ao
1017 2356 1157 2456 proinde
1174 2357 1260 2429 satis
1278 2383 1346 2428 ma-

236 2468 377 2543 nilestae
400 2468 535 2544 divinae
559 2470 739 2545 voluntatis
764 2472 853 2545 circa
878 2472 1125 2568 monogamiam
1137 2487 1171 2544 et
1182 2471 1244 2544 Dei
1264 2471 1346 2569 legis

236 2584 301 2658 lato
335 2611 438 2658 sensu
462 2604 639 2686 acceptae3
668 2614 735 2660 non
768 2605 878 2660 autem
911 2587 1095 2687 loquuntur
1119 2588 1162 2659 de
1186 2613 1345 2687 expressa

235 2699 296 2773 Dei
321 2699 419 2798 lege,
448 2727 535 2800 quae
560 2701 716 2800 nuspiam
743 2718 894 2802 apparet.
912 2703 1037 2776 Eodem
1059 2729 1138 2775 vero
1160 2729 1265 2776 sensu
1287 2703 1346 2775 im-

236 2815 380 2914 probant
411 2817 534 2890 lactum
561 2817 702 2890 Lamech
738 2843 778 2890 ac
809 2843 838 2890 s.
862 2817 1087 2916 Hieronymus
1113 2818 1210 2891 cuius
1236 2818 1345 2892 serbis

235 2947 372 3004 utuntur
388 2935 500 3028 (tol).

309 3047 358 3118 llx
383 3074 422 3119 eo
445 3075 523 3121 vero
554 3047 645 3148 quod
675 3048 917 3122 affirmavimus
943 3048 978 3119 in
1005 3048 1108 3121 altera
1136 3048 1345 3121 animadver-

236 3160 564 3236 sionedeconsensu
591 3163 713 3262 prioris
738 3164 870 3250 uxoris,
899 3179 1000 3263 atque
1025 3190 1065 3235 er
1091 3163 1246 3236 cessione
1263 3164 1344 3235 iuris

237 3276 327 3375 quod
341 3302 381 3349 ea
394 3278 575 3376 acquisivit
597 3305 700 3378 super
723 3279 896 3367 maritum,
914 3279 1004 3352 bunc
1017 3279 1167 3378 potuisse
1179 3279 1345 3351 secundas

236 3407 269 3464 et
293 3390 467 3465 ulteriores
501 3394 637 3492 nuptiae
663 3394 773 3480 inire,
803 3420 867 3467 non
891 3395 1046 3493 sequitur
1076 3420 1177 3494 posse
1209 3419 1345 3468 uxorem

236 3507 279 3579 de
303 3533 470 3582 consensu
495 3510 604 3581 mariti
628 3510 731 3583 alium
753 3511 861 3583 virum
884 3511 1017 3583 ducere.
1036 3513 1118 3582 Nam
1139 3509 1346 3606 distinguere

237 3638 365 3720 oportet
395 3623 480 3696 inter
506 3651 546 3697 ea
568 3625 662 3713 iura,
689 3652 776 3724 quae
807 3643 926 3698 natura
955 3628 1076 3724 eor’pit,
1110 3625 1152 3697 ab
1180 3625 1232 3698 eis
1262 3651 1347 3724 quae

311 3864 378 3924 (tot)
393 3865 447 3913 Non
459 3862 547 3912 desunt
559 3864 716 3927 interpretes,
732 3863 775 3926 qui
791 3863 837 3913 sub
853 3864 900 3913 hoc
915 3866 1024 3927 respectu
1035 3863 1138 3912 Lamech
1150 3864 1275 3912 excusent.
1286 3864 1349 3911 later

237 3955 300 4004 qrros
316 3942 466 3992 Memennlus
477 3945 580 3999 onorat.
592 3945 617 3991 et
631 3945 770 3993 comment.
783 3946 809 3993 tn
829 3946 917 3993 Gener.
930 3943 960 3992 ad
973 3955 1026 4005 cap.
1036 3945 1077 3991 lv.
1092 3944 1195 4001 Queat.
1209 3945 1247 3991 st.
1259 3954 1284 3990 n.
1297 3949 1349 3991 tat.

237 4022 333 4071 scribit:
343 4021 510 4071 «Probabilius
522 4022 583 4071 mibi
596 4022 692 4072 ridetur
703 4035 747 4072 nec
758 4024 906 4072 Lamachum
920 4021 975 4071 ideo
985 4035 1108 4085 peccasse,
1122 4023 1180 4085 quia
1189 4020 1251 4071 does
1262 4032 1350 4069 uxorea

238 4101 335 4164 habult,
346 4114 391 4151 nec
403 4101 564 4164 polygamiam
575 4100 599 4150 in
611 4104 675 4151 statu
688 4100 747 4166 legis
757 4104 859 4152 naturae
867 4104 996 4164 corruptae
1005 4103 1061 4151 ante
1071 4099 1192 4150 diluvium
1203 4099 1352 4163 problbitarn

236 4180 429 4230 tuisse...immo
445 4192 475 4229 ex
491 4179 683 4242 patriarcharum
699 4182 754 4243 post
766 4179 888 4229 diluvlnm
900 4179 1034 4229 viventium
1048 4178 1160 4242 eruplo
1174 4179 1234 4228 eatis
1244 4176 1349 4228 eonllolo

238 4261 262 4310 ld
283 4273 332 4309 non
349 4259 430 4309 minus
449 4258 543 4309 licitum
562 4260 635 4310 irrisae
650 4262 705 4309 sole
727 4259 863 4322 dilnvium,
885 4259 943 4322 qula
960 4261 1069 4324 peterat
1084 4255 1298 4323 propagandorum
1315 4258 1349 4306 ia·

238 4339 396 4388 diridoorum
415 4339 567 4389 caesitas.»
