2796 5064
317 372 387 422 car.
405 372 450 421 vr.
466 372 506 421 ns
524 370 602 421 ntss.
620 372 714 420 narn.
733 372 817 433 anri,
829 371 893 423 nou
906 372 1065 426 seusun.
1098 390 1102 421 ;
1182 353 1257 424 led

140 490 229 562 dicat
256 513 324 560 non
352 513 427 560 esse
451 512 565 561 verum
590 488 839 560 matrimonium
864 505 897 562 et
920 489 1135 587 coniugium,
1159 506 1252 564 anw-

140 629 241 703 quam
268 604 314 675 sit
338 617 617 675 consummatum.
635 601 677 674 lt
700 619 789 676 certe
815 602 880 676 hoc
905 604 1034 678 indicat
1057 605 1167 704 ipsum
1194 631 1254 680 no-

140 742 214 789 men
243 728 518 799 consummatum,
547 716 645 815 quasi
676 714 859 813 perlectum
888 733 921 791 et
944 716 1133 792 absolutum
1159 720 1250 814 (llo

212 830 310 916 Quae
335 829 472 930 quidem
498 831 580 905 satis
602 846 725 904 temne
745 830 836 905 dicta
861 858 938 905 esse
959 831 1134 920 videntur;
1163 833 1254 906 dilli-

138 946 282 1020 cultates
303 963 434 1033 autem,
459 947 584 1045 quibus
607 946 803 1044 responderi
821 973 887 1020 non
907 972 1009 1046 posse
1030 964 1182 1022 autumat
1198 947 1255 1023 hic

139 1078 276 1148 auctor,
302 1061 404 1160 paulo
429 1077 506 1161 post
529 1063 736 1135 excutiemus
762 1061 875 1161 iisque
898 1063 981 1136 satis
1002 1079 1110 1163 atque
1119 1063 1254 1138 abunde

140 1177 337 1277 responderi
363 1177 591 1252 ostendemus.

213 1294 350 1366 lnterim
376 1320 417 1367 ex
442 1293 605 1367 hactenus
637 1294 737 1368 dictis
769 1310 859 1392 patet
887 1293 985 1369 nobis
1016 1239 1255 1368 uindicandam

139 1435 218 1483 osse
242 1408 459 1483 ecclesiae
431 1434 522 1482 circa
546 1408 637 1482 hunc
666 1409 844 1483 articulum
874 1409 1065 1484 doctrinam
1092 1409 1256 1483 adversus

138 1550 259 1598 omnes
284 1524 358 1597 eius
383 1525 646 1622 impugnatores.
667 1524 766 1611 Quod
790 1551 870 1599 vcro
887 1525 1005 1599 attinet
1026 1525 1067 1598 ad
1092 1525 1156 1599 has
1175 1526 1255 1598 [uiu-

138 1637 270 1722 dicias,
293 1638 503 1737 praemittere
520 1639 633 1712 adhuc
648 1638 811 1713 debemus
828 1638 906 1713 illas
922 1639 1256 1739 scientifice·speata·'

140 1771 193 1827 tas
221 1753 333 1827 varias
357 1779 434 1826 esse
463 1779 524 1852 pro
549 1755 789 1828 sententiarum
821 1756 1009 1841 tanente,
1048 1780 1137 1854 qaae
1169 1754 1256 1828 inter

140 1869 328 1944 catholicos
353 1870 526 1968 theologos
551 1870 651 1968 viget.
673 1870 848 1969 Siquidem
875 1870 932 1944 alii
959 1870 1131 1945 eiusmodi
1141 1870 1255 1944 disso-

142 1986 305 2060 lutionem
330 2002 484 2085 repetunt
507 2014 547 2060 ex
573 1987 646 2060 iure
671 1987 833 2073 naturali;
854 1986 912 2060 alii
938 2012 979 2060 ex
1006 1988 1078 2060 iure
1093 1985 1255 2060 ecclesia-

141 2101 249 2186 stico;
279 2100 337 2175 alii
362 2101 498 2174 demum
523 2128 563 2174 er
589 2103 661 2176 iure
685 2102 812 2175 divino.
843 2102 1113 2202 Unumquodque
1142 2105 1257 2174 autem?

141 2216 303 2316 placitum
334 2216 406 2290 suis
437 2216 665 2313 peculiaribus
693 2233 830 2315 urgetur
859 2216 1137 2304 difficultatibus,
1165 2241 1254 2316 quas

138 2330 359 2405 dissimulare
382 2356 445 2405 nec
462 2357 644 2431 possumus
663 2359 725 2406 nec
741 2332 921 2419 debemus,
943 2349 980 2406 ut
996 2359 1037 2406 ex
1053 2357 1169 2405 sarum
1187 2330 1257 2419 col-

140 2446 267 2521 latione
292 2448 373 2547 quid
391 2447 609 2521 verisimilius
626 2448 834 2522 censendum
851 2448 897 2521 sit
918 2446 1128 2544 colligamus.
1147 2445 1258 2520 nto·

139 2560 211 2634 luta
236 2563 435 2660 quaestione
459 2560 649 2658 dogmatica
674 2560 717 2634 de
742 2560 908 2635 solutione
932 2560 1081 2658 coniugii
1107 2561 1169 2634 rati
1189 2586 1258 2660 ¹per

139 2678 324 2751 solemnem
351 2678 523 2777 religionis
549 2678 811 2776 professionem,
832 2677 1054 2777 expendenda
1070 2677 1133 2750 erit
1149 2701 1254 2776 qaae·

140 2795 208 2867 stio
233 2793 438 2892 theologica,
468 2809 578 2868 utrum
596 2793 674 2867 aliis
691 2792 852 2891 gravibus
870 2794 913 2867 de
930 2792 1044 2866 causis
1061 2790 1256 2890 coniugium

139 2928 251 2984 ratum
277 2912 450 3010 pontilicia
474 2910 729 3010 dispensatione
758 2927 858 3011 atque
887 2911 1084 2985 auctoritate
1112 2907 1255 2982 dissolvi

140 3029 268 3128 possit,
297 3027 340 3102 de
364 3056 431 3128 qua
456 3028 593 3129 quidem
619 3029 817 3126 quaestione
842 3028 966 3129 duplex
983 3028 1155 3101 doctorum
1178 3050 1258 3098 sen-

141 3142 247 3216 tentia
271 3141 429 3229 habetur,
457 3169 599 3243 quarum
626 3141 731 3216 altera
760 3168 833 3216 eam
867 3156 1063 3242 potestatem
1094 3139 1258 3214 ecclesiae

141 3284 204 3331 seu
229 3283 312 3330 rom.
333 3258 481 3358 pontifici
508 3259 667 3355 denegat,
696 3257 798 3331 altera
824 3283 902 3331 vero
927 3257 1084 3330 adstruit.

216 3372 257 3445 Ut
282 3372 476 3473 igiturque
502 3399 565 3472 par
589 3390 640 3446 est
666 3373 904 3471 perspicuitate
928 3397 968 3445 ac
984 3372 1261 3446 methodotncs-

140 3488 281 3574 damus,
309 3483 478 3562 distinctis
510 3487 661 3562 articulis
692 3488 735 3560 de
767 3488 822 3561 his
851 3488 1009 3562 omnibus
1039 3487 1261 3588 pertractabi-¹

140 3628 239 3687 mus,
273 3602 459 3702 praemissa
490 3601 635 3699 generali
671 3602 823 3675 doctrina
852 3628 872 3674 a
901 3602 1044 3675 concilio
1075 3601 1257 3676 tridentino

139 3717 281 3790 definita
306 3717 371 3790 hoc
395 3742 523 3790 canone
539 3718 593 3788 tl.
616 3743 702 3790 sess.
723 3717 834 3789 lllllV.
847 3718 906 3789 «Si
926 3718 1003 3816 quis
1020 3717 1161 3803 dixerit,
1186 3741 1258 3788 ma«

140 3833 336 3906 trimonium
362 3835 488 3918 ratum,
510 3858 577 3906 non
594 3849 880 3920 consummatum,
904 3859 963 3933 per
980 3829 1258 3906 solemnem‘reli·

138 3949 254 4046 gionis
280 3949 524 4050 professionem
551 3948 688 4023 alterius
713 3949 893 4048 coniugum
920 3976 986 4023 non
1014 3947 1146 4033 dirimi;
1175 3952 1259 4019 ana-

141 4063 258 4137 thema
284 4063 364 4138 sit.»
1246 4080 1249 4087 “

214 4250 250 4310 (7)
267 4252 351 4314 opera
365 4254 443 4302 carto
457 4251 608 4314 theotocus
619 4251 700 4301 Latet.
710 4251 785 4300 Paris.
803 4255 869 4302 1677
882 4253 942 4301 tom.
957 4229 1135 4299 ll.1)emutr
1151 4261 1202 4311 par
1214 4248 1257 4296 lv

137 4333 441 4397 mwmfflm
