2796 5064
265 391 333 441 mr.
347 389 392 440 rr.
409 391 448 441 or
461 391 573 441 canuc.
593 392 682 440 rnnrr
695 393 730 441 ar
744 392 816 442 cin.
834 392 977 442 rnrnanr.
996 394 1066 442 rar.
1087 395 1108 441 r.
1184 372 1253 441 iti

136 534 176 579 eo
201 507 425 606 improbando
445 508 593 607 prudens
619 510 866 607 perseverantia
892 527 924 582 ct
950 512 1163 597 oeconomia,
1186 530 1253 585 turn

135 641 172 694 ut
197 623 332 696 facilius
357 649 615 722 assequeremur
631 625 697 698 vim
716 625 856 697 canonis
873 626 943 697 Vll.
960 626 1123 698 sessionis
1140 627 1252 700 lllllll.

132 737 269 810 concilii
284 737 456 812 tridentini
474 739 517 812 de
534 765 602 838 quo
619 739 799 812 dicendum
815 758 988 838 superest,
1006 757 1043 813 ut
1056 740 1144 814 hanc
1157 769 1257 841 quae·

134 853 281 926 ctionem
308 854 499 928 universam
519 854 561 927 de
578 854 874 929 indissolubilitate
891 855 1068 929 christiani
1087 858 1256 930 matrime

134 968 182 1039 nii
209 970 245 1039 in
271 995 375 1046 cauea
399 971 500 1045 etiam
520 971 677 1046 adulterii
704 971 932 1044 absolvamus.

558 1177 770 1233 ARTlCULUS
796 1177 831 1231 ll.

168 1354 214 1414 De
234 1361 343 1416 natura
361 1363 390 1416 et
411 1360 440 1415 vi
461 1358 583 1416 canonis
603 1357 671 1416 Vll.
693 1372 765 1416 sess.
787 1355 894 1415 XXIV.
917 1356 1032 1416 concilii
1053 1357 1211 1417 tridentini.

207 1548 324 1621 Canon
342 1548 387 1623 da
407 1576 475 1650 quo
492 1551 692 1624 disserimus
711 1549 766 1622 his
785 1550 896 1623 verbis
914 1565 1065 1622 constat:
1097 1551 1157 1621 «Si
1177 1552 1254 1650 quis

131 1661 258 1735 dixerit
280 1662 457 1736 eeclesiam
477 1690 608 1751 errare,
638 1690 713 1738 cum
741 1663 855 1736 docuit
879 1680 913 1736 et
932 1662 1029 1736 docet
1051 1663 1141 1737 iuxta
1159 1690 1257 1738 eran-

132 1776 276 1873 gelicam
300 1794 334 1850 et
357 1779 575 1878 apostolicam
600 1779 805 1864 doctrinam,
830 1796 964 1877 propter
987 1778 1187 1852 adulterium
1206 1779 1256 1852 al-

134 1893 241 1965 terius
266 1893 447 1991 coniugum
473 1894 674 1968 matrimonii
694 1894 866 1968 vinculum
886 1920 952 1967 non
971 1920 1073 1993 posse
1090 1894 1251 1981 dissolvi,

133 2023 168 2080 et
186 2023 386 2107 utrumque,
406 2009 459 2082 vel
480 2011 580 2083 etiam
599 2010 834 2093 innocentem,
856 2009 916 2107 qui
936 2034 1074 2083 causam
1092 2010 1255 2084 adulterio

134 2147 202 2195 non
223 2122 338 2211 dedit,
364 2151 430 2198 non
451 2150 572 2224 posse,
601 2123 705 2199 altero
732 2124 874 2221 coniuge
899 2125 1054 2210 vivente,
1074 2123 1167 2198 aliud
1186 2152 1257 2198 ma·

133 2237 328 2310 trimonium
360 2240 580 2326 contrahere,
622 2239 860 2337 moecharique
895 2265 995 2324 eum,
1023 2241 1081 2339 qui
1115 2240 1257 2315 dimissa

132 2352 306 2441 adultere,
334 2354 436 2428 aliam
460 2356 610 2441 duxerit,
639 2371 673 2427 et
692 2380 788 2441 eam,
812 2380 900 2452 quoe
922 2354 1065 2427 dimisso
1082 2354 1252 2441 adultero,

131 2465 189 2539 alii
217 2470 391 2568 nupserit;
418 2471 535 2544 anath.
565 2471 622 2544 sit.
639 2501 656 2539 »

207 2583 370 2670 Quamvis
394 2587 544 2660 omnium
571 2613 672 2659 manu
699 2587 775 2658 trita
797 2586 842 2658 sit
862 2585 966 2658 huius
984 2587 1124 2658 canonis
1148 2587 1254 2659 histo

132 2699 204 2785 ria,
237 2699 281 2772 ad
312 2701 484 2775 clariorem
511 2703 586 2774 eius
612 2700 833 2774 nihilominus
865 2701 1139 2797 intelligentiam,
1172 2701 1255 2773 saci·

132 2813 270 2914 liusque
293 2817 427 2890 concilii
454 2833 597 2890 mentem
624 2816 892 2915 assequendam,
921 2832 1023 2915 etque
1047 2814 1090 2887 ad
1114 2841 1254 2914 praepo-

131 2945 241 3002 steras
254 2932 468 3030 occupandas
481 2933 621 3004 canonis
636 2931 938 3030 interpretationes
955 2928 1253 3028 cavillationesque

131 3046 363 3134 amovendas,
392 3047 512 3121 iuverit
535 3072 631 3132 eam,
660 3064 758 3144 prout
784 3047 924 3118 refertur
948 3071 969 3117 a
990 3044 1082 3117 card.
1114 3043 1253 3116 Pallari-

129 3160 210 3233 cino
235 3160 312 3234 heic
332 3162 511 3236 subiicere.

133 3314 136 3318 ·
209 3275 357 3350 «Canon
371 3303 527 3377 quoque,
549 3277 666 3350 scribit
682 3279 777 3377 ipse,
799 3294 935 3377 paratus
954 3277 1062 3349 lucrat
1080 3301 1156 3349 cum
1175 3302 1253 3348 ana-

130 3389 296 3476 themate,
318 3391 352 3462 in
376 3416 452 3463 eum
479 3392 536 3491 qui
563 3391 687 3464 diceret
713 3392 925 3465 matrimonia
951 3407 1181 3465 consummata
1207 3390 1251 3463 ob

129 3505 333 3580 adulterium
365 3507 517 3581 dissolvi.
553 3506 618 3580 Sed
644 3523 792 3581 oratores
818 3509 952 3595 veneti,
983 3509 1038 3580 die
1070 3507 1248 3580 undecimo

129 3621 291 3720 Augusti,
312 3648 389 3696 oum
408 3624 493 3723 ipsis
512 3624 673 3721 posterior
690 3623 847 3697 modulus
865 3639 1021 3698 ostensus
1040 3639 1109 3707 est,
1131 3622 1253 3695 solem-

211 3857 262 3904 iarn
281 3867 341 3904 vcro
363 3857 416 3905 turn
436 3858 461 3906 iu
483 3854 576 3917 legibus
595 3855 745 3904 anteriorum
759 3856 950 3918 imperatorum,
963 3858 1015 3904 turn
1035 3854 1059 3903 in
1080 3852 1198 3903 Nouello
1213 3855 1251 3900 iu·

127 3934 232 3985 adulam
250 3934 412 3984 coustitutum
435 3938 488 3996 est,
502 3936 529 3983 ut
545 3935 688 3996 coniugium
710 3937 809 3997 propter
829 3933 946 3984 adulterii
972 3933 1090 3995 liegitium
1102 3930 1250 3990 solveretur;

126 4027 186 4063 curn
208 4013 290 4062 autem
310 4013 356 4063 irae
378 4012 443 4075 lcgcs
461 4013 554 4075 partem
567 4013 739 4063 constituerint
760 4012 821 4062 luris
840 4012 950 4063 canonici
967 4011 1087 4082 byzantini
1109 4008 1252 4073 praesertim

126 4106 206 4157 opera
226 4093 323 4154 Pirotii,
335 4093 424 4143 exinde
443 4092 535 4141 lactum
556 4094 593 4142 est
614 4094 642 4141 nt
664 4093 769 4155 coeperit
779 4130 787 4154 ,
799 4092 980 4155 invalueritque
994 4103 1067 4153 penes
1083 4100 1183 4150 graecos
1194 4100 1251 4137 con·

126 4173 235 4224 suendo
256 4174 302 4222 irac
322 4173 354 4223 de
372 4185 446 4222 cauea
466 4170 580 4235 coniugia
599 4171 719 4222 solvendi.
737 4176 870 4223 Euroram
886 4177 911 4222 et
933 4172 1033 4221 unicam
1046 4170 1165 4231 originem
1182 4168 1253 4217 iatius

125 4254 224 4311 ebusus
242 4253 359 4304 contrarii
380 4253 507 4303 doctrinae
528 4252 682 4313 evangelicae
699 4256 724 4302 et
744 4253 906 4315 apostolicae,
929 4266 1002 4314 quern
1026 4265 1082 4299 rora
1101 4249 1192 4299 Christi
1213 4261 1249 4295 cc·

126 4334 206 4384 ciceia
227 4334 314 4395 iugiter
334 4333 482 4397 reprobarit.
