<?xml version="1.0" encoding="UTF-8"?>
<!DOCTYPE html PUBLIC "-//W3C//DTD XHTML 1.0 Transitional//EN"
    "http://www.w3.org/TR/xhtml1/DTD/xhtml1-transitional.dtd">
<html xmlns="http://www.w3.org/1999/xhtml" xml:lang="en" lang="en">
 <head>
  <title>
</title>
<meta http-equiv="Content-Type" content="text/html;charset=utf-8" />
  <meta name='ocr-system' content='tesseract 3.04.00' />
  <meta name='ocr-capabilities' content='ocr_page ocr_carea ocr_par ocr_line ocrx_word'/>
</head>
<body>
  <div class='ocr_page' id='page_1' title='image "./dematrimoniochr01perrgoog_0124.png"; bbox 0 0 2796 5064; ppageno 0'>
   <div class='ocr_carea' id='block_1_1' title="bbox 143 353 1167 424">
    <p class='ocr_par' dir='ltr' id='par_1_1' title="bbox 143 353 1167 424">
     <span class='ocr_line' id='line_1_1' title="bbox 143 353 1167 424; baseline -0.004 0"><span class='ocrx_word' id='word_1_1' title='bbox 143 374 212 424; x_wconf 74' lang='lat' dir='ltr'><strong>car.</strong></span> <span class='ocrx_word' id='word_1_2' title='bbox 225 372 249 423; x_wconf 84' lang='grc' dir='ltr'><strong>ι.</strong></span> <span class='ocrx_word' id='word_1_3' title='bbox 262 373 302 422; x_wconf 84' lang='lat' dir='ltr'><strong>us</strong></span> <span class='ocrx_word' id='word_1_4' title='bbox 314 370 426 423; x_wconf 74' lang='lat' dir='ltr'><strong>unnim.</strong></span> <span class='ocrx_word' id='word_1_5' title='bbox 443 373 536 422; x_wconf 79' lang='lat' dir='ltr'><strong>uara.</strong></span> <span class='ocrx_word' id='word_1_6' title='bbox 551 372 654 421; x_wconf 84' lang='lat' dir='ltr'><strong>srncr.</strong></span> <span class='ocrx_word' id='word_1_7' title='bbox 674 372 746 421; x_wconf 78' lang='lat' dir='ltr'><strong>tuns</strong></span> <span class='ocrx_word' id='word_1_8' title='bbox 760 372 913 421; x_wconf 78' lang='lat' dir='ltr'><strong>urrunnu.</strong></span> <span class='ocrx_word' id='word_1_9' title='bbox 931 372 1001 421; x_wconf 78' lang='lat' dir='ltr'><strong>aar.</strong></span> <span class='ocrx_word' id='word_1_10' title='bbox 1014 373 1036 420; x_wconf 89' lang='lat'><strong>1.</strong></span> <span class='ocrx_word' id='word_1_11' title='bbox 1097 353 1167 420; x_wconf 82' lang='lat'><strong>119</strong></span> 
     </span>
    </p>
   </div>
   <div class='ocr_carea' id='block_1_2' title="bbox 58 482 1181 4269">
    <p class='ocr_par' dir='ltr' id='par_1_2' title="bbox 62 482 1164 705">
     <span class='ocr_line' id='line_1_2' title="bbox 67 482 1164 575; baseline 0 -14"><span class='ocrx_word' id='word_1_12' title='bbox 67 490 385 565; x_wconf 89' lang='lat' dir='ltr'><strong>indissolubilitatem</strong></span> <span class='ocrx_word' id='word_1_13' title='bbox 402 490 476 561; x_wconf 91' lang='lat' dir='ltr'><strong>iure</strong></span> <span class='ocrx_word' id='word_1_14' title='bbox 493 506 631 561; x_wconf 90' lang='lat' dir='ltr'><strong>naturae</strong></span> <span class='ocrx_word' id='word_1_15' title='bbox 643 515 718 561; x_wconf 88' lang='lat' dir='ltr'><strong>esse</strong></span> <span class='ocrx_word' id='word_1_16' title='bbox 736 482 873 561; x_wconf 90' lang='lat' dir='ltr'><strong>omnino</strong></span> <span class='ocrx_word' id='word_1_17' title='bbox 886 505 1164 575; x_wconf 81' lang='lat' dir='ltr'><strong>consentaneam,</strong></span> 
     </span>
     <span class='ocr_line' id='line_1_3' title="bbox 62 604 916 705; baseline -0.002 -29"><span class='ocrx_word' id='word_1_18' title='bbox 62 625 155 705; x_wconf 87' lang='lat' dir='ltr'><strong>atque</strong></span> <span class='ocrx_word' id='word_1_19' title='bbox 180 606 266 680; x_wconf 88' lang='lat' dir='ltr'><strong>adeo</strong></span> <span class='ocrx_word' id='word_1_20' title='bbox 291 608 325 678; x_wconf 78' lang='lat'><strong>3.</strong></span> <span class='ocrx_word' id='word_1_21' title='bbox 354 632 394 678; x_wconf 84' lang='lat' dir='ltr'><strong>ex</strong></span> <span class='ocrx_word' id='word_1_22' title='bbox 415 606 488 677; x_wconf 90' lang='lat' dir='ltr'><strong>iure</strong></span> <span class='ocrx_word' id='word_1_23' title='bbox 513 604 713 676; x_wconf 89' lang='lat' dir='ltr'><strong>secundario</strong></span> <span class='ocrx_word' id='word_1_24' title='bbox 740 604 916 701; x_wconf 79' lang='lat' dir='ltr'><strong>profluere.</strong></span> 
     </span>
    </p>

    <p class='ocr_par' dir='ltr' id='par_1_3' title="bbox 58 710 1178 3462">
     <span class='ocr_line' id='line_1_4' title="bbox 126 710 1169 820; baseline -0.001 -28"><span class='ocrx_word' id='word_1_25' title='bbox 126 722 169 792; x_wconf 86' lang='lat' dir='ltr'><strong>Et</strong></span> <span class='ocrx_word' id='word_1_26' title='bbox 193 747 277 794; x_wconf 88' lang='lat' dir='ltr'><strong>sane</strong></span> <span class='ocrx_word' id='word_1_27' title='bbox 301 722 344 793; x_wconf 86' lang='lat' dir='ltr'><strong>ad</strong></span> <span class='ocrx_word' id='word_1_28' title='bbox 376 710 635 820; x_wconf 88' lang='lat' dir='ltr'><strong>primumquod</strong></span> <span class='ocrx_word' id='word_1_29' title='bbox 661 718 802 804; x_wconf 80' lang='lat' dir='ltr'><strong>attinet,</strong></span> <span class='ocrx_word' id='word_1_30' title='bbox 841 718 1169 792; x_wconf 88' lang='lat' dir='ltr'><strong>indissolubilitatem</strong></span> 
     </span>
     <span class='ocr_line' id='line_1_5' title="bbox 59 834 1172 935; baseline -0.001 -27"><span class='ocrx_word' id='word_1_31' title='bbox 59 835 284 909; x_wconf 83' lang='lat' dir='ltr'><strong>omnimodam</strong></span> <span class='ocrx_word' id='word_1_32' title='bbox 309 846 387 910; x_wconf 84' lang='lat' dir='ltr'><strong>esse</strong></span> <span class='ocrx_word' id='word_1_33' title='bbox 411 835 603 909; x_wconf 87' lang='lat' dir='ltr'><strong>necessario</strong></span> <span class='ocrx_word' id='word_1_34' title='bbox 624 850 724 935; x_wconf 89' lang='lat' dir='ltr'><strong>atque</strong></span> <span class='ocrx_word' id='word_1_35' title='bbox 742 834 967 907; x_wconf 86' lang='lat' dir='ltr'><strong>essentialiter</strong></span> <span class='ocrx_word' id='word_1_36' title='bbox 984 861 1003 906; x_wconf 92' lang='lat' dir='ltr'><strong>a</strong></span> <span class='ocrx_word' id='word_1_37' title='bbox 1026 836 1097 907; x_wconf 86' lang='lat' dir='ltr'><strong>iure</strong></span> <span class='ocrx_word' id='word_1_38' title='bbox 1116 862 1172 907; x_wconf 91' lang='lat' dir='ltr'><strong>na-</strong></span> 
     </span>
     <span class='ocr_line' id='line_1_6' title="bbox 59 942 1170 1051; baseline 0.004 -31"><span class='ocrx_word' id='word_1_39' title='bbox 59 969 146 1023; x_wconf 88' lang='lat' dir='ltr'><strong>turae</strong></span> <span class='ocrx_word' id='word_1_40' title='bbox 166 967 380 1051; x_wconf 78' lang='lat' dir='ltr'><strong>praeceptam</strong></span> <span class='ocrx_word' id='word_1_41' title='bbox 399 950 528 1049; x_wconf 85' lang='lat' dir='ltr'><strong>probari</strong></span> <span class='ocrx_word' id='word_1_42' title='bbox 556 942 622 1023; x_wconf 87' lang='lat' dir='ltr'><strong>nou</strong></span> <span class='ocrx_word' id='word_1_43' title='bbox 640 967 770 1049; x_wconf 89' lang='lat' dir='ltr'><strong>potest:</strong></span> <span class='ocrx_word' id='word_1_44' title='bbox 799 951 865 1022; x_wconf 91' lang='lat' dir='ltr'><strong>imo</strong></span> <span class='ocrx_word' id='word_1_45' title='bbox 884 966 1033 1049; x_wconf 90' lang='lat' dir='ltr'><strong>spectata</strong></span> <span class='ocrx_word' id='word_1_46' title='bbox 1050 970 1170 1025; x_wconf 89' lang='lat' dir='ltr'><strong>nutura</strong></span> 
     </span>
     <span class='ocr_line' id='line_1_7' title="bbox 58 1064 1165 1163; baseline 0.001 -28"><span class='ocrx_word' id='word_1_47' title='bbox 58 1066 261 1138; x_wconf 82' lang='lat' dir='ltr'><strong>matrimonii</strong></span> <span class='ocrx_word' id='word_1_48' title='bbox 286 1091 353 1138; x_wconf 91' lang='lat' dir='ltr'><strong>non</strong></span> <span class='ocrx_word' id='word_1_49' title='bbox 379 1090 511 1163; x_wconf 89' lang='lat' dir='ltr'><strong>semper</strong></span> <span class='ocrx_word' id='word_1_50' title='bbox 539 1064 717 1138; x_wconf 82' lang='lat' dir='ltr'><strong>dissolutio</strong></span> <span class='ocrx_word' id='word_1_51' title='bbox 748 1065 798 1136; x_wconf 92' lang='lat' dir='ltr'><strong>illi</strong></span> <span class='ocrx_word' id='word_1_52' title='bbox 824 1065 955 1139; x_wconf 88' lang='lat' dir='ltr'><strong>videtur</strong></span> <span class='ocrx_word' id='word_1_53' title='bbox 981 1065 1165 1139; x_wconf 83' lang='lat' dir='ltr'><strong>adversari.</strong></span> 
     </span>
     <span class='ocr_line' id='line_1_8' title="bbox 58 1179 1170 1278; baseline 0.004 -29"><span class='ocrx_word' id='word_1_54' title='bbox 58 1179 186 1252; x_wconf 78' lang='lat' dir='ltr'><strong>Etenim</strong></span> <span class='ocrx_word' id='word_1_55' title='bbox 203 1179 248 1253; x_wconf 89' lang='lat' dir='ltr'><strong>ad</strong></span> <span class='ocrx_word' id='word_1_56' title='bbox 261 1179 329 1254; x_wconf 91' lang='lat' dir='ltr'><strong>duo</strong></span> <span class='ocrx_word' id='word_1_57' title='bbox 351 1180 564 1278; x_wconf 85' lang='lat' dir='ltr'><strong>potissimum</strong></span> <span class='ocrx_word' id='word_1_58' title='bbox 579 1181 768 1253; x_wconf 90' lang='lat' dir='ltr'><strong>institutum</strong></span> <span class='ocrx_word' id='word_1_59' title='bbox 782 1196 834 1253; x_wconf 90' lang='lat' dir='ltr'><strong>est</strong></span> <span class='ocrx_word' id='word_1_60' title='bbox 851 1181 1113 1268; x_wconf 82' lang='lat' dir='ltr'><strong>matrimonium,</strong></span> <span class='ocrx_word' id='word_1_61' title='bbox 1136 1183 1170 1253; x_wconf 92' lang='lat' dir='ltr'><strong>in</strong></span> 
     </span>
     <span class='ocr_line' id='line_1_9' title="bbox 58 1294 1173 1395; baseline 0.004 -29"><span class='ocrx_word' id='word_1_62' title='bbox 58 1294 205 1367; x_wconf 85' lang='lat' dir='ltr'><strong>officium</strong></span> <span class='ocrx_word' id='word_1_63' title='bbox 220 1313 360 1368; x_wconf 88' lang='lat' dir='ltr'><strong>naturae</strong></span> <span class='ocrx_word' id='word_1_64' title='bbox 376 1295 419 1368; x_wconf 88' lang='lat' dir='ltr'><strong>ad</strong></span> <span class='ocrx_word' id='word_1_65' title='bbox 434 1296 557 1395; x_wconf 84' lang='lat' dir='ltr'><strong>speciei</strong></span> <span class='ocrx_word' id='word_1_66' title='bbox 576 1297 862 1369; x_wconf 84' lang='lat' dir='ltr'><strong>conservationem</strong></span> <span class='ocrx_word' id='word_1_67' title='bbox 881 1321 920 1368; x_wconf 88' lang='lat' dir='ltr'><strong>ac</strong></span> <span class='ocrx_word' id='word_1_68' title='bbox 937 1297 1080 1394; x_wconf 78' lang='lat' dir='ltr'><strong>proinde</strong></span> <span class='ocrx_word' id='word_1_69' title='bbox 1099 1324 1173 1394; x_wconf 79' lang='lat' dir='ltr'><strong>pro</strong></span> 
     </span>
     <span class='ocr_line' id='line_1_10' title="bbox 61 1409 1173 1511; baseline 0.004 -33"><span class='ocrx_word' id='word_1_70' title='bbox 61 1409 99 1481; x_wconf 91' lang='lat' dir='ltr'><strong>lis</strong></span> <span class='ocrx_word' id='word_1_71' title='bbox 115 1412 381 1510; x_wconf 85' lang='lat' dir='ltr'><strong>procreationem</strong></span> <span class='ocrx_word' id='word_1_72' title='bbox 403 1427 504 1511; x_wconf 88' lang='lat' dir='ltr'><strong>atque</strong></span> <span class='ocrx_word' id='word_1_73' title='bbox 529 1411 775 1484; x_wconf 77' lang='lat' dir='ltr'><strong>educationem.</strong></span> <span class='ocrx_word' id='word_1_74' title='bbox 793 1413 863 1482; x_wconf 91' lang='lat' dir='ltr'><strong>lam</strong></span> <span class='ocrx_word' id='word_1_75' title='bbox 881 1438 958 1484; x_wconf 78' lang='lat' dir='ltr'><strong>uero</strong></span> <span class='ocrx_word' id='word_1_76' title='bbox 978 1428 1094 1484; x_wconf 85' lang='lat' dir='ltr'><strong>neuter</strong></span> <span class='ocrx_word' id='word_1_77' title='bbox 1120 1413 1173 1483; x_wconf 91' lang='lat' dir='ltr'><strong>in-</strong></span> 
     </span>
     <span class='ocr_line' id='line_1_11' title="bbox 62 1518 1171 1625; baseline 0.001 -29"><span class='ocrx_word' id='word_1_78' title='bbox 62 1525 186 1598; x_wconf 90' lang='lat' dir='ltr'><strong>terdum</strong></span> <span class='ocrx_word' id='word_1_79' title='bbox 212 1527 293 1599; x_wconf 87' lang='lat' dir='ltr'><strong>finis</strong></span> <span class='ocrx_word' id='word_1_80' title='bbox 310 1518 455 1600; x_wconf 83' lang='lat' dir='ltr'><strong>obtineri</strong></span> <span class='ocrx_word' id='word_1_81' title='bbox 479 1541 604 1625; x_wconf 91' lang='lat' dir='ltr'><strong>potest,</strong></span> <span class='ocrx_word' id='word_1_82' title='bbox 634 1552 739 1624; x_wconf 92' lang='lat' dir='ltr'><strong>quum</strong></span> <span class='ocrx_word' id='word_1_83' title='bbox 767 1552 851 1599; x_wconf 83' lang='lat' dir='ltr'><strong>uxor</strong></span> <span class='ocrx_word' id='word_1_84' title='bbox 875 1541 927 1599; x_wconf 89' lang='lat' dir='ltr'><strong>est</strong></span> <span class='ocrx_word' id='word_1_85' title='bbox 948 1526 1092 1612; x_wconf 89' lang='lat' dir='ltr'><strong>sterilis,</strong></span> <span class='ocrx_word' id='word_1_86' title='bbox 1119 1526 1171 1599; x_wconf 88' lang='lat' dir='ltr'><strong>vel</strong></span> 
     </span>
     <span class='ocr_line' id='line_1_12' title="bbox 64 1640 1171 1739; baseline 0.002 -27"><span class='ocrx_word' id='word_1_87' title='bbox 64 1667 160 1738; x_wconf 89' lang='lat' dir='ltr'><strong>quum</strong></span> <span class='ocrx_word' id='word_1_88' title='bbox 184 1641 322 1714; x_wconf 85' lang='lat' dir='ltr'><strong>morbus</strong></span> <span class='ocrx_word' id='word_1_89' title='bbox 339 1642 518 1714; x_wconf 92' lang='lat' dir='ltr'><strong>diuturnus</strong></span> <span class='ocrx_word' id='word_1_90' title='bbox 537 1642 739 1713; x_wconf 89' lang='lat' dir='ltr'><strong>matrimonii</strong></span> <span class='ocrx_word' id='word_1_91' title='bbox 757 1667 858 1713; x_wconf 92' lang='lat' dir='ltr'><strong>usum</strong></span> <span class='ocrx_word' id='word_1_92' title='bbox 877 1641 1056 1739; x_wconf 90' lang='lat' dir='ltr'><strong>intercipit.</strong></span> <span class='ocrx_word' id='word_1_93' title='bbox 1080 1640 1171 1726; x_wconf 86' lang='lat' dir='ltr'><strong>Quo·</strong></span> 
     </span>
     <span class='ocr_line' id='line_1_13' title="bbox 65 1755 1173 1854; baseline 0.005 -30"><span class='ocrx_word' id='word_1_94' title='bbox 65 1756 154 1829; x_wconf 88' lang='lat' dir='ltr'><strong>modo</strong></span> <span class='ocrx_word' id='word_1_95' title='bbox 180 1756 359 1829; x_wconf 73' lang='lat' dir='ltr'><strong>cerosolo</strong></span> <span class='ocrx_word' id='word_1_96' title='bbox 383 1756 523 1829; x_wconf 87' lang='lat' dir='ltr'><strong>rationis</strong></span> <span class='ocrx_word' id='word_1_97' title='bbox 547 1755 673 1827; x_wconf 89' lang='lat' dir='ltr'><strong>lumine</strong></span> <span class='ocrx_word' id='word_1_98' title='bbox 695 1755 803 1828; x_wconf 85' lang='lat' dir='ltr'><strong>evinci</strong></span> <span class='ocrx_word' id='word_1_99' title='bbox 831 1756 952 1853; x_wconf 90' lang='lat' dir='ltr'><strong>poterit</strong></span> <span class='ocrx_word' id='word_1_100' title='bbox 976 1755 1011 1826; x_wconf 90' lang='lat' dir='ltr'><strong>ia</strong></span> <span class='ocrx_word' id='word_1_101' title='bbox 1032 1771 1173 1854; x_wconf 90' lang='lat' dir='ltr'><strong>utroque</strong></span> 
     </span>
     <span class='ocr_line' id='line_1_14' title="bbox 65 1870 1174 1970; baseline 0.002 -30"><span class='ocrx_word' id='word_1_102' title='bbox 65 1887 114 1942; x_wconf 89' lang='lat' dir='ltr'><strong>aut</strong></span> <span class='ocrx_word' id='word_1_103' title='bbox 137 1872 172 1943; x_wconf 90' lang='lat' dir='ltr'><strong>in</strong></span> <span class='ocrx_word' id='word_1_104' title='bbox 198 1871 360 1946; x_wconf 87' lang='lat' dir='ltr'><strong>alterutro</strong></span> <span class='ocrx_word' id='word_1_105' title='bbox 381 1896 464 1945; x_wconf 89' lang='lat' dir='ltr'><strong>casu</strong></span> <span class='ocrx_word' id='word_1_106' title='bbox 486 1871 540 1943; x_wconf 91' lang='lat' dir='ltr'><strong>ius</strong></span> <span class='ocrx_word' id='word_1_107' title='bbox 567 1887 706 1943; x_wconf 90' lang='lat' dir='ltr'><strong>naturae</strong></span> <span class='ocrx_word' id='word_1_108' title='bbox 726 1870 769 1943; x_wconf 90' lang='lat' dir='ltr'><strong>ad</strong></span> <span class='ocrx_word' id='word_1_109' title='bbox 788 1886 981 1970; x_wconf 86' lang='lat' dir='ltr'><strong>perpetuam</strong></span> <span class='ocrx_word' id='word_1_110' title='bbox 1000 1871 1174 1942; x_wconf 91' lang='lat' dir='ltr'><strong>eontinen-</strong></span> 
     </span>
     <span class='ocr_line' id='line_1_15' title="bbox 66 1985 1174 2086; baseline 0.002 -30"><span class='ocrx_word' id='word_1_111' title='bbox 66 1987 135 2057; x_wconf 91' lang='lat' dir='ltr'><strong>tiam</strong></span> <span class='ocrx_word' id='word_1_112' title='bbox 155 1987 276 2060; x_wconf 87' lang='lat' dir='ltr'><strong>autad</strong></span> <span class='ocrx_word' id='word_1_113' title='bbox 299 1987 403 2086; x_wconf 89' lang='lat' dir='ltr'><strong>prolis</strong></span> <span class='ocrx_word' id='word_1_114' title='bbox 422 1987 643 2086; x_wconf 83' lang='lat' dir='ltr'><strong>privationem</strong></span> <span class='ocrx_word' id='word_1_115' title='bbox 661 1985 832 2083; x_wconf 80' lang='lat' dir='ltr'><strong>obligare,</strong></span> <span class='ocrx_word' id='word_1_116' title='bbox 849 1986 1174 2085; x_wconf 82' lang='lat' dir='ltr'><strong>dissolutionemque</strong></span> 
     </span>
     <span class='ocr_line' id='line_1_16' title="bbox 65 2099 1173 2197; baseline 0.001 -26"><span class='ocrx_word' id='word_1_117' title='bbox 65 2102 205 2197; x_wconf 78' lang='lat' dir='ltr'><strong>coniugii</strong></span> <span class='ocrx_word' id='word_1_118' title='bbox 231 2126 309 2175; x_wconf 88' lang='lat' dir='ltr'><strong>esse</strong></span> <span class='ocrx_word' id='word_1_119' title='bbox 332 2100 558 2174; x_wconf 82' lang='lat' dir='ltr'><strong>essentialiter</strong></span> <span class='ocrx_word' id='word_1_120' title='bbox 579 2099 732 2173; x_wconf 78' lang='lat' dir='ltr'><strong>malam?</strong></span> <span class='ocrx_word' id='word_1_121' title='bbox 755 2101 841 2172; x_wconf 85' lang='lat' dir='ltr'><strong>Hinc</strong></span> <span class='ocrx_word' id='word_1_122' title='bbox 866 2099 1087 2173; x_wconf 85' lang='lat' dir='ltr'><strong>bellarminus</strong></span> <span class='ocrx_word' id='word_1_123' title='bbox 1108 2129 1125 2168; x_wconf 81' lang='lat' dir='ltr'><strong>n</strong></span> <span class='ocrx_word' id='word_1_124' title='bbox 1143 2101 1173 2172; x_wconf 94' lang='lat' dir='ltr'><strong>si</strong></span> 
     </span>
     <span class='ocr_line' id='line_1_17' title="bbox 65 2215 1174 2315; baseline 0.001 -30"><span class='ocrx_word' id='word_1_125' title='bbox 65 2216 272 2302; x_wconf 82' lang='lat' dir='ltr'><strong>consideres,</strong></span> <span class='ocrx_word' id='word_1_126' title='bbox 298 2218 429 2315; x_wconf 88' lang='lat' dir='ltr'><strong>inquit,</strong></span> <span class='ocrx_word' id='word_1_127' title='bbox 457 2216 706 2288; x_wconf 89' lang='lat' dir='ltr'><strong>matrimonium</strong></span> <span class='ocrx_word' id='word_1_128' title='bbox 734 2215 942 2288; x_wconf 79' lang='lat' dir='ltr'><strong>ut&#39;cllieium</strong></span> <span class='ocrx_word' id='word_1_129' title='bbox 968 2230 1107 2288; x_wconf 88' lang='lat' dir='ltr'><strong>naturae</strong></span> <span class='ocrx_word' id='word_1_130' title='bbox 1131 2215 1174 2287; x_wconf 91' lang='lat' dir='ltr'><strong>ad</strong></span> 
     </span>
     <span class='ocr_line' id='line_1_18' title="bbox 65 2314 1175 2430; baseline -0.003 -26"><span class='ocrx_word' id='word_1_131' title='bbox 65 2314 312 2430; x_wconf 77' lang='lat' dir='ltr'><strong>propagandam</strong></span> <span class='ocrx_word' id='word_1_132' title='bbox 338 2331 486 2404; x_wconf 90' lang='lat' dir='ltr'><strong>sobolem</strong></span> <span class='ocrx_word' id='word_1_133' title='bbox 505 2357 604 2428; x_wconf 80' lang='lat' dir='ltr'><strong>aegre</strong></span> <span class='ocrx_word' id='word_1_134' title='bbox 623 2331 716 2403; x_wconf 91' lang='lat' dir='ltr'><strong>reddi</strong></span> <span class='ocrx_word' id='word_1_135' title='bbox 736 2346 846 2429; x_wconf 88' lang='lat' dir='ltr'><strong>potest</strong></span> <span class='ocrx_word' id='word_1_136' title='bbox 866 2331 949 2403; x_wconf 88' lang='lat' dir='ltr'><strong>ratio</strong></span> <span class='ocrx_word' id='word_1_137' title='bbox 968 2356 1028 2401; x_wconf 90' lang='lat' dir='ltr'><strong>cnr</strong></span> <span class='ocrx_word' id='word_1_138' title='bbox 1046 2329 1089 2403; x_wconf 95' lang='lat' dir='ltr'><strong>ob</strong></span> <span class='ocrx_word' id='word_1_139' title='bbox 1108 2346 1175 2402; x_wconf 84' lang='lat' dir='ltr'><strong>ste-</strong></span> 
     </span>
     <span class='ocr_line' id='line_1_19' title="bbox 65 2443 1177 2542; baseline 0 -27"><span class='ocrx_word' id='word_1_140' title='bbox 65 2446 213 2519; x_wconf 86' lang='lat' dir='ltr'><strong>rilitatem</strong></span> <span class='ocrx_word' id='word_1_141' title='bbox 241 2446 396 2542; x_wconf 79' lang='lat' dir='ltr'><strong>coniugis</strong></span> <span class='ocrx_word' id='word_1_142' title='bbox 423 2470 489 2518; x_wconf 93' lang='lat' dir='ltr'><strong>non</strong></span> <span class='ocrx_word' id='word_1_143' title='bbox 512 2445 609 2517; x_wconf 88' lang='lat' dir='ltr'><strong>liceat</strong></span> <span class='ocrx_word' id='word_1_144' title='bbox 629 2471 702 2518; x_wconf 88' lang='lat' dir='ltr'><strong>eam</strong></span> <span class='ocrx_word' id='word_1_145' title='bbox 728 2445 896 2516; x_wconf 89' lang='lat' dir='ltr'><strong>dimittere</strong></span> <span class='ocrx_word' id='word_1_146' title='bbox 917 2459 976 2516; x_wconf 92' lang='lat' dir='ltr'><strong>aut</strong></span> <span class='ocrx_word' id='word_1_147' title='bbox 993 2443 1095 2515; x_wconf 88' lang='lat' dir='ltr'><strong>aliam</strong></span> <span class='ocrx_word' id='word_1_148' title='bbox 1113 2444 1177 2541; x_wconf 56' lang='lat' dir='ltr'><strong>duf</strong></span> 
     </span>
     <span class='ocr_line' id='line_1_20' title="bbox 64 2555 1175 2634; baseline -0.003 -1"><span class='ocrx_word' id='word_1_149' title='bbox 64 2586 142 2634; x_wconf 88' lang='lat' dir='ltr'><strong>cere.</strong></span> <span class='ocrx_word' id='word_1_150' title='bbox 160 2563 198 2633; x_wconf 89' lang='lat' dir='ltr'><strong>Si</strong></span> <span class='ocrx_word' id='word_1_151' title='bbox 216 2562 410 2634; x_wconf 87' lang='lat' dir='ltr'><strong>consideres</strong></span> <span class='ocrx_word' id='word_1_152' title='bbox 428 2561 677 2633; x_wconf 91' lang='lat' dir='ltr'><strong>matrimonium</strong></span> <span class='ocrx_word' id='word_1_153' title='bbox 690 2577 727 2632; x_wconf 94' lang='lat' dir='ltr'><strong>ut</strong></span> <span class='ocrx_word' id='word_1_154' title='bbox 740 2578 792 2632; x_wconf 91' lang='lat' dir='ltr'><strong>est</strong></span> <span class='ocrx_word' id='word_1_155' title='bbox 810 2561 845 2630; x_wconf 94' lang='lat' dir='ltr'><strong>in</strong></span> <span class='ocrx_word' id='word_1_156' title='bbox 862 2555 1047 2632; x_wconf 85' lang='lat' dir='ltr'><strong>remedium</strong></span> <span class='ocrx_word' id='word_1_157' title='bbox 1062 2576 1175 2632; x_wconf 89' lang='lat' dir='ltr'><strong>contra</strong></span> 
     </span>
     <span class='ocr_line' id='line_1_21' title="bbox 65 2675 1176 2774; baseline 0 -29"><span class='ocrx_word' id='word_1_158' title='bbox 65 2677 312 2750; x_wconf 76' lang='lat' dir='ltr'><strong>fornicationem</strong></span> <span class='ocrx_word' id='word_1_159' title='bbox 338 2675 550 2760; x_wconf 88' lang='lat' dir='ltr'><strong>institutum,</strong></span> <span class='ocrx_word' id='word_1_160' title='bbox 579 2701 639 2747; x_wconf 90' lang='lat' dir='ltr'><strong>eur</strong></span> <span class='ocrx_word' id='word_1_161' title='bbox 663 2701 728 2747; x_wconf 93' lang='lat' dir='ltr'><strong>non</strong></span> <span class='ocrx_word' id='word_1_162' title='bbox 757 2675 877 2774; x_wconf 89' lang='lat' dir='ltr'><strong>poterit</strong></span> <span class='ocrx_word' id='word_1_163' title='bbox 904 2700 989 2747; x_wconf 82' lang='lat' dir='ltr'><strong>uxor</strong></span> <span class='ocrx_word' id='word_1_164' title='bbox 1015 2689 1176 2772; x_wconf 88' lang='lat' dir='ltr'><strong>perpetuo</strong></span> 
     </span>
     <span class='ocr_line' id='line_1_22' title="bbox 65 2784 1173 2886; baseline -0.007 -24"><span class='ocrx_word' id='word_1_165' title='bbox 65 2791 175 2865; x_wconf 90' lang='lat' dir='ltr'><strong>morbo</strong></span> <span class='ocrx_word' id='word_1_166' title='bbox 197 2790 356 2864; x_wconf 85' lang='lat' dir='ltr'><strong>laborans</strong></span> <span class='ocrx_word' id='word_1_167' title='bbox 376 2789 520 2875; x_wconf 88' lang='lat' dir='ltr'><strong>dimitti,</strong></span> <span class='ocrx_word' id='word_1_168' title='bbox 543 2813 603 2861; x_wconf 88' lang='lat' dir='ltr'><strong>eur</strong></span> <span class='ocrx_word' id='word_1_169' title='bbox 622 2815 688 2862; x_wconf 94' lang='lat' dir='ltr'><strong>non</strong></span> <span class='ocrx_word' id='word_1_170' title='bbox 711 2789 832 2886; x_wconf 89' lang='lat' dir='ltr'><strong>poterit</strong></span> <span class='ocrx_word' id='word_1_171' title='bbox 853 2788 921 2861; x_wconf 89' lang='lat' dir='ltr'><strong>alia</strong></span> <span class='ocrx_word' id='word_1_172' title='bbox 942 2787 1021 2859; x_wconf 94' lang='lat' dir='ltr'><strong>duci</strong></span> <span class='ocrx_word' id='word_1_173' title='bbox 1043 2787 1115 2880; x_wconf 72' lang='lat' dir='ltr'><strong>(bl)</strong></span> <span class='ocrx_word' id='word_1_174' title='bbox 1129 2784 1173 2855; x_wconf 75' lang='lat' dir='ltr'><strong>lu</strong></span> 
     </span>
     <span class='ocr_line' id='line_1_23' title="bbox 64 2902 1177 2999; baseline -0.004 -20"><span class='ocrx_word' id='word_1_175' title='bbox 64 2906 155 2992; x_wconf 80' lang='lat' dir='ltr'><strong>cuod</strong></span> <span class='ocrx_word' id='word_1_176' title='bbox 182 2908 213 2980; x_wconf 88' lang='lat' dir='ltr'><strong>si</strong></span> <span class='ocrx_word' id='word_1_177' title='bbox 238 2904 429 2980; x_wconf 86' lang='lat' dir='ltr'><strong>secundarii</strong></span> <span class='ocrx_word' id='word_1_178' title='bbox 463 2904 668 2977; x_wconf 88' lang='lat' dir='ltr'><strong>matrimonii</strong></span> <span class='ocrx_word' id='word_1_179' title='bbox 702 2904 787 2976; x_wconf 87' lang='lat' dir='ltr'><strong>linas</strong></span> <span class='ocrx_word' id='word_1_180' title='bbox 813 2917 1030 2999; x_wconf 90' lang='lat' dir='ltr'><strong>spectantur,</strong></span> <span class='ocrx_word' id='word_1_181' title='bbox 1062 2902 1177 2974; x_wconf 91' lang='lat' dir='ltr'><strong>cuius·</strong></span> 
     </span>
     <span class='ocr_line' id='line_1_24' title="bbox 64 3015 1171 3118; baseline -0.006 -24"><span class='ocrx_word' id='word_1_182' title='bbox 64 3024 147 3096; x_wconf 89' lang='lat' dir='ltr'><strong>modi</strong></span> <span class='ocrx_word' id='word_1_183' title='bbox 162 3038 243 3095; x_wconf 92' lang='lat' dir='ltr'><strong>sunt</strong></span> <span class='ocrx_word' id='word_1_184' title='bbox 259 3021 445 3094; x_wconf 89' lang='lat' dir='ltr'><strong>remedium</strong></span> <span class='ocrx_word' id='word_1_185' title='bbox 458 3018 776 3118; x_wconf 84' lang='lat' dir='ltr'><strong>concupiscientiae,</strong></span> <span class='ocrx_word' id='word_1_186' title='bbox 788 3033 945 3103; x_wconf 80' lang='lat' dir='ltr'><strong>¹mutuum</strong></span> <span class='ocrx_word' id='word_1_187' title='bbox 964 3015 1171 3103; x_wconf 90' lang='lat' dir='ltr'><strong>subsidium,</strong></span> 
     </span>
     <span class='ocr_line' id='line_1_25' title="bbox 63 3131 1178 3236; baseline -0.004 -29"><span class='ocrx_word' id='word_1_188' title='bbox 63 3155 90 3208; x_wconf 87' lang='lat' dir='ltr'><strong>ct</strong></span> <span class='ocrx_word' id='word_1_189' title='bbox 113 3137 142 3209; x_wconf 88' lang='lat' dir='ltr'><strong>si</strong></span> <span class='ocrx_word' id='word_1_190' title='bbox 167 3163 257 3236; x_wconf 91' lang='lat' dir='ltr'><strong>quae</strong></span> <span class='ocrx_word' id='word_1_191' title='bbox 282 3150 361 3208; x_wconf 91' lang='lat' dir='ltr'><strong>sunt</strong></span> <span class='ocrx_word' id='word_1_192' title='bbox 376 3134 461 3221; x_wconf 89' lang='lat' dir='ltr'><strong>alia,</strong></span> <span class='ocrx_word' id='word_1_193' title='bbox 487 3159 526 3206; x_wconf 91' lang='lat' dir='ltr'><strong>ea</strong></span> <span class='ocrx_word' id='word_1_194' title='bbox 551 3158 617 3205; x_wconf 93' lang='lat' dir='ltr'><strong>non</strong></span> <span class='ocrx_word' id='word_1_195' title='bbox 644 3156 777 3231; x_wconf 89' lang='lat' dir='ltr'><strong>semper</strong></span> <span class='ocrx_word' id='word_1_196' title='bbox 798 3156 861 3204; x_wconf 87' lang='lat' dir='ltr'><strong>nec</strong></span> <span class='ocrx_word' id='word_1_197' title='bbox 885 3131 1076 3204; x_wconf 87' lang='lat' dir='ltr'><strong>necessario</strong></span> <span class='ocrx_word' id='word_1_198' title='bbox 1102 3157 1178 3232; x_wconf 88' lang='lat' dir='ltr'><strong>per-</strong></span> 
     </span>
     <span class='ocr_line' id='line_1_26' title="bbox 65 3247 1178 3349; baseline -0.004 -26"><span class='ocrx_word' id='word_1_199' title='bbox 65 3254 254 3349; x_wconf 84' lang='lat' dir='ltr'><strong>petuitatem</strong></span> <span class='ocrx_word' id='word_1_200' title='bbox 278 3248 426 3348; x_wconf 80' lang='lat' dir='ltr'><strong>coniugii</strong></span> <span class='ocrx_word' id='word_1_201' title='bbox 452 3249 628 3345; x_wconf 82' lang='lat' dir='ltr'><strong>flagitant,</strong></span> <span class='ocrx_word' id='word_1_202' title='bbox 658 3274 767 3346; x_wconf 90' lang='lat' dir='ltr'><strong>neque</strong></span> <span class='ocrx_word' id='word_1_203' title='bbox 790 3247 973 3321; x_wconf 91' lang='lat' dir='ltr'><strong>ostendunt</strong></span> <span class='ocrx_word' id='word_1_204' title='bbox 1001 3272 1075 3318; x_wconf 87' lang='lat' dir='ltr'><strong>eam</strong></span> <span class='ocrx_word' id='word_1_205' title='bbox 1101 3271 1178 3318; x_wconf 90' lang='lat' dir='ltr'><strong>esse</strong></span> 
     </span>
     <span class='ocr_line' id='line_1_27' title="bbox 65 3359 842 3462; baseline -0.006 -25"><span class='ocrx_word' id='word_1_206' title='bbox 65 3369 177 3440; x_wconf 86' lang='lat' dir='ltr'><strong>aiure</strong></span> <span class='ocrx_word' id='word_1_207' title='bbox 204 3383 343 3439; x_wconf 88' lang='lat' dir='ltr'><strong>naturae</strong></span> <span class='ocrx_word' id='word_1_208' title='bbox 368 3365 482 3439; x_wconf 89' lang='lat' dir='ltr'><strong>stricte</strong></span> <span class='ocrx_word' id='word_1_209' title='bbox 510 3378 736 3462; x_wconf 88' lang='lat' dir='ltr'><strong>praeceptam.</strong></span> <span class='ocrx_word' id='word_1_210' title='bbox 839 3359 842 3366; x_wconf 76' lang='grc'><strong>’</strong></span> 
     </span>
    </p>

    <p class='ocr_par' dir='ltr' id='par_1_4' title="bbox 67 3475 1181 4269">
     <span class='ocr_line' id='line_1_28' title="bbox 131 3475 1174 3573; baseline -0.007 -20"><span class='ocrx_word' id='word_1_211' title='bbox 131 3484 307 3555; x_wconf 85' lang='lat' dir='ltr'><strong>Praeterea</strong></span> <span class='ocrx_word' id='word_1_212' title='bbox 333 3496 459 3553; x_wconf 90' lang='lat' dir='ltr'><strong>eertum</strong></span> <span class='ocrx_word' id='word_1_213' title='bbox 484 3494 552 3562; x_wconf 89' lang='lat' dir='ltr'><strong>est,</strong></span> <span class='ocrx_word' id='word_1_214' title='bbox 578 3478 685 3549; x_wconf 89' lang='lat' dir='ltr'><strong>Deum</strong></span> <span class='ocrx_word' id='word_1_215' title='bbox 715 3475 899 3560; x_wconf 89' lang='lat' dir='ltr'><strong>interdurn,</strong></span> <span class='ocrx_word' id='word_1_216' title='bbox 923 3476 991 3548; x_wconf 92' lang='lat' dir='ltr'><strong>imo</strong></span> <span class='ocrx_word' id='word_1_217' title='bbox 1017 3475 1174 3573; x_wconf 78' lang='lat' dir='ltr'><strong>saepiuS,</strong></span> 
     </span>
     <span class='ocr_line' id='line_1_29' title="bbox 67 3590 1179 3690; baseline -0.005 -22"><span class='ocrx_word' id='word_1_218' title='bbox 67 3615 96 3668; x_wconf 91' lang='lat' dir='ltr'><strong>ut</strong></span> <span class='ocrx_word' id='word_1_219' title='bbox 118 3592 331 3682; x_wconf 81' lang='lat' dir='ltr'><strong>uidebimus,</strong></span> <span class='ocrx_word' id='word_1_220' title='bbox 362 3595 425 3668; x_wconf 88' lang='lat' dir='ltr'><strong>hau</strong></span> <span class='ocrx_word' id='word_1_221' title='bbox 451 3592 548 3665; x_wconf 77' lang='lat' dir='ltr'><strong>in&#39;re</strong></span> <span class='ocrx_word' id='word_1_222' title='bbox 579 3591 821 3690; x_wconf 87' lang='lat' dir='ltr'><strong>dispensasse,</strong></span> <span class='ocrx_word' id='word_1_223' title='bbox 854 3590 1179 3688; x_wconf 89' lang='lat' dir='ltr'><strong>dissolutionemque</strong></span> 
     </span>
     <span class='ocr_line' id='line_1_30' title="bbox 67 3703 1179 3807; baseline -0.005 -26"><span class='ocrx_word' id='word_1_224' title='bbox 67 3712 185 3785; x_wconf 81' lang='lat' dir='ltr'><strong>vinculi</strong></span> <span class='ocrx_word' id='word_1_225' title='bbox 208 3709 395 3807; x_wconf 85' lang='lat' dir='ltr'><strong>coniugalis</strong></span> <span class='ocrx_word' id='word_1_226' title='bbox 420 3707 629 3806; x_wconf 86' lang='lat' dir='ltr'><strong>permisisse.</strong></span> <span class='ocrx_word' id='word_1_227' title='bbox 660 3707 747 3802; x_wconf 81' lang='lat' dir='ltr'><strong>Ergo</strong></span> <span class='ocrx_word' id='word_1_228' title='bbox 769 3703 907 3777; x_wconf 85' lang='lat' dir='ltr'><strong>evidens</strong></span> <span class='ocrx_word' id='word_1_229' title='bbox 935 3721 987 3776; x_wconf 88' lang='lat' dir='ltr'><strong>est</strong></span> <span class='ocrx_word' id='word_1_230' title='bbox 1012 3729 1078 3776; x_wconf 91' lang='lat' dir='ltr'><strong>non</strong></span> <span class='ocrx_word' id='word_1_231' title='bbox 1103 3728 1179 3775; x_wconf 91' lang='lat' dir='ltr'><strong>esse</strong></span> 
     </span>
     <span class='ocr_line' id='line_1_31' title="bbox 67 3821 1178 3924; baseline -0.007 -28"><span class='ocrx_word' id='word_1_232' title='bbox 67 3828 255 3924; x_wconf 79' lang='lat' dir='ltr'><strong>coniugium</strong></span> <span class='ocrx_word' id='word_1_233' title='bbox 268 3827 317 3897; x_wconf 87' lang='lat' dir='ltr'><strong>ita</strong></span> <span class='ocrx_word' id='word_1_234' title='bbox 334 3825 465 3897; x_wconf 88' lang='lat' dir='ltr'><strong>firmum</strong></span> <span class='ocrx_word' id='word_1_235' title='bbox 480 3882 487 3909; x_wconf 92' lang='lat'><strong>,</strong></span> <span class='ocrx_word' id='word_1_236' title='bbox 505 3838 653 3922; x_wconf 90' lang='lat' dir='ltr'><strong>spectato</strong></span> <span class='ocrx_word' id='word_1_237' title='bbox 670 3821 743 3892; x_wconf 89' lang='lat' dir='ltr'><strong>iure</strong></span> <span class='ocrx_word' id='word_1_238' title='bbox 766 3836 926 3904; x_wconf 91' lang='lat' dir='ltr'><strong>naturae,</strong></span> <span class='ocrx_word' id='word_1_239' title='bbox 942 3835 980 3891; x_wconf 92' lang='lat' dir='ltr'><strong>ut</strong></span> <span class='ocrx_word' id='word_1_240' title='bbox 994 3843 1178 3915; x_wconf 86' lang='lat' dir='ltr'><strong>numquam</strong></span> 
     </span>
     <span class='ocr_line' id='line_1_32' title="bbox 68 3933 1180 4038; baseline -0.011 -24"><span class='ocrx_word' id='word_1_241' title='bbox 68 3943 168 4038; x_wconf 88' lang='lat' dir='ltr'><strong>possit</strong></span> <span class='ocrx_word' id='word_1_242' title='bbox 186 3940 348 4013; x_wconf 87' lang='lat' dir='ltr'><strong>dissolvi:</strong></span> <span class='ocrx_word' id='word_1_243' title='bbox 372 3941 400 4011; x_wconf 91' lang='lat' dir='ltr'><strong>si</strong></span> <span class='ocrx_word' id='word_1_244' title='bbox 423 3939 512 4011; x_wconf 92' lang='lat' dir='ltr'><strong>enim</strong></span> <span class='ocrx_word' id='word_1_245' title='bbox 538 3936 719 4010; x_wconf 89' lang='lat' dir='ltr'><strong>dissolutio</strong></span> <span class='ocrx_word' id='word_1_246' title='bbox 748 3935 862 4007; x_wconf 86' lang='lat' dir='ltr'><strong>stricto</strong></span> <span class='ocrx_word' id='word_1_247' title='bbox 884 3949 916 4006; x_wconf 89' lang='lat' dir='ltr'><strong>et</strong></span> <span class='ocrx_word' id='word_1_248' title='bbox 940 3933 1099 4032; x_wconf 87' lang='lat' dir='ltr'><strong>primario</strong></span> <span class='ocrx_word' id='word_1_249' title='bbox 1122 3958 1180 4002; x_wconf 91' lang='lat' dir='ltr'><strong>na-</strong></span> 
     </span>
     <span class='ocr_line' id='line_1_33' title="bbox 70 4049 1179 4154; baseline -0.007 -31"><span class='ocrx_word' id='word_1_250' title='bbox 70 4072 155 4128; x_wconf 85' lang='lat' dir='ltr'><strong>turae</strong></span> <span class='ocrx_word' id='word_1_251' title='bbox 176 4055 243 4127; x_wconf 90' lang='lat' dir='ltr'><strong>iuri</strong></span> <span class='ocrx_word' id='word_1_252' title='bbox 265 4069 508 4154; x_wconf 86' lang='lat' dir='ltr'><strong>opponeretur,</strong></span> <span class='ocrx_word' id='word_1_253' title='bbox 533 4079 573 4125; x_wconf 88' lang='lat' dir='ltr'><strong>ea</strong></span> <span class='ocrx_word' id='word_1_254' title='bbox 595 4065 710 4150; x_wconf 91' lang='lat' dir='ltr'><strong>utpote</strong></span> <span class='ocrx_word' id='word_1_255' title='bbox 733 4049 958 4123; x_wconf 87' lang='lat' dir='ltr'><strong>essentialiter</strong></span> <span class='ocrx_word' id='word_1_256' title='bbox 980 4074 1019 4120; x_wconf 91' lang='lat' dir='ltr'><strong>ae</strong></span> <span class='ocrx_word' id='word_1_257' title='bbox 1047 4071 1179 4143; x_wconf 90' lang='lat' dir='ltr'><strong>semper</strong></span> 
     </span>
     <span class='ocr_line' id='line_1_34' title="bbox 74 4165 1181 4269; baseline -0.009 -30"><span class='ocrx_word' id='word_1_258' title='bbox 74 4170 168 4255; x_wconf 88' lang='lat' dir='ltr'><strong>mala,</strong></span> <span class='ocrx_word' id='word_1_259' title='bbox 194 4194 379 4269; x_wconf 87' lang='lat' dir='ltr'><strong>numquam</strong></span> <span class='ocrx_word' id='word_1_260' title='bbox 400 4194 421 4240; x_wconf 92' lang='lat' dir='ltr'><strong>a</strong></span> <span class='ocrx_word' id='word_1_261' title='bbox 442 4168 512 4241; x_wconf 83' lang='lat' dir='ltr'><strong>Deo</strong></span> <span class='ocrx_word' id='word_1_262' title='bbox 539 4166 683 4268; x_wconf 88' lang='lat' dir='ltr'><strong>permitti</strong></span> <span class='ocrx_word' id='word_1_263' title='bbox 702 4179 829 4264; x_wconf 86' lang='lat' dir='ltr'><strong>posset.</strong></span> <span class='ocrx_word' id='word_1_264' title='bbox 861 4165 930 4235; x_wconf 93' lang='lat' dir='ltr'><strong>lam</strong></span> <span class='ocrx_word' id='word_1_265' title='bbox 949 4188 1029 4235; x_wconf 86' lang='lat' dir='ltr'><strong>veru</strong></span> <span class='ocrx_word' id='word_1_266' title='bbox 1047 4174 1181 4232; x_wconf 86' lang='lat' dir='ltr'><strong>constat</strong></span> 
     </span>
    </p>
   </div>
   <div class='ocr_carea' id='block_1_3' title="bbox 140 4323 537 4383">
    <p class='ocr_par' dir='ltr' id='par_1_5' title="bbox 140 4323 537 4383">
     <span class='ocr_line' id='line_1_35' title="bbox 140 4323 537 4383; baseline -0.013 -11"><span class='ocrx_word' id='word_1_267' title='bbox 140 4323 190 4383; x_wconf 80' lang='lat' dir='ltr'><strong>(nt)</strong></span> <span class='ocrx_word' id='word_1_268' title='bbox 207 4323 333 4372; x_wconf 76' lang='lat' dir='ltr'><strong>Demctr.</strong></span> <span class='ocrx_word' id='word_1_269' title='bbox 354 4334 408 4383; x_wconf 83' lang='lat' dir='ltr'><strong>cap.</strong></span> <span class='ocrx_word' id='word_1_270' title='bbox 421 4323 461 4369; x_wconf 78' lang='lat' dir='ltr'><strong>lv.</strong></span> <span class='ocrx_word' id='word_1_271' title='bbox 477 4334 500 4368; x_wconf 94' lang='lat' dir='ltr'><strong>n.</strong></span> <span class='ocrx_word' id='word_1_272' title='bbox 515 4327 537 4369; x_wconf 76' lang='lat' dir='ltr'><strong>n,</strong></span> 
     </span>
    </p>
   </div>
   <div class='ocr_carea' id='block_1_4' title="bbox 0 0 1415 5064">
    <p class='ocr_par' dir='ltr' id='par_1_6' title="bbox 0 0 1415 5064">
     <span class='ocr_line' id='line_1_36' title="bbox 0 0 1415 5064; baseline 0 0"><span class='ocrx_word' id='word_1_273' title='bbox 0 0 1415 5064; x_wconf 95' lang='lat' dir='ltr'><strong> </strong></span> 
     </span>
    </p>
   </div>
  </div>
 </body>
</html>
