2796 5064
244 238 310 308 lbi
386 262 446 310 nn.
469 258 516 309 nr.
537 255 624 308 seon
646 253 775 307 nerana.
789 252 836 306 ur
850 254 964 307 mures.
979 255 1077 306 narn.
1094 255 1220 308 caarsr.

242 379 283 451 ad
310 370 504 476 dignitatern
531 393 664 450 evectus
688 393 740 449 est
766 374 986 461 sacramenti,
1015 391 1052 447 ut
1083 374 1239 449 indidem
1254 394 1257 398 ‘
1271 391 1341 448 tam-

241 520 343 593 quam
360 519 400 564 ex
419 491 619 564 inexhausto
646 492 734 564 fonte
759 491 919 587 coniuges
945 489 1105 562 hauriant
1129 488 1287 564 subsidia
1307 491 1342 563 ad

243 609 438 709 perferenda
463 632 564 680 onera
589 606 718 679 adnexa
743 606 914 704 coniugio.

314 724 410 809 Quod
431 723 459 794 si
479 722 638 818 coniuges
656 748 695 794 ea
712 722 824 794 media
837 719 1024 817 negligant,
1041 721 1071 793 si
1090 722 1345 820 parvipendant,

242 842 271 911 si
299 838 417 910 malint
434 853 571 910 naturae
589 837 679 910 vitiis
697 836 889 934 indulgere,
911 835 977 909 sibi
1002 860 1069 909 non
1091 853 1209 910 autem
1233 837 1345 911 Christi

243 953 393 1049 religioni
420 951 613 1024 adscribant
638 976 726 1052 quae
752 950 827 1024 illos
854 950 1072 1022 circumstant
1096 949 1204 1023 mala.
1228 953 1305 1024 llam
1319 953 1344 1023 si

243 1093 297 1139 res
314 1066 397 1139 bene
417 1067 543 1164 riteque
561 1066 801 1165 perpendatur,
822 1064 949 1165 patebit
966 1064 1112 1137 maxima
1130 1065 1256 1140 saltem
1272 1092 1346 1166 quac

242 1197 483 1278 exaggerantur
506 1181 716 1255 incommoda
733 1205 772 1253 ex
791 1178 1031 1279 cupiditatibus
1053 1205 1121 1253 non
1141 1181 1231 1254 satis
1253 1181 1345 1255 domi·

240 1299 285 1370 tis
299 1322 338 1370 ac
352 1297 515 1394 repressis
530 1297 691 1393 originem
706 1295 851 1368 trahere.
863 1295 933 1368 Hae
945 1295 1137 1381 vincantur,
1153 1314 1188 1369 et
1201 1314 1347 1396 superata

240 1427 337 1482 emnt
350 1435 470 1508 magna
482 1436 521 1482 ex
536 1426 629 1509 parte
646 1409 812 1482 eiusmodi
832 1407 1062 1495 incommoda,
1079 1425 1142 1483 aut
1158 1409 1281 1484 saltem
1292 1436 1347 1483 uon

241 1525 326 1598 adeo
337 1524 515 1622 urgebunt,
531 1540 569 1596 ut
583 1524 761 1620 confugere
777 1523 920 1598 debeant
929 1524 1087 1621 coniuges
1101 1523 1147 1597 ad
1163 1525 1292 1599 vinculi
1307 1551 1348 1598 so

242 1640 416 1714 lationem.

313 1756 466 1829 Ceterum
493 1755 556 1831 hoc
582 1758 657 1856 ipso
682 1756 772 1856 quod
797 1756 982 1829 christiana
1008 1753 1128 1852 religio
1159 1756 1289 1829 multas
1311 1755 1348 1828 ob

130 1896 137 1907 ·
242 1896 363 1943 causas
388 1870 509 1944 doceat
535 1872 605 1943 lieri
633 1897 733 1970 posse
758 1871 901 1946 divortia
925 1869 1037 1969 quoad
1064 1887 1176 1944 torum
1203 1888 1240 1944 et
1259 1870 1349 1944 coha-

241 1984 452 2072 bitationem,
474 1987 504 2057 si
522 2012 575 2059 res
594 2013 633 2060 eo
651 1988 877 2086 pervenirent,
907 2000 943 2058 ut
966 2010 1106 2058 necesse
1132 1986 1222 2059 foret
1245 1987 1345 2063 conin-

241 2124 301 2195 ges
326 2098 369 2170 ad
394 2116 520 2172 certum
547 2103 751 2174 incertumve
776 2117 910 2200 tempus
935 2100 1078 2172 invicem
1102 2103 1280 2198 separari,
1298 2101 1347 2173 da·

242 2228 295 2285 tur
319 2211 413 2287 locus
429 2213 584 2288 leniendi
609 2215 755 2303 doloris,
783 2241 824 2288 ac
847 2215 921 2288 vias
938 2232 1059 2287 omnes¹
1072 2217 1291 2312 pertentandi
1310 2213 1344 2288 ad

242 2322 430 2400 animomrn
457 2328 724 2403 conciliationem
744 2354 784 2401 ae
804 2327 1047 2427 resipiscendi3
1067 2328 1278 2426 quinetiam
1297 2329 1345 2403 sti-

242 2441 355 2514 mulus
380 2441 517 2516 additur
540 2459 578 2514 ut
603 2442 821 2516 dissidiorum
848 2467 970 2515 causac
995 2442 1153 2517 emedio
1179 2443 1341 2518 ‘tollantur

313 2559 459 2631 beatitas
487 2559 589 2631 huius
616 2557 731 2629 mundi
752 2584 883 2657 semper
901 2555 1096 2655 imperfecta
1114 2575 1184 2643 est,
1208 2587 1271 2632 nec
1286 2586 1345 2631 um·

242 2701 343 2773 qnam
362 2673 460 2770 plene
478 2672 621 2745 obtineri
640 2689 760 2770 potest.
783 2672 960 2744 llludimur
974 2697 1063 2744 vana
1080 2698 1144 2770 spe
1162 2701 1268 2774 quam
1286 2699 1345 2747 sae

241 2790 395 2886 pissime,
414 2788 493 2859 dum
509 2789 550 2859 ad
565 2814 638 2860 cam
657 2787 904 2886 assequendam
919 2813 1025 2860 novus
1040 2814 1155 2860 rerum
1170 2791 1256 2863 ordo
1269 2814 1345 2863 croc

239 2904 375 2998 gitatur.
399 2904 467 2974 Hac
493 2903 621 2974 ratione
640 2902 751 3001 plures
770 2903 1001 3000 decipiuntur,
1021 2919 1053 2974 et
1070 2903 1153 2974 dum
1173 2905 1242 2976 sibi
1260 2902 1344 3005 quasi

241 3016 283 3086 dc
309 3016 431 3114 adepta
450 3017 515 3088 iam
536 3016 691 3087 felicitate
717 3014 991 3101 adblandiuntur,
1013 3015 1211 3091 miseriores
1230 3045 1268 3092 se
1284 3043 1345 3091 essc

240 3131 466 3226 experimento
501 3132 647 3203 discunt.
679 3133 794 3229 ltaque
829 3157 986 3229 suprema
1019 3130 1165 3205 beatitas
1197 3152 1253 3207 est
1279 3159 1345 3208 con-

242 3243 417 3329 sectanda,
435 3270 522 3343 quae
540 3271 606 3316 non
625 3244 792 3316 obtinetur
810 3246 876 3317 nisi
894 3246 1052 3317 virtutum
1071 3247 1228 3320 omnium
1248 3246 1346 3346 exqui-

239 3359 305 3430 sito
322 3357 429 3443 cultu,
445 3376 478 3429 et
490 3360 523 3429 in
537 3360 642 3432 Deum
658 3361 788 3432 sincera
803 3361 924 3459 pietate
938 3378 1052 3433 sancte
1066 3364 1214 3436 servatis
1229 3388 1346 3463 praece

241 3472 305 3568 ptis
320 3497 407 3570 quae
424 3471 521 3544 nobis
539 3472 618 3545 data
633 3493 723 3545 sunt.
746 3474 829 3546 Aliis
848 3475 974 3573 nuptiis
992 3500 1058 3547 non
1077 3477 1186 3550 semel
1204 3477 1346 3552 homiues

241 3587 442 3659 infeliciores
469 3585 671 3672 redduntur,
701 3606 737 3661 ut
762 3604 850 3687 patet
876 3590 1042 3661 etiamen
1069 3590 1130 3678 iis,
1154 3594 1236 3691 qui,
1257 3594 1347 3665 altero

240 3703 397 3774 defuncto
422 3703 581 3799 coniuge,
611 3704 794 3778 thalamum
816 3720 979 3802 repetunt.
1001 3706 1105 3777 Sccus
1124 3707 1268 3781 deberet
1288 3705 1346 3779 fieri

240 3834 420 3915 perpetuus
440 3818 600 3890 transitus
619 3818 660 3890 dc
680 3845 745 3892 uno
765 3821 798 3890 in
817 3819 909 3890 aliud
927 3820 1121 3915 coniugium
1143 3822 1178 3893 in
1197 3849 1267 3921 quo
1281 3845 1347 3920 spes

240 3931 397 4028 affulgeat
422 3933 664 4031 tranquillioris
690 3936 778 4007 vitae
808 3935 1021 4008 obtinendae.
1043 3934 1132 4020 Quis
1165 3964 1248 4012 vero
1276 3937 1348 4011 adeo

240 4045 403 4145 desipiat,
432 4067 468 4121 nt
494 4049 578 4121 haec
603 4049 781 4123 admittat?

314 4163 383 4234 blac
410 4165 537 4236 ratione
562 4191 677 4237 omnes
704 4165 964 4262 declamationes
994 4186 1205 4243 evanescunt
1237 4169 1349 4269 quibus
