2796 5064
225 393 296 446 ear.
308 393 354 444 m.
365 393 407 443 oe
418 392 496 444 ores.
510 394 604 443 usus.
619 394 707 457 ιιιτι,
724 394 788 443 riou
801 394 963 445 consumi.
976 395 1047 444 sur.
1059 395 1095 444 u.
1153 371 1234 445 lm.

175 513 227 585 Ex
252 512 308 586 his
333 511 433 585 taeile
456 528 509 585 est
524 509 681 608 colligere
698 537 807 611 neque
824 510 913 583 hane
931 511 1129 584 sententium
1147 512 1220 586 suis

121 628 296 702 estitutam
330 653 407 702 esse
435 626 709 714 difficultatibus,
739 653 825 726 ques
851 625 917 699 late
941 641 1037 723 urget
1061 625 1217 713 Pontius,

121 742 161 842 pri
187 742 389 842 Vnsquezii‚
412 757 665 841 ceterorumque
689 741 748 840 qui
773 739 885 814 eidem
907 740 1092 815 sententiae
1117 740 1221 816 adsti÷

121 856 209 931 ulai
234 873 314 931 sunt
337 857 476 931 discutit
501 883 541 930 ue
567 855 723 930 dissolvit
749 870 946 953 argumente
970 857 1043 952 (oo)
1066 873 1165 955 prout
1188 872 1221 929 et

121 970 160 1044 lii
186 973 387 1048 recentiores
407 971 657 1070 praestiterunt.

593 1195 630 1292 ι.
660 1193 717 1266 111.

134 1401 176 1453 De
195 1399 295 1450 illorum
315 1400 485 1463 theologorum
500 1400 621 1450 sententia
634 1400 679 1463 qut
694 1399 841 1451 solutionem
857 1398 951 1449 vinnull
966 1398 1116 1448 matrimonii
1134 1382 1182 1449 rati

304 1479 336 1530 ob
351 1476 527 1542 protessiouem
544 1479 682 1543 religiosam
697 1482 810 1544 repetunt
824 1492 840 1529 a
855 1479 908 1529 iure
923 1479 1017 1529 dlrino.

173 1666 278 1740 ilisee
301 1666 486 1753 discussis,
514 1682 670 1766 superest
692 1681 729 1739 ut
755 1666 884 1740 tertiam
903 1665 1116 1766 exploremus
1143 1690 1221 1739 seu·

121 1781 263 1869 sutiam,
281 1779 413 1855 illorum
439 1779 585 1868 seilicet,
615 1781 674 1880 qui
699 1781 754 1854 ius
779 1779 822 1853 de
847 1806 914 1879 quo
940 1780 1073 1878 agimus
1099 1806 1121 1854 u
1146 1779 1219 1854 solo

121 1910 278 1971 messum
301 1895 374 1969 iure
390 1895 507 1969 diuino
524 1922 632 1996 eoque
651 1896 808 1996 positivo.
826 1895 922 1969 Hane
939 1895 1118 1971 adstruunt
1135 1897 1218 1969 Sen-

121 2009 182 2086 hez
200 2004 301 2106 ’(51),
340 2012 478 2086 Pontius
506 2014 604 2108 (ll),
634 2011 801 2111 Tournely
830 2014 924 2107 (itt),
952 2010 1091 2085 Billuurt
1117 2012 1217 2106 (til),

121 2122 207 2199 ollet
233 2127 323 2221 (55),
346 2125 472 2225 aliique
498 2126 566 2200 fere
591 2152 708 2199 omnes
733 2125 933 2199 recentiores
960 2125 1129 2200 communi
1153 2122 1221 2198 eal·
1274 2183 1278 2191 .

121 2239 197 2328 ulo,
225 2241 326 2341 eique
351 2241 509 2315 adhaesit
532 2241 734 2316 Benedictus
759 2242 842 2315 XIV.
867 2245 956 2338 (titi).

171 2356 255 2430 Eum
279 2383 378 2458 porro
402 2358 561 2432 evincunt
585 2374 655 2431 tum
681 2358 854 2455 negative,
885 2383 947 2430 seu
973 2383 1033 2455 per
1058 2355 1221 2429 exclusio-

121 2497 198 2560 sm,
220 2487 291 2545 tum
317 2473 473 2572 positive.
504 2472 664 2571 Negative
685 2473 839 2573 quidem,
861 2488 1027 2572 quatenus
1052 2468 1219 2544 eiusmodi

121 2612 152 2662 rs
177 2612 255 2662 eum
273 2615 342 2662 non
366 2589 475 2688 possit
494 2588 616 2662 deduci
642 2615 683 2662 ex
708 2588 780 2686 lege
801 2613 891 2660 mere
917 2585 1083 2671 naturali,
1109 2610 1220 2684 neque

121 2728 139 2777 ι
161 2700 238 2801 lege
257 2702 506 2791 ecclesiastiea,
528 2730 568 2778 eo
587 2705 720 2803 ipsoex
739 2700 812 2800 lege
829 2701 945 2775 divina
971 2699 1117 2800 positiva
1143 2724 1220 2829 pro-

121 2817 213 2893 ouire
235 2818 416 2893 diuendum
448 2835 511 2892 est
544 2819 619 2893 Duo
652 2818 763 2919 priora
796 2815 1005 2893 excludenda
1033 2841 1110 2889 esse
1135 2814 1218 2888 sutis

121 2938 228 3007 adstet
250 2958 291 3005 ex
318 2931 574 3007 difficultatibus
600 2932 726 3032 quibus
751 2931 942 3031 superiores
959 2928 1145 3060 sententiae
1161 2954 1219 3001 ur-

121 3061 237 3135 entur,
266 3074 422 3148 quasque
452 3075 514 3122 uos
538 3049 772 3149 exposuimus.

169 3161 314 3236 Positive
331 3180 443 3236 autem
460 3164 549 3238 idem
567 3165 728 3238 evincunt
745 3162 812 3236 illis
830 3161 987 3236 omnibus
1009 3128 1217 3258 argumentis

121 3273 222 3350 uibus
246 3276 311 3351 hoe
338 3278 417 3352 fidei
440 3278 565 3377 dogma
589 3277 818 3352 adstruximus
839 3276 1004 3350 adversus
1029 3290 1218 3376 protestan-

121 3416 167 3479 ιι,
190 3417 310 3493 nempe
335 3419 377 3468 ex
400 3393 581 3468 traditione
598 3393 818 3492 depromptis.
841 3391 891 3464 Ex
908 3390 977 3466 illis
994 3392 1084 3465 enim
1111 3405 1219 3465 osten-

120 3504 187 3578 itur
212 3506 333 3603 iugiter
357 3508 393 3579 in
418 3507 581 3595 eeclesia,
602 3508 685 3608 quin
711 3508 806 3606 origo
830 3507 997 3605 assignari
1021 3506 1147 3608 possit,
1166 3505 1219 3579 vi·

121 3620 210 3695 uisse
234 3620 299 3696 hoe
332 3622 543 3711 institutum,
573 3641 610 3697 ut
634 3624 734 3697 etiam
761 3639 838 3723 post
869 3640 1057 3698 contractas
1080 3619 1218 3720 nuptie!

163 3866 216 3931 (to)
230 3869 269 3920 De
279 3871 360 3920 matr.
373 3870 416 3921 lib.
432 3873 474 3922 lx.
489 3884 544 3936 erp.
558 3873 592 3922 ill
608 3885 678 3936 seqq.

158 3946 211 4010 (tl)
224 3946 280 3999 Lib.
294 3950 327 4000 11.
343 3949 407 4015 disp.
420 3953 485 4002 xlx.
497 3964 523 4001 n.
543 3957 565 4002 a.

164 4025 216 4089 (oa)
230 4026 285 4079 lto.
299 4030 345 4081 lx.
358 4041 413 4095 rap.
427 4031 458 4081 v.

163 4108 216 4170 (ω)
232 4108 333 4166 Quaest.
346 4111 377 4161 v.
391 4112 438 4162 art.
452 4118 475 4162 2.

162 4185 215 4250 iot)
230 4187 300 4253 lllsp.
315 4190 347 4239 tl.
360 4191 407 4242 art.
420 4198 443 4242 a.
456 4191 480 4255 ς.
492 4195 515 4243 t.

163 4266 216 4329 (es)
231 4267 293 4333 cop.
305 4270 360 4320 vu.
374 4272 420 4322 art.
437 4278 460 4323 s.
475 4275 534 4324 sect.
548 4279 573 4324 e.
586 4286 612 4323 n.
629 4279 682 4325 sss.

164 4343 216 4408 (oo)
231 4348 334 4406 maest.
347 4348 390 4400 ott.

176 4451 218 4508 ill
