2796 5064
253 217 321 293 ms
373 236 753 300 commemorarem.
773 237 814 293 nr
832 237 946 306 murm.
967 239 1063 306 ntro·
1079 240 1207 311 cucur.

323 357 421 446 Quod
439 384 518 436 tero
540 358 657 433 attinet
678 360 720 433 ad
739 360 943 459 principium
967 359 1110 436 alterum
1133 363 1179 439 dc
1205 389 1357 442 consensu

248 472 485 561 conditionali,
514 490 679 574 reponunt
708 474 917 563 adversarii,
945 475 1113 550 eiusmodi
1144 479 1358 555 conditionem

249 589 421 689 praesumi
442 590 554 688 potius
576 616 679 690 quam
704 589 851 690 probari.
875 592 959 664 Nam
981 591 1066 666 haec
1089 594 1243 670 conditio
1266 623 1360 696 nequa

250 704 414 806 implicite
439 732 499 780 seu
526 706 624 780 tacite
650 729 679 779 a·
696 705 970 781 contrahentibus
996 708 1152 807 ponitur,
1183 712 1243 810 qui
1267 713 1361 785 inten-

250 819 336 895 dunt
360 820 447 895 inire
472 822 667 920 coniugium
692 823 820 897 ratione
846 841 1026 911 consueta,
1054 840 1093 897 ut
1117 824 1277 900 lruantnr
1303 829 1363 902 iure

248 959 333 1023 suo;
353 950 385 1008 et
406 951 496 1035 patet
517 963 558 1008 ex
580 936 758 1010 renitentia
778 937 883 1036 partis
906 936 1096 1011 derelictae.
1119 939 1189 1011 Sed
1208 967 1316 1041 neque
1329 969 1361 1016 ex

247 1065 341 1150 parte
364 1050 528 1125 ecclesiae
552 1052 717 1127 eiusmodi
744 1053 926 1154 apponitur
940 1052 1107 1142 conditio,
1128 1081 1210 1128 cum
1234 1083 1360 1132 eacus

245 1167 336 1264 piam
362 1166 398 1240 id
424 1167 653 1242 declaraverit.
685 1170 791 1243 lmmo
815 1194 891 1243 cum
918 1184 1036 1266 agatur
1059 1168 1106 1243 de
1134 1190 1355 1260 sacramento,

244 1307 318 1357 eam
331 1282 495 1371 excludit,
513 1310 589 1357 cum
606 1311 674 1358 non
692 1285 802 1384 possit
815 1286 1015 1359 sacramenti
1029 1285 1174 1360 effectus
1189 1287 1355 1387 suspendi,

244 1411 277 1470 et
295 1396 376 1470 dum
401 1413 592 1472 contractus
614 1398 801 1497 coniugalis
827 1426 887 1498 per
908 1425 1113 1474 consensum
1135 1400 1182 1474 de
1201 1403 1356 1501 praesenti

243 1512 438 1601 conficitur,
459 1513 524 1587 hoo
541 1513 616 1614 ipso
633 1515 811 1591 conficitur
828 1532 1094 1604 sacramentum,
1111 1517 1209 1617 quod
1227 1518 1355 1615 gratian

243 1626 398 1725 producit
414 1653 454 1700 ex
476 1654 578 1728 opere
594 1645 752 1729 operato,
773 1656 927 1730 quaeque
945 1658 1006 1706 nec
1022 1657 1137 1706 moras
1162 1634 1291 1733 patitur
1305 1658 1356 1707 uec

242 1747 513 1845 suspensionem.
538 1746 695 1847 Alioquin
723 1747 757 1820 iu
784 1746 860 1847 ipsa
886 1747 1032 1845 coniugii
1050 1749 1354 1835 consummatione,

242 1887 302 1961 per
313 1886 415 1961 quam
430 1861 647 1963 hypothetica
659 1862 807 1937 conditio
819 1862 985 1963 expletur,
1008 1863 1239 1938 conficeretur
1254 1890 1356 1939 saera·

240 1993 409 2065 mentum,
431 1959 798 2079 communicareturque
823 1980 950 2077 gratia,
980 1979 1069 2080 quod
1089 1997 1143 2053 est
1161 1979 1351 2055 absurdum.

239 2091 326 2165 Sane
338 2092 397 2192 qui
411 2093 446 2165 in
461 2093 608 2192 coniugii
628 2108 744 2167 mutuo
764 2119 932 2169 consensu
951 2092 1146 2194 praebendo
1166 2096 1354 2196 profiteren-

239 2223 293 2281 tur
309 2208 567 2297 continentiam,
595 2210 652 2284 isti
677 2237 863 2310 numquam
882 2224 1131 2285 sacramentum
1154 2211 1352 2310 reciperent,

238 2349 348 2424 neque
360 2323 501 2422 gratiam
517 2325 805 2400 sacramentalem.
823 2324 908 2412 Quis
921 2350 1020 2424 porro
1038 2324 1105 2398 hoc
1121 2324 1277 2401 dixerit?
1289 2328 1352 2400 llon

237 2439 383 2541 denique
409 2440 500 2514 hane
520 2441 745 2515 conditionem
766 2440 918 2540 exposcit
935 2456 1054 2514 natura
1072 2439 1152 2540 ipsa
1169 2457 1353 2516 contractus

235 2555 443 2654 coniugalis3
474 2557 555 2655 quia
581 2557 782 2656 reperiretur
805 2557 841 2627 in
867 2554 1024 2630 omnibus
1059 2557 1289 2632 matrimoniis
1317 2557 1353 2629 le

234 2671 361 2768 gitimis
374 2671 446 2747 sive
459 2671 492 2744 in
510 2698 589 2747 vera
606 2672 678 2747 sive
695 2673 730 2745 in
749 2671 833 2748 falsa
856 2671 948 2744 initis
968 2670 1142 2769 religione.
1165 2674 1253 2746 Nam
1270 2669 1351 2773 quod

235 2787 375 2861 insitum
396 2804 447 2861 est
473 2789 539 2888 ipsi
560 2788 606 2860 rei
626 2804 784 2876 naturae,
805 2788 903 2860 toties
921 2787 1061 2886 reperiri
1079 2786 1206 2875 debet,
1227 2788 1351 2889 quoties

235 2930 289 2977 res
318 2904 394 3003 ipsa
419 2903 594 2991 subsistit;
623 2902 778 2977 subsistit
812 2918 922 2976 autem
952 2929 1067 2976 verum
1104 2905 1349 2979 matrimonium

235 3020 336 3091 etiam
363 3019 452 3120 apud
471 3020 626 3094 infideles
653 3036 686 3092 et
711 3019 920 3107 haereticae,
948 3018 1039 3118 apud
1058 3046 1146 3119 quos
1172 3035 1285 3095 tamen
1312 3019 1350 3093 lo

234 3158 309 3206 cum
332 3134 457 3208 habere
480 3162 546 3209 non
573 3150 682 3235 potest
706 3159 747 3206 ea
771 3132 918 3207 conditio
939 3136 1028 3229 (38).

306 3251 375 3323 Sub
400 3278 613 3350 quocumque
631 3251 733 3347 igitur
751 3265 904 3349 respectu
921 3248 1089 3323 sententia
1105 3249 1196 3324 haee
1213 3276 1347 3350 perpen-

232 3363 350 3462 datur,
375 3381 505 3439 constat
523 3393 597 3439 eam
620 3380 756 3453 nutare,
783 3390 844 3438 uec
867 3363 1007 3437 firmiter
1026 3364 1220 3440 consistere
1240 3368 1324 3462 (39).

230 3650 262 3698 nt
279 3647 379 3711 quidem
400 3661 456 3698 curn
474 3648 584 3711 apostolo
602 3648 692 3710 Paulo,
708 3660 781 3711 quem
796 3645 901 3708 suncti
919 3647 1017 3696 erroris
1036 3657 1155 3696 accusare
1182 3659 1233 3696 nou
1256 3645 1344 3695 ceretu

228 3740 259 3777 ne
272 3741 298 3778 se
316 3729 419 3791 turpiter
436 3741 516 3777 errare
531 3728 651 3777 retenturi
667 3728 733 3778 Talia
749 3729 785 3777 cst
801 3726 977 3777 haereticorum
994 3738 1051 3789 erga
1064 3725 1146 3776 cintia
1160 3726 1292 3776 veneratio.
1310 3726 1345 3771 Ec

227 3806 283 3858 dem
295 3808 388 3857 ratione
399 3821 426 3858 se
440 3809 545 3870 gesserat
556 3809 666 3857 sacelli.
679 3807 830 3857 Ptclaerneus
841 3807 976 3857 haereticus
986 3805 1113 3868 gnosticas
1123 3809 1238 3870 respectu
1250 3802 1341 3866 clepsis-

301 3888 352 3950 (³8)
368 3889 434 3937 llaec
454 3890 575 3950 postrema
593 3887 654 3936 ratio
672 3886 765 3936 nullius
784 3886 899 3950 ponderis
917 3897 969 3934 csse
990 3883 1108 3948 ridetur,
1129 3886 1186 3936 tum
1204 3886 1263 3950 quia
1279 3894 1342 3933 nemo

228 3979 345 4029 umquam
361 3965 424 4017 dixit
432 3966 494 4017 hanc
508 3965 672 4016 conditionem
685 3965 812 4028 provenire
829 3979 857 4015 es
873 3964 925 4014 iure
945 3964 1052 4013 naturali
1063 3964 1199 4028 absoluto,
1215 3964 1257 4016 sed
1268 3964 1339 4014 scium

228 4046 253 4095 in
275 4046 402 4110 hypothesi
420 4046 488 4109 quod
511 4048 575 4095 Deus
591 4046 744 4095 constituerit
758 4047 849 4095 statum
862 4043 1016 4108 perfectionis
1031 4044 1207 4109 evangelicae,
1222 4049 1275 4097 turn
1289 4041 1339 4106 quia

228 4124 290 4174 haec
307 4125 416 4176 conditio
433 4125 458 4175 in
471 4125 533 4175 laisa
551 4123 667 4187 religione
685 4124 789 4189 supponi
807 4124 899 4188 nequit.

300 4205 350 4267 (co)
365 4206 404 4256 (ti.
421 4207 509 4257 suarez
524 4207 562 4256 Dc
577 4202 702 4269 relictoue
717 4206 777 4255 tora.
789 4205 833 4255 111.
853 4203 895 4254 lib.
915 4206 956 4255 lx.
974 4216 1028 4269 cap.
1044 4210 1082 4258 2³.
1099 4204 1209 4259 ubituse
1225 4219 1278 4258 earn
1294 4216 1337 4269 per·

226 4284 344 4347 sequitur.
