2796 5064
252 344 322 394 cat.
336 345 380 394 vi.
394 344 435 394 uit
453 344 531 395 MSS·
544 345 640 396 mit
654 345 738 409 niti,
754 347 819 398 NON
832 346 994 399 consum.
1013 350 1083 401 atti.
1097 350 1132 401 ii.
1201 330 1270 401 Wl

150 462 190 536 lit
214 476 253 535 ut
276 461 419 559 gratiam
445 460 720 537 sacramentalem
746 464 910 563 producat
933 465 977 538 ad
998 491 1141 541 munera
1162 481 1270 542 status

149 574 339 674 coniugalis
369 578 431 650 rite
459 576 639 666 obeunda,
668 594 701 653 et
726 597 888 679 quantum
913 607 954 655 ex
983 607 1020 655 se
1049 596 1122 670 est,
1152 581 1271 658 reddat

146 691 303 793 nuptiale
326 690 444 766 loedus
470 719 670 793 permanens
687 720 728 767 ac
746 693 946 783 insolubile,
969 713 1001 770 et
1019 696 1084 771 hoc
1104 712 1157 772 est
1177 698 1269 799 quod

146 835 177 883 s.
203 809 413 907 Augustinus
437 809 570 896 docuit,
602 811 683 911 quia
707 828 759 884 est
784 811 919 908 signum
942 813 1061 886 efficax
1082 813 1208 911 gratiae
1224 814 1268 889 ad

144 925 262 996 vivum
280 941 537 1024 repraesentans
554 924 713 1000 unionem
730 925 855 999 Christi
877 952 952 999 cum
969 928 1127 1002 ecclesie.
1145 926 1283 1003 Verum'

145 1040 213 1114 hoo
247 1065 315 1114 non
341 1039 485 1139 impedit
508 1040 690 1141 quominus
714 1041 756 1114 cb
779 1043 976 1128 extrinseco,
1002 1043 1051 1118 uti
1076 1045 1267 1144 expositum

146 1171 219 1243 est,
239 1181 359 1255 nempe
372 1156 433 1230 Dei
448 1155 616 1230 voluntate
629 1157 789 1255 positiva,
806 1158 870 1231 hoc
884 1175 1129 1233 sacramentum
1147 1141 1268 1261 quam·

144 1268 208 1342 din
235 1269 485 1342 matrimonium
519 1286 787 1344 consummatum
812 1288 978 1360 nonest,
1006 1272 1162 1347 ellectum
1192 1301 1268 1373 pro·

143 1383 248 1458 ducat
272 1383 581 1458 indissolubilitatis
607 1401 809 1484 perpetuae,
830 1388 891 1461 sed
916 1386 1121 1464 dissolvatur
1138 1414 1198 1489 per
1213 1416 1266 1465 so·

141 1499 290 1573 lemnam
316 1498 490 1598 religionis
517 1499 773 1600 professionem.

216 1614 268 1688 iix
294 1613 350 1687 his
379 1630 470 1715 patet
503 1641 643 1690 necesse
672 1616 771 1691 nohis
800 1643 868 1691 nou
898 1645 975 1693 esse
1000 1620 1043 1693 ad
1068 1619 1264 1695 solvendam

139 1729 376 1805 difficultatem
406 1745 553 1805 statuere
578 1755 655 1805 cum
682 1731 855 1806 nonnullis
885 1732 1050 1831 theologis
1076 1734 1149 1808 sive
1171 1734 1263 1835 quod

139 1845 347 1919 matrimonii
369 1847 431 1919 rati
454 1846 657 1943 significatio
678 1845 812 1920 diversa
838 1848 884 1921 sit
908 1847 952 1921 ab
975 1875 1016 1922 ea
1040 1875 1142 1948 quam
1167 1875 1264 1949 prae·

139 1959 248 2034 aeleri
270 1976 558 2047 consummatum
586 1960 677 2060 quod
704 1960 832 2034 scilicet
857 1988 918 2061 per
943 1960 1027 2034 illud
1053 1962 1263 2059 significetur

137 2074 335 2149 coniunctio
359 2075 484 2148 Christi
509 2101 585 2149 cum
611 2075 727 2148 anime
750 2075 901 2148 fidelium
918 2076 1156 2177 pergratiam,
1173 2103 1262 2177 quae

136 2188 353 2264 dissolubilis
372 2204 443 2278 est,
466 2216 526 2289 per
542 2189 631 2263 istud
653 2215 731 2264 vero
749 2189 845 2264 Verbi
871 2216 947 2264 cum
974 2189 1183 2266 humanitate
1199 2218 1260 2291 per

135 2305 301 2378 unionem
325 2304 594 2406 hypostaticam,
616 2320 673 2379 aut
691 2332 752 2406 per
768 2305 965 2380 charitatem
991 2333 1068 2381 cum
1093 2306 1257 2394 ecclesia,

136 2444 230 2518 quae
255 2445 394 2518 prorsus
416 2419 669 2494 indissolubiles
689 2436 788 2506 sunt;
810 2421 883 2495 sive
900 2420 991 2520 quod
1010 2422 1259 2496 matrimonium

138 2549 249 2608 ratum
264 2560 330 2608 non
343 2536 388 2610 sit
399 2534 485 2610 adeo
498 2534 694 2636 perlectum,
711 2535 810 2634 quale
823 2550 875 2608 cst
887 2550 1155 2608 consummatum
1167 2536 1256 2630 (81);

136 2647 214 2722 sive
238 2648 385 2750 denique
416 2649 507 2749 quod
537 2665 645 2722 ratum
679 2649 872 2746 coniugium
899 2648 1031 2722 ineatur
1057 2648 1121 2721 sub
1146 2649 1261 2721 condi-

136 2762 248 2868 tione,
269 2789 338 2861 qua
354 2762 548 2850 deficiente,
570 2780 718 2837 transeat
735 2762 768 2835 in
786 2759 990 2836 absolutum.
1012 2761 1103 2836 llaec
1120 2761 1259 2862 quidem

133 2891 223 2952 sunt
244 2877 416 2975 praeclare
440 2878 550 2965 dicta,
580 2894 615 2951 at
639 2899 706 2952 nou
732 2877 831 2976 plene
861 2878 1054 2954 satisfacere
1078 2876 1256 2965 videntur,

134 2992 211 3069 sive
235 2992 316 3092 quia
340 2994 426 3068 haec
451 3021 517 3069 nou
542 2995 720 3068 destruunt
750 2995 911 3070 rationem
937 2993 1157 3080 sacramenti,
1187 2993 1260 3068 sive

211 3289 262 3350 (tt)
278 3289 441 3342 [taliarminus
454 3291 497 3342 lib.
511 3292 543 3342 ii.
556 3293 594 3342 Dc
607 3289 741 3343 monachis
752 3305 774 3342 c.
784 3298 822 3344 aa.
831 3305 857 3342 u.
867 3294 897 3343 ti
909 3302 978 3355 seqq.
986 3288 1084 3341 scnhit:
1098 3289 1257 3340 esacramau·

133 3373 192 3421 tum
208 3370 360 3420 matrimonii
378 3371 500 3435 triplicem
518 3372 594 3423 habet
604 3372 819 3438 significationem..
826 3376 916 3423 Primo
928 3366 1052 3435 ugmuut
1058 3370 1162 3435 gratiam
1174 3369 1258 3421 inriti·

133 3450 228 3512 lehem,
243 3450 296 3503 sive
314 3451 512 3503 coniunctionem
527 3452 620 3506 christi
636 3466 693 3504 cum
709 3453 805 3503 anima:
821 3451 936 3503 secundo
952 3451 1149 3503 coniunctionem
1163 3449 1255 3502 christi

131 3542 194 3580 cum
215 3529 319 3581 malacia
339 3543 383 3594 por
402 3530 563 3581 charitatem:
589 3533 666 3581 tertio
685 3530 883 3580 coniunctionem
902 3528 994 3581 christi
1019 3543 1077 3580 cnm
1096 3530 1199 3580 eeclesia
1214 3540 1257 3592 per

132 3607 239 3659 murrae
256 3608 512 3659 conterminum&
529 3609 620 3672 quihus
635 3609 819 3660 matrimonium
839 3611 920 3659 ratum
940 3609 1014 3659 habet
1035 3609 1116 3659 solnm
1136 3607 1255 3671 primam,

132 3691 165 3740 nt
176 3687 394 3741 dunstanum
406 3689 431 3740 iu
442 3689 499 3740 iri.
511 3695 549 3741 ti.
559 3704 584 3754 q.
594 3693 668 3743 tart.
680 3697 702 3742 t.
715 3704 741 3754 q.
753 3697 775 3741 a.
784 3689 817 3740 ad
831 3692 883 3740 tet
893 3689 1050 3740 innocentius
1060 3689 1103 3738 lli.
1115 3700 1171 3751 cap.
1182 3685 1258 3738 ocii·

134 3771 197 3821 tum
205 3766 238 3818 dc
246 3767 368 3831 dinamio.
379 3771 448 3828 Quae
458 3770 603 3833 significatio
612 3770 705 3820 suiiicit
714 3770 745 3820 ad
754 3769 954 3820 constituendum
963 3782 1049 3820 verum
1061 3768 1257 3828 sacramentnm

131 3847 180 3899 aad
200 3860 230 3898 aa
243 3859 292 3898 non
303 3848 365 3899 iecit
375 3850 560 3900 matrimonium
575 3850 714 3900 insolubile.
727 3853 789 3901 itam
802 3851 844 3900 iiia
855 3849 996 3900 coniunctio
1005 3847 1097 3898 christi
1107 3858 1165 3896 cum
1175 3845 1259 3896 anima

132 3940 187 3981 uon
195 3930 234 3979 eat
243 3928 381 3980 insolubilis
391 3932 419 3980 ut
431 3931 511 3994 patet;
522 3930 705 3981 matrimonium
715 3931 1004 3981 autcm'consummatum
1011 3927 1084 3978 habet
1094 3927 1155 3977 alias
1165 3925 1257 3988 duam»

135 4009 212 4073 prout
223 4005 315 4060 ibidem
327 4009 449 4073 ostendit;
461 4009 549 4060 deinde
560 4010 700 4061 concludit:
714 4024 738 4060 n.
749 4018 787 4061 to.
797 4008 999 4060 «Matrimonium
1010 4008 1091 4059 ratum
1104 4018 1157 4055 essa
1172 4017 1258 4054 rerum

130 4088 332 4149 mummium,
345 4086 388 4138 aad
400 4100 449 4138 non
460 4089 593 4151 perfectum
610 4087 698 4152 quom
713 4100 815 4138 omnm
832 4084 1130 4151 significationcmnitt
1140 4084 1259 4133 haoeuon

130 4165 254 4218 ernamur
268 4165 412 4229 probantur.
431 4168 493 4220 iiam
508 4168 694 4220 matrimonium
714 4169 795 4218 ratum
811 4165 933 4231 significat
947 4164 1023 4214 etiam
1038 4162 1153 4212 unionem
1165 4160 1258 4212 christi

129 4258 193 4296 curn
204 4244 308 4296 acclama
320 4258 362 4310 per
373 4246 532 4310 charitatem
552 4245 672 4298 eiusmodi
689 4248 772 4297 autem
791 4245 932 4296 coniunctio
950 4241 1129 4293 indissolubilis
1144 4244 1196 4303 eat;
1212 4253 1258 4292 nac

127 4325 200 4378 anim
211 4336 338 4389 umquam
349 4327 428 4389 potest
445 4327 559 4378 christus
580 4325 611 4376 ah
628 4325 729 4377 molesta
744 4338 789 4377 tua
800 4324 915 4388 κριταί.
928 4326 1021 4374 verum
1033 4321 1079 4372 troc
1089 4321 1131 4374 aiii
1142 4321 1258 4374 viderint.
