2796 5064
258 388 328 441 aar.
344 386 394 439 ιιι.
411 387 452 439 or
468 383 566 438 truso
579 385 672 437 rnau.
690 385 753 438 crs.
771 384 884 437 rsnrss.
900 385 996 438 ulra.
1012 386 1083 438 arr.
1096 385 1133 439 ιι.
1187 364 1257 438 ati

207 508 338 584 Omitto
355 505 500 607 quodsi
517 503 677 578 decretali
690 503 904 578 laudabilem
916 500 1099 579 Clementis
1113 504 1173 580 lll.
1195 506 1255 606 qui

140 652 189 700 an.
201 627 244 698 11
256 626 312 698 18.
336 621 567 723 pontificatum
586 620 705 718 gessit,
721 620 833 693 alierri
847 619 952 708 solet,
976 636 1044 694 tum
1063 622 1144 720 quia
1164 622 1199 694 in
1217 646 1258 695 ea

137 740 247 837 agitur
271 737 316 810 de
340 736 553 836 separatione
577 751 712 836 propter
732 734 898 808 haeresim
912 770 928 823 ,·
948 734 991 808 de
1015 761 1085 835 qua
1108 735 1165 809 hic
1191 762 1257 811 non

136 855 326 928 instituitur
350 851 526 951 quaestio;
556 867 626 923 tum
642 842 730 950 'qnia
752 850 915 923 incertum
940 866 993 924 est
1014 877 1094 923 num
1112 852 1260 948 genuina

136 972 180 1046 sit
196 969 366 1044 eiusmodi
379 967 576 1056 decretalis,
598 993 701 1067 quam
722 966 779 1039 alii
803 964 963 1039 Clementi
982 968 1044 1040 lll.
1066 967 1124 1039 alii
1142 966 1261 1042 Caele-

136 1087 224 1160 stino
238 1086 300 1157 lll.
316 1082 537 1172 adscribunt,
565 1083 648 1182 quin
674 1098 786 1155 tamen
810 1082 996 1180 reperiatur
1014 1083 1048 1154 in
1066 1082 1259 1157 alterutrius

136 1201 311 1301 pontificis
322 1198 488 1298 epistolis,
505 1224 614 1298 neque
627 1198 757 1296 corpori
772 1198 856 1270 iuris
871 1198 916 1269 sit
929 1197 1071 1285 inserta;
1084 1198 1260 1271 erincerta

138 1330 250 1388 autem
270 1312 449 1388 traditione
466 1338 540 1386 eam
558 1312 721 1387 liebertus
740 1311 886 1386 Gorsecn
905 1310 1077 1411 adoptarit
1093 1313 1206 1408 (250).

210 1431 372 1504 Maiorem
392 1428 623 1503 difficultatem
645 1429 753 1528 prima
778 1429 885 1503 fronte
909 1427 1141 1527 praescierunt
1157 1454 1260 1503 cano-

139 1571 200 1620 nes
235 1543 393 1632 concilii,
420 1569 481 1617 seu
514 1543 626 1642 potius
658 1559 841 1616 conventus
873 1542 1122 1642 compediensis
1152 1541 1258 1614 habiti

140 1688 195 1736 an.
216 1663 301 1733 iot.
319 1659 487 1734 Proferam
511 1659 575 1732 hos
600 1682 747 1731 canones
774 1674 872 1757 prout
893 1683 951 1731 eos
978 1659 1044 1730 lac.
1061 1655 1259 1731 Sirmondus

140 1803 178 1851 ex
191 1802 259 1849 ms.
273 1775 348 1849 cod.
359 1801 388 1849 s.
399 1774 563 1847 Vincentii
582 1773 743 1847 metensis
758 1773 918 1872 vulgavit.
935 1773 987 1845 iv.
1010 1774 1066 1844 «Si
1080 1774 1157 1872 quis
1171 1772 1261 1845 lran-

141 1917 215 1966 cam
242 1889 420 1964 filiastram
444 1915 541 1963 suam
563 1905 679 1964 contra
699 1889 902 1964 uoluntatem
920 1889 1049 1989 ipsius,
1069 1903 1103 1961 et
1119 1887 1258 1974 matris,

141 2022 172 2080 et
196 2021 397 2108 parentum,
425 2004 557 2078 dederit
580 2005 652 2078 rire
673 2005 840 2102 ingenuo,
861 2021 920 2077 aut
937 2029 1053 2092 servo,
1080 2002 1133 2077 vel
1156 2002 1263 2076 eccle-

141 2122 300 2209 siastico,
322 2134 356 2194 at
373 2119 432 2193 illa
449 2119 594 2194 noluerit
611 2120 735 2194 habero
755 2120 886 2220 ipsum,
915 2137 949 2194 et
973 2119 1147 2220 reliquerit
1162 2145 1258 2206 eum;

142 2250 341 2336 potestatem
359 2233 486 2307 habent
503 2250 658 2334 parentes
681 2235 789 2334 ipsius
811 2234 893 2308 dare
908 2235 939 2309 ei
958 2234 1061 2307 alium
1083 2232 1259 2306 maritum:

142 2366 171 2425 et
196 2350 227 2425 si
257 2349 334 2450 ipsa
358 2348 461 2422 alium
488 2348 608 2437 habet,
634 2375 733 2449 quem
756 2365 873 2448 postea
898 2351 1046 2449 accepit,
1070 2375 1135 2423 non
1164 2374 1264 2447 sepa·

143 2481 296 2539 rentur.»
312 2464 382 2535 vll.
402 2463 463 2535 «si
482 2464 561 2563 quis
581 2490 684 2537 uxore
710 2479 847 2563 accepta
874 2464 1001 2537 invenit
1026 2490 1100 2536 eam
1121 2490 1142 2536 a
1162 2463 1264 2535 lratre

142 2607 203 2657 sno
221 2578 500 2666 contaminatam,
526 2579 635 2679 ipsam
654 2577 826 2651 dimittens
847 2578 977 2677 acecpit
995 2577 1115 2664 aliam,
1137 2577 1265 2675 ipsam·

142 2723 207 2798 que
220 2693 484 2770 contaminatam
498 2694 637 2781 invenit,
649 2720 733 2767 uxor
745 2691 836 2766 illius
850 2694 1073 2791 legitimaam,
1086 2706 1264 2791 propterea

143 2814 226 2914 quia
239 2836 304 2903 nee
316 2810 391 2910 ipse
404 2810 499 2906 virgo
512 2809 576 2883 init
592 2808 649 2883 illo
668 2825 827 2908 tempore.
845 2808 941 2894 Quod
957 2808 986 2880 si
1000 2807 1129 2879 tertiam
1148 2822 1264 2904 postea

145 2925 334 3027 acceperit,
363 2940 504 2998 mrertat
530 2924 573 2995 ad
600 2924 807 3010 medianam
831 2925 962 3022 etipsa
984 2921 1147 3021 posterior
1172 2936 1266 3020 pote·

145 3057 269 3116 statem
288 3037 411 3113 habeat
428 3038 495 3113 alio
507 3039 580 3112 viro
594 3029 859 3136 se'coniugere.»
876 3037 1043 3108 vl11.«Si
1066 3036 1144 3134 quis
1163 3035 1264 3107 homo

146 3157 250 3232 habet
271 3155 447 3229 mulierem
469 3155 674 3253 legitimam,
700 3169 734 3227 et
754 3155 855 3227 frater
875 3154 949 3226 eius
971 3151 1171 3225 adulteravit
1187 3175 1263 3223 cum

145 3298 213 3361 ea,
243 3270 302 3345 ille
327 3270 453 3358 irater,
480 3269 533 3344 vel
559 3269 618 3343 illa
643 3269 810 3355 foemina,
840 3268 899 3368 qui
924 3265 1124 3340 adulterium
1147 3291 1268 3366 perpe·

147 3400 337 3474 traverunt,
361 3387 494 3460 interim
521 3412 589 3486 quo
612 3387 748 3471 vivunt,
771 3411 954 3484 numquam
982 3383 1127 3457 habeant
1151 3382 1269 3455 coniu-

147 3506 256 3603 gium.
280 3503 339 3577 llle
364 3503 462 3577 cuius
487 3529 572 3576 uxor
596 3503 679 3589 luit,
708 3503 737 3574 si
763 3499 854 3586 vult,
880 3515 1076 3599 potestatem
1098 3497 1199 3572 habet
1215 3523 1268 3571 ac·

148 3620 265 3719 cipere
286 3619 425 3694 aliam.»
441 3619 482 3691 x.
503 3619 570 3690 «Si
588 3633 682 3718 pater
701 3643 860 3717 sponsam
880 3614 941 3688 lilii
965 3616 1017 3689 sui
1040 3614 1264 3715 oppresserit,

150 3867 176 3917 in
198 3867 282 3917 Gallia
302 3866 394 3930 inisse,
414 3869 513 3931 propter
533 3867 718 3918 fornicationem
746 3868 853 3932 separari
878 3869 958 3916 virum
986 3867 1017 3916 ab
1037 3878 1128 3926 uxore,
1150 3865 1175 3914 et
1193 3863 1268 3912 aliam

152 3947 246 3998 docere
263 3947 357 3998 christi
378 3948 497 4011 permissu
517 3947 624 3998 licuisse.
641 3947 713 4006 Quod
732 3961 761 3998 er
783 3948 888 3998 concilio
907 3947 1023 4016 venetico
1043 3958 1097 3995 can.
1118 3946 1151 3995 11.
1168 3942 1269 3994 manile·

148 4030 218 4077 stom
239 4029 306 4078 est.»
321 4029 383 4092 0pp.
396 4026 520 4080 sirmondi
541 4027 702 4078 Parisinus.
721 4030 782 4078 tom.
802 4031 833 4079 ll.
851 4029 900 4078 eol.
916 4032 955 4079 97.
977 4030 1038 4077 tiam
1056 4024 1117 4075 nihil
1139 4037 1184 4075 nos
1203 4024 1269 4087 cogit

152 4107 185 4157 ad
209 4108 259 4157 lroc
281 4105 469 4158 admittendum.

232 4186 299 4251 (too)
316 4186 355 4237 cl
368 4187 433 4250 apud
445 4189 523 4238 Massi
535 4190 559 4237 ln
576 4186 682 4239 collect.
698 4191 816 4238 marimo
827 4186 920 4238 conell.
932 4188 1018 4237 venet.
1037 4189 1104 4236 llas.
1117 4185 1178 4233 tom.
1191 4184 1267 4232 iliill.

149 4268 200 4319 eol.
213 4273 271 4319 oto.
283 4279 353 4331 seqq.
369 4266 410 4317 ubi
429 4268 525 4317 Decret.
539 4266 713 4319 laudabilem
732 4266 879 4318 adscribitur
897 4265 1034 4317 caelestino
1053 4264 1097 4314 ill.
1111 4262 1154 4325 qui
1166 4261 1197 4312 ad
1210 4273 1269 4325 pon·

150 4348 274 4400 liliatum
295 4348 396 4399 erectus
415 4349 453 4401 est
470 4360 510 4398 an.
528 4354 596 4400 liet.
