<?xml version="1.0" encoding="UTF-8"?>
<!DOCTYPE html PUBLIC "-//W3C//DTD XHTML 1.0 Transitional//EN"
    "http://www.w3.org/TR/xhtml1/DTD/xhtml1-transitional.dtd">
<html xmlns="http://www.w3.org/1999/xhtml" xml:lang="en" lang="en">
 <head>
  <title>
</title>
<meta http-equiv="Content-Type" content="text/html;charset=utf-8" />
  <meta name='ocr-system' content='tesseract 3.04.00' />
  <meta name='ocr-capabilities' content='ocr_page ocr_carea ocr_par ocr_line ocrx_word'/>
</head>
<body>
  <div class='ocr_page' id='page_1' title='image "./dematrimoniochr01perrgoog_0140.png"; bbox 0 0 2796 5064; ppageno 0'>
   <div class='ocr_carea' id='block_1_1' title="bbox 202 387 1258 459">
    <p class='ocr_par' dir='ltr' id='par_1_1' title="bbox 202 387 1258 459">
     <span class='ocr_line' id='line_1_1' title="bbox 202 387 1258 459; baseline 0.001 -2"><span class='ocrx_word' id='word_1_1' title='bbox 202 405 265 457; x_wconf 83' lang='lat' dir='ltr'>aaa.</span> <span class='ocrx_word' id='word_1_2' title='bbox 279 406 303 456; x_wconf 91' lang='lat'>1.</span> <span class='ocrx_word' id='word_1_3' title='bbox 316 405 388 456; x_wconf 84' lang='lat' dir='ltr'>aar.</span> <span class='ocrx_word' id='word_1_4' title='bbox 401 404 437 456; x_wconf 90' lang='lat' dir='ltr'>u.</span> <span class='ocrx_word' id='word_1_5' title='bbox 450 404 491 457; x_wconf 79' lang='lat' dir='ltr'>aa</span> <span class='ocrx_word' id='word_1_6' title='bbox 508 404 847 456; x_wconf 66' lang='lat' dir='ltr'>aunassuarusaaar.</span> <span class='ocrx_word' id='word_1_7' title='bbox 861 404 935 456; x_wconf 82' lang='lat' dir='ltr'>runa</span> <span class='ocrx_word' id='word_1_8' title='bbox 955 405 1054 458; x_wconf 84' lang='lat' dir='ltr'>aosrr.</span> <span class='ocrx_word' id='word_1_9' title='bbox 1068 406 1132 458; x_wconf 84' lang='lat' dir='ltr'>aaa.</span> <span class='ocrx_word' id='word_1_10' title='bbox 1190 387 1258 459; x_wconf 77' lang='lat' dir='ltr'>tet</span> 
     </span>
    </p>
   </div>
   <div class='ocr_carea' id='block_1_2' title="bbox 137 523 1262 4319">
    <p class='ocr_par' dir='ltr' id='par_1_2' title="bbox 162 523 1262 1546">
     <span class='ocr_line' id='line_1_2' title="bbox 165 523 1262 626; baseline 0.005 -30"><span class='ocrx_word' id='word_1_11' title='bbox 165 523 255 622; x_wconf 77' lang='lat' dir='ltr'>iugale</span> <span class='ocrx_word' id='word_1_12' title='bbox 279 523 416 624; x_wconf 87' lang='lat' dir='ltr'>probari</span> <span class='ocrx_word' id='word_1_13' title='bbox 434 549 474 597; x_wconf 84' lang='lat' dir='ltr'>ex</span> <span class='ocrx_word' id='word_1_14' title='bbox 492 524 606 598; x_wconf 87' lang='lat' dir='ltr'>verbis</span> <span class='ocrx_word' id='word_1_15' title='bbox 623 524 666 598; x_wconf 86' lang='lat' dir='ltr'>ab</span> <span class='ocrx_word' id='word_1_16' title='bbox 684 524 813 599; x_wconf 79' lang='lat' dir='ltr'>Adamo</span> <span class='ocrx_word' id='word_1_17' title='bbox 830 524 969 626; x_wconf 88' lang='lat' dir='ltr'>prolatis</span> <span class='ocrx_word' id='word_1_18' title='bbox 993 527 1027 598; x_wconf 95' lang='lat' dir='ltr'>in</span> <span class='ocrx_word' id='word_1_19' title='bbox 1051 526 1262 602; x_wconf 86' lang='lat' dir='ltr'>institutione</span> 
     </span>
     <span class='ocr_line' id='line_1_3' title="bbox 164 639 1257 741; baseline 0.004 -30"><span class='ocrx_word' id='word_1_20' title='bbox 164 640 365 728; x_wconf 79' lang='lat' dir='ltr'>matrimonii,</span> <span class='ocrx_word' id='word_1_21' title='bbox 394 655 427 713; x_wconf 90' lang='lat' dir='ltr'>et</span> <span class='ocrx_word' id='word_1_22' title='bbox 452 639 542 740; x_wconf 91' lang='lat' dir='ltr'>quod</span> <span class='ocrx_word' id='word_1_23' title='bbox 568 657 671 741; x_wconf 90' lang='lat' dir='ltr'>caput</span> <span class='ocrx_word' id='word_1_24' title='bbox 695 657 762 730; x_wconf 88' lang='lat' dir='ltr'>est,</span> <span class='ocrx_word' id='word_1_25' title='bbox 790 641 971 715; x_wconf 87' lang='lat' dir='ltr'>concilium</span> <span class='ocrx_word' id='word_1_26' title='bbox 1000 644 1101 716; x_wconf 89' lang='lat' dir='ltr'>etiam</span> <span class='ocrx_word' id='word_1_27' title='bbox 1132 643 1257 717; x_wconf 91' lang='lat' dir='ltr'>triden-</span> 
     </span>
     <span class='ocr_line' id='line_1_4' title="bbox 166 756 1262 857; baseline 0.007 -32"><span class='ocrx_word' id='word_1_28' title='bbox 166 756 249 828; x_wconf 89' lang='lat' dir='ltr'>tinum</span> <span class='ocrx_word' id='word_1_29' title='bbox 277 756 341 829; x_wconf 92' lang='lat' dir='ltr'>boo</span> <span class='ocrx_word' id='word_1_30' title='bbox 366 757 479 855; x_wconf 89' lang='lat' dir='ltr'>ipsum</span> <span class='ocrx_word' id='word_1_31' title='bbox 504 756 688 830; x_wconf 80' lang='lat' dir='ltr'>declaravit</span> <span class='ocrx_word' id='word_1_32' title='bbox 712 757 746 829; x_wconf 89' lang='lat' dir='ltr'>in</span> <span class='ocrx_word' id='word_1_33' title='bbox 777 760 987 857; x_wconf 82' lang='lat' dir='ltr'>expositione</span> <span class='ocrx_word' id='word_1_34' title='bbox 1016 759 1188 833; x_wconf 86' lang='lat' dir='ltr'>doetrinae</span> <span class='ocrx_word' id='word_1_35' title='bbox 1218 761 1262 834; x_wconf 89' lang='lat' dir='ltr'>de</span> 
     </span>
     <span class='ocr_line' id='line_1_5' title="bbox 166 873 1260 976; baseline 0.002 -31"><span class='ocrx_word' id='word_1_36' title='bbox 166 889 353 947; x_wconf 85' lang='lat' dir='ltr'>sacramento</span> <span class='ocrx_word' id='word_1_37' title='bbox 370 873 575 948; x_wconf 84' lang='lat' dir='ltr'>matrimonii</span> <span class='ocrx_word' id='word_1_38' title='bbox 594 875 729 948; x_wconf 89' lang='lat' dir='ltr'>dicens:</span> <span class='ocrx_word' id='word_1_39' title='bbox 746 876 972 948; x_wconf 83' lang='lat' dir='ltr'>«Matrimonii</span> <span class='ocrx_word' id='word_1_40' title='bbox 991 893 1190 976; x_wconf 90' lang='lat' dir='ltr'>perpetuum</span> <span class='ocrx_word' id='word_1_41' title='bbox 1208 878 1260 948; x_wconf 89' lang='lat' dir='ltr'>in-</span> 
     </span>
     <span class='ocr_line' id='line_1_6' title="bbox 166 986 1261 1091; baseline 0.006 -33"><span class='ocrx_word' id='word_1_42' title='bbox 166 988 447 1090; x_wconf 88' lang='lat' dir='ltr'>dissolubilemque</span> <span class='ocrx_word' id='word_1_43' title='bbox 463 1016 584 1063; x_wconf 83' lang='lat' dir='ltr'>nexum</span> <span class='ocrx_word' id='word_1_44' title='bbox 605 991 734 1091; x_wconf 90' lang='lat' dir='ltr'>primus</span> <span class='ocrx_word' id='word_1_45' title='bbox 752 986 890 1062; x_wconf 90' lang='lat' dir='ltr'>humani</span> <span class='ocrx_word' id='word_1_46' title='bbox 910 992 1043 1086; x_wconf 80' lang='lat' dir='ltr'>generis</span> <span class='ocrx_word' id='word_1_47' title='bbox 1062 1018 1184 1090; x_wconf 89' lang='lat' dir='ltr'>parens</span> <span class='ocrx_word' id='word_1_48' title='bbox 1207 992 1261 1065; x_wconf 94' lang='lat' dir='ltr'>di·</span> 
     </span>
     <span class='ocr_line' id='line_1_7' title="bbox 165 1103 1260 1205; baseline 0.005 -30"><span class='ocrx_word' id='word_1_49' title='bbox 165 1103 213 1175; x_wconf 85' lang='lat' dir='ltr'>tini</span> <span class='ocrx_word' id='word_1_50' title='bbox 237 1104 384 1203; x_wconf 78' lang='lat' dir='ltr'>Spiritus</span> <span class='ocrx_word' id='word_1_51' title='bbox 410 1105 571 1179; x_wconf 90' lang='lat' dir='ltr'>instinctu</span> <span class='ocrx_word' id='word_1_52' title='bbox 596 1106 850 1205; x_wconf 80' lang='lat' dir='ltr'>pronunciavit,</span> <span class='ocrx_word' id='word_1_53' title='bbox 870 1131 947 1179; x_wconf 86' lang='lat' dir='ltr'>oum</span> <span class='ocrx_word' id='word_1_54' title='bbox 965 1105 1068 1178; x_wconf 82' lang='lat' dir='ltr'>dixit:</span> <span class='ocrx_word' id='word_1_55' title='bbox 1088 1108 1158 1178; x_wconf 89' lang='lat' dir='ltr'>Hoc</span> <span class='ocrx_word' id='word_1_56' title='bbox 1175 1135 1260 1181; x_wconf 78' lang='lat' dir='ltr'>nuuc</span> 
     </span>
     <span class='ocr_line' id='line_1_8' title="bbox 164 1219 1261 1318; baseline 0.005 -28"><span class='ocrx_word' id='word_1_57' title='bbox 164 1243 243 1291; x_wconf 77' lang='lat' dir='ltr'>use</span> <span class='ocrx_word' id='word_1_58' title='bbox 267 1219 394 1292; x_wconf 77' lang='lat' dir='ltr'>ossibus</span> <span class='ocrx_word' id='word_1_59' title='bbox 418 1222 514 1305; x_wconf 80' lang='lat' dir='ltr'>meis,</span> <span class='ocrx_word' id='word_1_60' title='bbox 541 1235 573 1293; x_wconf 81' lang='lat' dir='ltr'>ct</span> <span class='ocrx_word' id='word_1_61' title='bbox 598 1246 673 1293; x_wconf 85' lang='lat' dir='ltr'>caro</span> <span class='ocrx_word' id='word_1_62' title='bbox 697 1219 736 1293; x_wconf 86' lang='lat' dir='ltr'>de</span> <span class='ocrx_word' id='word_1_63' title='bbox 762 1246 858 1294; x_wconf 76' lang='lat' dir='ltr'>cerne</span> <span class='ocrx_word' id='word_1_64' title='bbox 878 1247 969 1306; x_wconf 60' lang='lat' dir='ltr'>metu</span> <span class='ocrx_word' id='word_1_65' title='bbox 990 1223 1197 1318; x_wconf 84' lang='lat' dir='ltr'>quamobrem</span> <span class='ocrx_word' id='word_1_66' title='bbox 1212 1248 1261 1295; x_wconf 83' lang='lat' dir='ltr'>re·</span> 
     </span>
     <span class='ocr_line' id='line_1_9' title="bbox 165 1331 1262 1432; baseline 0.008 -31"><span class='ocrx_word' id='word_1_67' title='bbox 165 1331 264 1432; x_wconf 80' lang='lat' dir='ltr'>linquet</span> <span class='ocrx_word' id='word_1_68' title='bbox 289 1334 381 1405; x_wconf 81' lang='lat' dir='ltr'>bomo</span> <span class='ocrx_word' id='word_1_69' title='bbox 400 1349 530 1432; x_wconf 85' lang='lat' dir='ltr'>patrem</span> <span class='ocrx_word' id='word_1_70' title='bbox 552 1359 647 1406; x_wconf 81' lang='lat' dir='ltr'>suum</span> <span class='ocrx_word' id='word_1_71' title='bbox 664 1350 695 1408; x_wconf 87' lang='lat' dir='ltr'>ct</span> <span class='ocrx_word' id='word_1_72' title='bbox 714 1350 870 1420; x_wconf 83' lang='lat' dir='ltr'>matrem,</span> <span class='ocrx_word' id='word_1_73' title='bbox 894 1350 925 1409; x_wconf 84' lang='lat' dir='ltr'>et</span> <span class='ocrx_word' id='word_1_74' title='bbox 947 1334 1136 1410; x_wconf 76' lang='lat' dir='ltr'>adhaerebit</span> <span class='ocrx_word' id='word_1_75' title='bbox 1160 1338 1262 1410; x_wconf 77' lang='lat' dir='ltr'>uxori</span> 
     </span>
     <span class='ocr_line' id='line_1_10' title="bbox 162 1448 890 1546; baseline 0.004 -30"><span class='ocrx_word' id='word_1_76' title='bbox 162 1471 235 1533; x_wconf 81' lang='lat' dir='ltr'>tuac,</span> <span class='ocrx_word' id='word_1_77' title='bbox 250 1463 282 1521; x_wconf 84' lang='lat' dir='ltr'>ct</span> <span class='ocrx_word' id='word_1_78' title='bbox 298 1462 395 1520; x_wconf 81' lang='lat' dir='ltr'>eruut</span> <span class='ocrx_word' id='word_1_79' title='bbox 418 1448 482 1520; x_wconf 84' lang='lat' dir='ltr'>duo</span> <span class='ocrx_word' id='word_1_80' title='bbox 506 1450 543 1520; x_wconf 80' lang='lat' dir='ltr'>ia</span> <span class='ocrx_word' id='word_1_81' title='bbox 566 1475 663 1522; x_wconf 82' lang='lat' dir='ltr'>corne</span> <span class='ocrx_word' id='word_1_82' title='bbox 688 1476 755 1521; x_wconf 83' lang='lat' dir='ltr'>una</span> <span class='ocrx_word' id='word_1_83' title='bbox 775 1452 890 1546; x_wconf 77' lang='lat' dir='ltr'>(58).n</span> 
     </span>
    </p>

    <p class='ocr_par' dir='ltr' id='par_1_3' title="bbox 157 1563 1260 2126">
     <span class='ocr_line' id='line_1_11' title="bbox 214 1563 1259 1665; baseline 0.004 -31"><span class='ocrx_word' id='word_1_84' title='bbox 214 1563 415 1636; x_wconf 78' lang='lat' dir='ltr'>Matrimonii</span> <span class='ocrx_word' id='word_1_85' title='bbox 433 1565 547 1662; x_wconf 90' lang='lat' dir='ltr'>itaque</span> <span class='ocrx_word' id='word_1_86' title='bbox 561 1564 861 1651; x_wconf 88' lang='lat' dir='ltr'>indissolubilitas,</span> <span class='ocrx_word' id='word_1_87' title='bbox 877 1592 966 1665; x_wconf 92' lang='lat' dir='ltr'>quae</span> <span class='ocrx_word' id='word_1_88' title='bbox 978 1582 1015 1639; x_wconf 95' lang='lat' dir='ltr'>ut</span> <span class='ocrx_word' id='word_1_89' title='bbox 1033 1591 1136 1664; x_wconf 89' lang='lat' dir='ltr'>supra</span> <span class='ocrx_word' id='word_1_90' title='bbox 1150 1581 1259 1640; x_wconf 87' lang='lat' dir='ltr'>osten·</span> 
     </span>
     <span class='ocr_line' id='line_1_12' title="bbox 162 1676 1258 1781; baseline 0.008 -36"><span class='ocrx_word' id='word_1_91' title='bbox 162 1676 252 1751; x_wconf 87' lang='lat' dir='ltr'>dimus</span> <span class='ocrx_word' id='word_1_92' title='bbox 280 1705 302 1751; x_wconf 91' lang='lat' dir='ltr'>a</span> <span class='ocrx_word' id='word_1_93' title='bbox 332 1676 534 1754; x_wconf 88' lang='lat' dir='ltr'>secundario</span> <span class='ocrx_word' id='word_1_94' title='bbox 564 1696 704 1754; x_wconf 88' lang='lat' dir='ltr'>naturae</span> <span class='ocrx_word' id='word_1_95' title='bbox 734 1680 806 1754; x_wconf 90' lang='lat' dir='ltr'>iuro</span> <span class='ocrx_word' id='word_1_96' title='bbox 836 1681 1004 1768; x_wconf 85' lang='lat' dir='ltr'>dimanat,</span> <span class='ocrx_word' id='word_1_97' title='bbox 1031 1681 1176 1781; x_wconf 84' lang='lat' dir='ltr'>positiva</span> <span class='ocrx_word' id='word_1_98' title='bbox 1197 1683 1258 1756; x_wconf 85' lang='lat' dir='ltr'>Dei</span> 
     </span>
     <span class='ocr_line' id='line_1_13' title="bbox 162 1792 1259 1896; baseline 0.008 -35"><span class='ocrx_word' id='word_1_99' title='bbox 162 1792 351 1869; x_wconf 88' lang='lat' dir='ltr'>institutione</span> <span class='ocrx_word' id='word_1_100' title='bbox 368 1795 564 1869; x_wconf 87' lang='lat' dir='ltr'>confirmata</span> <span class='ocrx_word' id='word_1_101' title='bbox 582 1812 651 1882; x_wconf 87' lang='lat' dir='ltr'>est,</span> <span class='ocrx_word' id='word_1_102' title='bbox 673 1812 774 1896; x_wconf 88' lang='lat' dir='ltr'>atquo</span> <span class='ocrx_word' id='word_1_103' title='bbox 797 1797 923 1870; x_wconf 88' lang='lat' dir='ltr'>idcirco</span> <span class='ocrx_word' id='word_1_104' title='bbox 940 1825 960 1870; x_wconf 96' lang='lat' dir='ltr'>a</span> <span class='ocrx_word' id='word_1_105' title='bbox 977 1799 1047 1870; x_wconf 90' lang='lat' dir='ltr'>Deo</span> <span class='ocrx_word' id='word_1_106' title='bbox 1071 1798 1176 1896; x_wconf 86' lang='lat' dir='ltr'>repeti</span> <span class='ocrx_word' id='word_1_107' title='bbox 1200 1797 1259 1870; x_wconf 91' lang='lat' dir='ltr'>de-</span> 
     </span>
     <span class='ocr_line' id='line_1_14' title="bbox 160 1905 1260 2012; baseline 0.005 -31"><span class='ocrx_word' id='word_1_108' title='bbox 160 1905 198 1983; x_wconf 85' lang='lat' dir='ltr'>bet</span> <span class='ocrx_word' id='word_1_109' title='bbox 219 1927 289 1983; x_wconf 90' lang='lat' dir='ltr'>tum</span> <span class='ocrx_word' id='word_1_110' title='bbox 316 1926 416 2011; x_wconf 87' lang='lat' dir='ltr'>prout</span> <span class='ocrx_word' id='word_1_111' title='bbox 441 1927 494 1984; x_wconf 88' lang='lat' dir='ltr'>est</span> <span class='ocrx_word' id='word_1_112' title='bbox 522 1927 663 1984; x_wconf 84' lang='lat' dir='ltr'>naturae</span> <span class='ocrx_word' id='word_1_113' title='bbox 692 1927 827 1999; x_wconf 84' lang='lat' dir='ltr'>auctor,</span> <span class='ocrx_word' id='word_1_114' title='bbox 855 1927 924 1985; x_wconf 92' lang='lat' dir='ltr'>tum</span> <span class='ocrx_word' id='word_1_115' title='bbox 950 1929 1049 2012; x_wconf 91' lang='lat' dir='ltr'>prout</span> <span class='ocrx_word' id='word_1_116' title='bbox 1074 1929 1260 1988; x_wconf 87' lang='lat' dir='ltr'>auctorest</span> 
     </span>
     <span class='ocr_line' id='line_1_15' title="bbox 157 2024 567 2126; baseline 0.002 -32"><span class='ocrx_word' id='word_1_117' title='bbox 157 2025 266 2099; x_wconf 89' lang='lat' dir='ltr'>ordinis</span> <span class='ocrx_word' id='word_1_118' title='bbox 286 2024 567 2126; x_wconf 89' lang='lat' dir='ltr'>supernaturalis.</span> 
     </span>
    </p>

    <p class='ocr_par' dir='ltr' id='par_1_4' title="bbox 138 2140 1260 3615">
     <span class='ocr_line' id='line_1_16' title="bbox 209 2140 1260 2241; baseline 0.005 -30"><span class='ocrx_word' id='word_1_119' title='bbox 209 2140 251 2213; x_wconf 79' lang='lat' dir='ltr'>At</span> <span class='ocrx_word' id='word_1_120' title='bbox 278 2141 308 2213; x_wconf 91' lang='lat' dir='ltr'>si</span> <span class='ocrx_word' id='word_1_121' title='bbox 335 2141 529 2238; x_wconf 82' lang='lat' dir='ltr'>coniugium</span> <span class='ocrx_word' id='word_1_122' title='bbox 558 2158 627 2214; x_wconf 93' lang='lat' dir='ltr'>tum</span> <span class='ocrx_word' id='word_1_123' title='bbox 655 2140 799 2215; x_wconf 87' lang='lat' dir='ltr'>naturali</span> <span class='ocrx_word' id='word_1_124' title='bbox 828 2159 897 2214; x_wconf 92' lang='lat' dir='ltr'>tum</span> <span class='ocrx_word' id='word_1_125' title='bbox 930 2142 1075 2241; x_wconf 85' lang='lat' dir='ltr'>positivo</span> <span class='ocrx_word' id='word_1_126' title='bbox 1106 2143 1179 2216; x_wconf 86' lang='lat' dir='ltr'>iure</span> <span class='ocrx_word' id='word_1_127' title='bbox 1208 2160 1260 2217; x_wconf 88' lang='lat' dir='ltr'>est</span> 
     </span>
     <span class='ocr_line' id='line_1_17' title="bbox 154 2253 1259 2356; baseline 0.005 -32"><span class='ocrx_word' id='word_1_128' title='bbox 154 2253 392 2342; x_wconf 80' lang='lat' dir='ltr'>indissolubile,</span> <span class='ocrx_word' id='word_1_129' title='bbox 414 2256 497 2356; x_wconf 91' lang='lat' dir='ltr'>quid</span> <span class='ocrx_word' id='word_1_130' title='bbox 515 2256 699 2329; x_wconf 90' lang='lat' dir='ltr'>dicendum</span> <span class='ocrx_word' id='word_1_131' title='bbox 717 2256 759 2329; x_wconf 93' lang='lat' dir='ltr'>de</span> <span class='ocrx_word' id='word_1_132' title='bbox 777 2256 1045 2356; x_wconf 87' lang='lat' dir='ltr'>patriarcharum</span> <span class='ocrx_word' id='word_1_133' title='bbox 1064 2258 1186 2355; x_wconf 80' lang='lat' dir='ltr'>agendi</span> <span class='ocrx_word' id='word_1_134' title='bbox 1208 2284 1259 2330; x_wconf 91' lang='lat' dir='ltr'>ra-</span> 
     </span>
     <span class='ocr_line' id='line_1_18' title="bbox 151 2369 1259 2470; baseline 0.004 -30"><span class='ocrx_word' id='word_1_135' title='bbox 151 2370 245 2456; x_wconf 89' lang='lat' dir='ltr'>tione,</span> <span class='ocrx_word' id='word_1_136' title='bbox 263 2397 305 2444; x_wconf 88' lang='lat' dir='ltr'>ac</span> <span class='ocrx_word' id='word_1_137' title='bbox 319 2370 515 2444; x_wconf 89' lang='lat' dir='ltr'>nominatim</span> <span class='ocrx_word' id='word_1_138' title='bbox 536 2370 577 2443; x_wconf 91' lang='lat' dir='ltr'>de</span> <span class='ocrx_word' id='word_1_139' title='bbox 590 2369 760 2443; x_wconf 81' lang='lat' dir='ltr'>Abrabam</span> <span class='ocrx_word' id='word_1_140' title='bbox 776 2372 834 2470; x_wconf 89' lang='lat' dir='ltr'>qui</span> <span class='ocrx_word' id='word_1_141' title='bbox 846 2371 934 2469; x_wconf 77' lang='lat' dir='ltr'>Agar</span> <span class='ocrx_word' id='word_1_142' title='bbox 950 2398 1087 2445; x_wconf 85' lang='lat' dir='ltr'>uxorem</span> <span class='ocrx_word' id='word_1_143' title='bbox 1106 2372 1259 2445; x_wconf 70' lang='lat' dir='ltr'>dimisit?</span> 
     </span>
     <span class='ocr_line' id='line_1_19' title="bbox 151 2485 1258 2587; baseline 0.002 -29"><span class='ocrx_word' id='word_1_144' title='bbox 151 2485 226 2571; x_wconf 78' lang='lat' dir='ltr'>Quid</span> <span class='ocrx_word' id='word_1_145' title='bbox 255 2487 469 2587; x_wconf 87' lang='lat' dir='ltr'>potissimum</span> <span class='ocrx_word' id='word_1_146' title='bbox 496 2485 676 2558; x_wconf 88' lang='lat' dir='ltr'>dicendum</span> <span class='ocrx_word' id='word_1_147' title='bbox 702 2487 744 2558; x_wconf 90' lang='lat' dir='ltr'>de</span> <span class='ocrx_word' id='word_1_148' title='bbox 770 2486 883 2559; x_wconf 93' lang='lat' dir='ltr'>libello</span> <span class='ocrx_word' id='word_1_149' title='bbox 911 2486 1043 2585; x_wconf 82' lang='lat' dir='ltr'>repudii</span> <span class='ocrx_word' id='word_1_150' title='bbox 1066 2488 1125 2586; x_wconf 90' lang='lat' dir='ltr'>qni</span> <span class='ocrx_word' id='word_1_151' title='bbox 1144 2514 1163 2561; x_wconf 87' lang='lat' dir='ltr'>a</span> <span class='ocrx_word' id='word_1_152' title='bbox 1185 2487 1258 2584; x_wconf 82' lang='lat' dir='ltr'>lege</span> 
     </span>
     <span class='ocr_line' id='line_1_20' title="bbox 148 2600 1259 2702; baseline 0.001 -29"><span class='ocrx_word' id='word_1_153' title='bbox 148 2603 288 2676; x_wconf 86' lang='lat' dir='ltr'>mosaica</span> <span class='ocrx_word' id='word_1_154' title='bbox 314 2600 543 2702; x_wconf 77' lang='lat' dir='ltr'>permittitur?</span> <span class='ocrx_word' id='word_1_155' title='bbox 561 2600 612 2672; x_wconf 81' lang='lat' dir='ltr'>ad</span> <span class='ocrx_word' id='word_1_156' title='bbox 637 2602 783 2702; x_wconf 93' lang='lat' dir='ltr'>primum</span> <span class='ocrx_word' id='word_1_157' title='bbox 809 2602 900 2702; x_wconf 92' lang='lat' dir='ltr'>quod</span> <span class='ocrx_word' id='word_1_158' title='bbox 926 2603 1044 2675; x_wconf 89' lang='lat' dir='ltr'>attinet</span> <span class='ocrx_word' id='word_1_159' title='bbox 1069 2602 1177 2675; x_wconf 81' lang='lat' dir='ltr'>facilis</span> <span class='ocrx_word' id='word_1_160' title='bbox 1206 2619 1259 2676; x_wconf 89' lang='lat' dir='ltr'>est</span> 
     </span>
     <span class='ocr_line' id='line_1_21' title="bbox 147 2715 1259 2818; baseline 0 -28"><span class='ocrx_word' id='word_1_161' title='bbox 147 2717 330 2818; x_wconf 86' lang='lat' dir='ltr'>responsio.</span> <span class='ocrx_word' id='word_1_162' title='bbox 354 2718 392 2788; x_wconf 96' lang='lat' dir='ltr'>ln</span> <span class='ocrx_word' id='word_1_163' title='bbox 410 2715 551 2789; x_wconf 91' lang='lat' dir='ltr'>dubium</span> <span class='ocrx_word' id='word_1_164' title='bbox 564 2716 712 2790; x_wconf 82' lang='lat' dir='ltr'>revocari</span> <span class='ocrx_word' id='word_1_165' title='bbox 727 2717 844 2816; x_wconf 90' lang='lat' dir='ltr'>nequit</span> <span class='ocrx_word' id='word_1_166' title='bbox 857 2717 940 2817; x_wconf 90' lang='lat' dir='ltr'>quin</span> <span class='ocrx_word' id='word_1_167' title='bbox 957 2718 1047 2815; x_wconf 81' lang='lat' dir='ltr'>Agar</span> <span class='ocrx_word' id='word_1_168' title='bbox 1060 2718 1160 2790; x_wconf 86' lang='lat' dir='ltr'>luerit</span> <span class='ocrx_word' id='word_1_169' title='bbox 1180 2744 1259 2791; x_wconf 88' lang='lat' dir='ltr'>vera</span> 
     </span>
     <span class='ocr_line' id='line_1_22' title="bbox 148 2830 1258 2920; baseline -0.002 -14"><span class='ocrx_word' id='word_1_170' title='bbox 148 2861 221 2908; x_wconf 85' lang='lat' dir='ltr'>uror</span> <span class='ocrx_word' id='word_1_171' title='bbox 254 2832 438 2920; x_wconf 81' lang='lat' dir='ltr'>Abrahae,</span> <span class='ocrx_word' id='word_1_172' title='bbox 474 2859 574 2906; x_wconf 89' lang='lat' dir='ltr'>secus</span> <span class='ocrx_word' id='word_1_173' title='bbox 607 2857 647 2905; x_wconf 88' lang='lat' dir='ltr'>ao</span> <span class='ocrx_word' id='word_1_174' title='bbox 676 2833 828 2905; x_wconf 92' lang='lat' dir='ltr'>nonnulli</span> <span class='ocrx_word' id='word_1_175' title='bbox 861 2830 1147 2920; x_wconf 81' lang='lat' dir='ltr'>existimaverint3</span> <span class='ocrx_word' id='word_1_176' title='bbox 1180 2860 1258 2906; x_wconf 91' lang='lat' dir='ltr'>nam</span> 
     </span>
     <span class='ocr_line' id='line_1_23' title="bbox 143 2949 1258 3051; baseline -0.001 -29"><span class='ocrx_word' id='word_1_177' title='bbox 143 2976 299 3051; x_wconf 82' lang='lat' dir='ltr'>expresse</span> <span class='ocrx_word' id='word_1_178' title='bbox 326 2975 409 3021; x_wconf 83' lang='lat' dir='ltr'>uxor</span> <span class='ocrx_word' id='word_1_179' title='bbox 432 2966 570 3023; x_wconf 83' lang='lat' dir='ltr'>vocatur</span> <span class='ocrx_word' id='word_1_180' title='bbox 594 2949 886 3038; x_wconf 78' lang='lat' dir='ltr'>Genos.xv1.3.;</span> <span class='ocrx_word' id='word_1_181' title='bbox 909 2966 943 3023; x_wconf 91' lang='lat' dir='ltr'>at</span> <span class='ocrx_word' id='word_1_182' title='bbox 965 2949 1066 3022; x_wconf 88' lang='lat' dir='ltr'>relate</span> <span class='ocrx_word' id='word_1_183' title='bbox 1091 2950 1134 3022; x_wconf 95' lang='lat' dir='ltr'>ad</span> <span class='ocrx_word' id='word_1_184' title='bbox 1159 2975 1258 3050; x_wconf 92' lang='lat' dir='ltr'>repu-</span> 
     </span>
     <span class='ocr_line' id='line_1_24' title="bbox 143 3064 1254 3168; baseline -0.004 -30"><span class='ocrx_word' id='word_1_185' title='bbox 143 3067 250 3154; x_wconf 90' lang='lat' dir='ltr'>dium,</span> <span class='ocrx_word' id='word_1_186' title='bbox 281 3067 373 3168; x_wconf 93' lang='lat' dir='ltr'>quod</span> <span class='ocrx_word' id='word_1_187' title='bbox 400 3067 546 3166; x_wconf 87' lang='lat' dir='ltr'>primum</span> <span class='ocrx_word' id='word_1_188' title='bbox 566 3082 618 3140; x_wconf 89' lang='lat' dir='ltr'>est</span> <span class='ocrx_word' id='word_1_189' title='bbox 638 3066 825 3165; x_wconf 83' lang='lat' dir='ltr'>exemplum</span> <span class='ocrx_word' id='word_1_190' title='bbox 844 3066 878 3136; x_wconf 93' lang='lat' dir='ltr'>in</span> <span class='ocrx_word' id='word_1_191' title='bbox 895 3064 1077 3162; x_wconf 87' lang='lat' dir='ltr'>Scripturis</span> <span class='ocrx_word' id='word_1_192' title='bbox 1098 3064 1254 3150; x_wconf 90' lang='lat' dir='ltr'>relatum,</span> 
     </span>
     <span class='ocr_line' id='line_1_25' title="bbox 142 3179 1257 3282; baseline -0.004 -28"><span class='ocrx_word' id='word_1_193' title='bbox 142 3181 201 3257; x_wconf 91' lang='lat' dir='ltr'>duo</span> <span class='ocrx_word' id='word_1_194' title='bbox 220 3200 304 3257; x_wconf 91' lang='lat' dir='ltr'>sunt</span> <span class='ocrx_word' id='word_1_195' title='bbox 323 3182 636 3267; x_wconf 85' lang='lat' dir='ltr'>animadvertenda,</span> <span class='ocrx_word' id='word_1_196' title='bbox 660 3182 782 3280; x_wconf 88' lang='lat' dir='ltr'>prime,</span> <span class='ocrx_word' id='word_1_197' title='bbox 800 3207 867 3254; x_wconf 93' lang='lat' dir='ltr'>non</span> <span class='ocrx_word' id='word_1_198' title='bbox 888 3179 1021 3282; x_wconf 92' lang='lat' dir='ltr'>probari</span> <span class='ocrx_word' id='word_1_199' title='bbox 1041 3179 1124 3251; x_wconf 92' lang='lat' dir='ltr'>illud</span> <span class='ocrx_word' id='word_1_200' title='bbox 1141 3205 1257 3251; x_wconf 86' lang='lat' dir='ltr'>verum</span> 
     </span>
     <span class='ocr_line' id='line_1_26' title="bbox 141 3295 1256 3397; baseline -0.004 -28"><span class='ocrx_word' id='word_1_201' title='bbox 141 3297 242 3372; x_wconf 86' lang='lat' dir='ltr'>luisse</span> <span class='ocrx_word' id='word_1_202' title='bbox 268 3299 448 3371; x_wconf 87' lang='lat' dir='ltr'>divortium</span> <span class='ocrx_word' id='word_1_203' title='bbox 474 3298 586 3397; x_wconf 88' lang='lat' dir='ltr'>quoad</span> <span class='ocrx_word' id='word_1_204' title='bbox 613 3296 804 3384; x_wconf 86' lang='lat' dir='ltr'>vinculum,</span> <span class='ocrx_word' id='word_1_205' title='bbox 833 3323 938 3395; x_wconf 90' lang='lat' dir='ltr'>quum</span> <span class='ocrx_word' id='word_1_206' title='bbox 956 3295 1046 3392; x_wconf 79' lang='lat' dir='ltr'>Agar</span> <span class='ocrx_word' id='word_1_207' title='bbox 1071 3321 1256 3394; x_wconf 91' lang='lat' dir='ltr'>numquam</span> 
     </span>
     <span class='ocr_line' id='line_1_27' title="bbox 140 3409 1257 3513; baseline -0.005 -27"><span class='ocrx_word' id='word_1_208' title='bbox 140 3414 228 3487; x_wconf 90' lang='lat' dir='ltr'>alteri</span> <span class='ocrx_word' id='word_1_209' title='bbox 258 3414 429 3513; x_wconf 88' lang='lat' dir='ltr'>nupserit;</span> <span class='ocrx_word' id='word_1_210' title='bbox 451 3412 575 3485; x_wconf 90' lang='lat' dir='ltr'>deinde</span> <span class='ocrx_word' id='word_1_211' title='bbox 600 3413 691 3513; x_wconf 90' lang='lat' dir='ltr'>quod</span> <span class='ocrx_word' id='word_1_212' title='bbox 717 3429 818 3512; x_wconf 89' lang='lat' dir='ltr'>caput</span> <span class='ocrx_word' id='word_1_213' title='bbox 842 3428 914 3499; x_wconf 88' lang='lat' dir='ltr'>est,</span> <span class='ocrx_word' id='word_1_214' title='bbox 933 3439 974 3484; x_wconf 81' lang='lat' dir='ltr'>ex</span> <span class='ocrx_word' id='word_1_215' title='bbox 1003 3409 1165 3512; x_wconf 87' lang='lat' dir='ltr'>peculiari</span> <span class='ocrx_word' id='word_1_216' title='bbox 1195 3410 1257 3483; x_wconf 90' lang='lat' dir='ltr'>Dei</span> 
     </span>
     <span class='ocr_line' id='line_1_28' title="bbox 138 3525 1251 3615; baseline -0.005 -14"><span class='ocrx_word' id='word_1_217' title='bbox 138 3529 295 3602; x_wconf 87' lang='lat' dir='ltr'>mandato</span> <span class='ocrx_word' id='word_1_218' title='bbox 320 3529 443 3601; x_wconf 90' lang='lat' dir='ltr'>lactum</span> <span class='ocrx_word' id='word_1_219' title='bbox 470 3526 594 3615; x_wconf 85' lang='lat' dir='ltr'>luisse,</span> <span class='ocrx_word' id='word_1_220' title='bbox 621 3543 659 3599; x_wconf 91' lang='lat' dir='ltr'>ut</span> <span class='ocrx_word' id='word_1_221' title='bbox 676 3542 806 3601; x_wconf 87' lang='lat' dir='ltr'>constat</span> <span class='ocrx_word' id='word_1_222' title='bbox 823 3554 863 3600; x_wconf 84' lang='lat' dir='ltr'>ea</span> <span class='ocrx_word' id='word_1_223' title='bbox 881 3527 1000 3599; x_wconf 84' lang='lat' dir='ltr'>(lenes.</span> <span class='ocrx_word' id='word_1_224' title='bbox 1016 3526 1103 3597; x_wconf 82' lang='lat' dir='ltr'>xxt.</span> <span class='ocrx_word' id='word_1_225' title='bbox 1127 3525 1251 3597; x_wconf 79' lang='lat'>10-12.</span> 
     </span>
    </p>

    <p class='ocr_par' dir='ltr' id='par_1_5' title="bbox 137 3639 1257 4319">
     <span class='ocr_line' id='line_1_29' title="bbox 207 3639 1257 3742; baseline -0.002 -27"><span class='ocrx_word' id='word_1_226' title='bbox 207 3643 308 3731; x_wconf 83' lang='lat' dir='ltr'>Quod</span> <span class='ocrx_word' id='word_1_227' title='bbox 332 3669 412 3717; x_wconf 82' lang='lat' dir='ltr'>vero</span> <span class='ocrx_word' id='word_1_228' title='bbox 439 3658 567 3742; x_wconf 90' lang='lat' dir='ltr'>spectat</span> <span class='ocrx_word' id='word_1_229' title='bbox 591 3643 634 3714; x_wconf 94' lang='lat' dir='ltr'>ad</span> <span class='ocrx_word' id='word_1_230' title='bbox 660 3641 810 3714; x_wconf 91' lang='lat' dir='ltr'>libellum</span> <span class='ocrx_word' id='word_1_231' title='bbox 838 3641 967 3741; x_wconf 89' lang='lat' dir='ltr'>repudii</span> <span class='ocrx_word' id='word_1_232' title='bbox 996 3640 1094 3741; x_wconf 89' lang='lat' dir='ltr'>plura</span> <span class='ocrx_word' id='word_1_233' title='bbox 1112 3639 1257 3713; x_wconf 83' lang='lat' dir='ltr'>dicenda</span> 
     </span>
     <span class='ocr_line' id='line_1_30' title="bbox 139 3755 1256 3856; baseline -0.004 -25"><span class='ocrx_word' id='word_1_234' title='bbox 139 3774 228 3832; x_wconf 89' lang='lat' dir='ltr'>sunt.</span> <span class='ocrx_word' id='word_1_235' title='bbox 259 3758 508 3830; x_wconf 87' lang='lat' dir='ltr'>Praemittimus</span> <span class='ocrx_word' id='word_1_236' title='bbox 542 3756 643 3831; x_wconf 84' lang='lat' dir='ltr'>verba</span> <span class='ocrx_word' id='word_1_237' title='bbox 677 3773 776 3856; x_wconf 88' lang='lat' dir='ltr'>prout</span> <span class='ocrx_word' id='word_1_238' title='bbox 800 3757 833 3828; x_wconf 94' lang='lat' dir='ltr'>in</span> <span class='ocrx_word' id='word_1_239' title='bbox 861 3774 975 3830; x_wconf 89' lang='lat' dir='ltr'>nostra</span> <span class='ocrx_word' id='word_1_240' title='bbox 1004 3755 1152 3828; x_wconf 88' lang='lat' dir='ltr'>editione</span> <span class='ocrx_word' id='word_1_241' title='bbox 1182 3755 1256 3828; x_wconf 82' lang='lat' dir='ltr'>uul-</span> 
     </span>
     <span class='ocr_line' id='line_1_31' title="bbox 137 3870 1256 3970; baseline -0.005 -24"><span class='ocrx_word' id='word_1_242' title='bbox 137 3889 212 3970; x_wconf 80' lang='lat' dir='ltr'>gata</span> <span class='ocrx_word' id='word_1_243' title='bbox 231 3872 389 3970; x_wconf 81' lang='lat' dir='ltr'>leguntur</span> <span class='ocrx_word' id='word_1_244' title='bbox 407 3874 504 3946; x_wconf 88' lang='lat' dir='ltr'>Deut.</span> <span class='ocrx_word' id='word_1_245' title='bbox 523 3873 635 3944; x_wconf 83' lang='lat' dir='ltr'>xxtv.</span> <span class='ocrx_word' id='word_1_246' title='bbox 657 3875 732 3944; x_wconf 82' lang='lat' dir='ltr'>1-t.</span> <span class='ocrx_word' id='word_1_247' title='bbox 757 3873 841 3945; x_wconf 89' lang='lat' dir='ltr'>Sunt</span> <span class='ocrx_word' id='word_1_248' title='bbox 859 3889 988 3944; x_wconf 91' lang='lat' dir='ltr'>autem:</span> <span class='ocrx_word' id='word_1_249' title='bbox 1003 3872 1065 3941; x_wconf 87' lang='lat' dir='ltr'>«Si</span> <span class='ocrx_word' id='word_1_250' title='bbox 1089 3870 1256 3968; x_wconf 88' lang='lat' dir='ltr'>acceperit</span> 
     </span>
     <span class='ocr_line' id='line_1_32' title="bbox 138 3984 1254 4082; baseline -0.005 -22"><span class='ocrx_word' id='word_1_251' title='bbox 138 3987 237 4063; x_wconf 85' lang='lat' dir='ltr'>homo</span> <span class='ocrx_word' id='word_1_252' title='bbox 261 4016 417 4076; x_wconf 84' lang='lat' dir='ltr'>uxorem,</span> <span class='ocrx_word' id='word_1_253' title='bbox 442 4006 474 4062; x_wconf 86' lang='lat' dir='ltr'>et</span> <span class='ocrx_word' id='word_1_254' title='bbox 496 3988 651 4062; x_wconf 90' lang='lat' dir='ltr'>habuerit</span> <span class='ocrx_word' id='word_1_255' title='bbox 675 4016 769 4076; x_wconf 85' lang='lat' dir='ltr'>eam,</span> <span class='ocrx_word' id='word_1_256' title='bbox 791 4004 824 4061; x_wconf 87' lang='lat' dir='ltr'>et</span> <span class='ocrx_word' id='word_1_257' title='bbox 844 4015 909 4062; x_wconf 93' lang='lat' dir='ltr'>non</span> <span class='ocrx_word' id='word_1_258' title='bbox 931 3987 1093 4062; x_wconf 80' lang='lat' dir='ltr'>invenerit</span> <span class='ocrx_word' id='word_1_259' title='bbox 1114 3984 1254 4082; x_wconf 81' lang='lat' dir='ltr'>gratiam</span> 
     </span>
     <span class='ocr_line' id='line_1_33' title="bbox 140 4098 1255 4204; baseline -0.006 -28"><span class='ocrx_word' id='word_1_260' title='bbox 140 4123 212 4178; x_wconf 87' lang='lat' dir='ltr'>ante</span> <span class='ocrx_word' id='word_1_261' title='bbox 232 4103 349 4177; x_wconf 91' lang='lat' dir='ltr'>oculos</span> <span class='ocrx_word' id='word_1_262' title='bbox 372 4104 446 4176; x_wconf 91' lang='lat' dir='ltr'>eius</span> <span class='ocrx_word' id='word_1_263' title='bbox 465 4118 601 4202; x_wconf 89' lang='lat' dir='ltr'>propter</span> <span class='ocrx_word' id='word_1_264' title='bbox 620 4103 767 4204; x_wconf 89' lang='lat' dir='ltr'>aliquam</span> <span class='ocrx_word' id='word_1_265' title='bbox 794 4103 998 4201; x_wconf 80' lang='lat' dir='ltr'>foeditatem:</span> <span class='ocrx_word' id='word_1_266' title='bbox 1022 4101 1145 4174; x_wconf 89' lang='lat' dir='ltr'>scribet</span> <span class='ocrx_word' id='word_1_267' title='bbox 1162 4098 1255 4171; x_wconf 87' lang='lat' dir='ltr'>libel·</span> 
     </span>
     <span class='ocr_line' id='line_1_34' title="bbox 142 4216 1252 4319; baseline -0.001 -33"><span class='ocrx_word' id='word_1_268' title='bbox 142 4217 204 4292; x_wconf 92' lang='lat' dir='ltr'>lum</span> <span class='ocrx_word' id='word_1_269' title='bbox 238 4219 393 4319; x_wconf 90' lang='lat' dir='ltr'>repudii,</span> <span class='ocrx_word' id='word_1_270' title='bbox 421 4235 454 4292; x_wconf 91' lang='lat' dir='ltr'>et</span> <span class='ocrx_word' id='word_1_271' title='bbox 478 4218 573 4290; x_wconf 88' lang='lat' dir='ltr'>dabit</span> <span class='ocrx_word' id='word_1_272' title='bbox 598 4219 632 4289; x_wconf 92' lang='lat' dir='ltr'>in</span> <span class='ocrx_word' id='word_1_273' title='bbox 660 4246 761 4292; x_wconf 92' lang='lat' dir='ltr'>manu</span> <span class='ocrx_word' id='word_1_274' title='bbox 794 4218 909 4304; x_wconf 90' lang='lat' dir='ltr'>illius,</span> <span class='ocrx_word' id='word_1_275' title='bbox 941 4234 973 4290; x_wconf 92' lang='lat' dir='ltr'>et</span> <span class='ocrx_word' id='word_1_276' title='bbox 1002 4216 1146 4289; x_wconf 89' lang='lat' dir='ltr'>dimittet</span> <span class='ocrx_word' id='word_1_277' title='bbox 1179 4240 1252 4286; x_wconf 87' lang='lat' dir='ltr'>eam</span> 
     </span>
    </p>
   </div>
   <div class='ocr_carea' id='block_1_3' title="bbox 208 4372 645 4432">
    <p class='ocr_par' dir='ltr' id='par_1_6' title="bbox 208 4372 645 4432">
     <span class='ocr_line' id='line_1_35' title="bbox 208 4372 645 4432; baseline -0.007 -10"><span class='ocrx_word' id='word_1_278' title='bbox 208 4373 258 4432; x_wconf 77' lang='lat'><strong>(58)</strong></span> <span class='ocrx_word' id='word_1_279' title='bbox 274 4373 339 4422; x_wconf 75' lang='lat' dir='ltr'>Sem.</span> <span class='ocrx_word' id='word_1_280' title='bbox 354 4372 441 4421; x_wconf 83' lang='lat' dir='ltr'>xxttt.</span> <span class='ocrx_word' id='word_1_281' title='bbox 455 4373 581 4420; x_wconf 75' lang='lat' dir='ltr'>Doctrina</span> <span class='ocrx_word' id='word_1_282' title='bbox 597 4373 645 4419; x_wconf 83' lang='lat' dir='ltr'>etc.</span> 
     </span>
    </p>
   </div>
   <div class='ocr_carea' id='block_1_4' title="bbox 0 0 1402 5064">
    <p class='ocr_par' dir='ltr' id='par_1_7' title="bbox 0 0 1402 5064">
     <span class='ocr_line' id='line_1_36' title="bbox 0 0 1402 5064; baseline 0 2"><span class='ocrx_word' id='word_1_283' title='bbox 0 0 1402 5064; x_wconf 95' lang='lat' dir='ltr'> </span> 
     </span>
    </p>
   </div>
  </div>
 </body>
</html>
