2796 5064
191 393 310 447 cren.
327 392 604 444 serumserum.
625 391 658 442 ru
672 391 760 442 crus.
777 391 888 443 nourr.
907 392 979 442 aar.
992 392 1039 443 ιιι.
1111 371 1182 442 217

80 511 155 586 idei
184 510 343 587 libuisset
369 513 471 608 (to),
504 510 688 584 autetiam
714 537 775 610 per
799 537 884 584 nova
908 510 1028 608 iugiter
1054 510 1183 609 flagitia

76 629 207 702 transire
231 628 275 701 de
299 627 454 725 coniugio
477 626 512 698 in
539 626 747 724 coniugium.

135 745 300 829 Demum;
329 743 382 818 vel
405 743 646 816 dissolveretur
670 744 917 817 matrimonium
940 743 1051 843 quoad
1068 743 1186 816 vincu-

72 857 133 931 lum
159 858 235 933 solo
261 859 491 933 fornicationis
523 876 621 946 ectu,
649 875 681 932 et
710 875 787 932 tunc
812 887 878 931 non
905 875 1021 958 posset
1047 859 1187 932 maritus

71 974 209 1049 huiusce
227 977 380 1049 criminis
399 975 556 1049 conscius
578 976 652 1048 sino
668 975 822 1048 adulterii
841 975 980 1071 flagitio,
999 991 1057 1048 aut
1070 973 1187 1048 saltem

69 1091 298 1165 fornicationis
324 1118 362 1165 se
386 1117 463 1165 cum
489 1091 641 1165 adultera
673 1090 814 1164 muliere
843 1091 1071 1187 coniungere,
1105 1090 1187 1190 quia

68 1204 147 1278 haec
169 1231 240 1279 non
259 1204 405 1304 amplius
423 1220 514 1279 esset
531 1205 604 1279 eius
621 1231 726 1292 uxor,
748 1220 863 1304 utpote
882 1203 991 1277 soluto
1008 1204 1182 1300 coniugio;

66 1320 112 1393 rel
131 1319 167 1392 id
187 1318 350 1420 penderet
366 1345 388 1393 a
403 1319 467 1392 viri
485 1319 668 1407 voluntate,
690 1335 748 1392 aut
765 1345 825 1418 per
846 1335 956 1391 actum
976 1318 1182 1405 iuridicum,

68 1450 95 1506 ot
119 1452 206 1508 tunc
229 1434 283 1508 rir
306 1433 506 1515 dissolveret
529 1436 619 1536 quod
644 1437 735 1508 Deus
765 1435 1001 1521 coniunxerat,
1029 1433 1120 1534 quod
1145 1460 1186 1507 ex

66 1549 198 1625 Christo
223 1550 326 1624 homo
350 1551 459 1624 faeere
481 1578 548 1626 non
575 1569 694 1652 potest.
720 1552 808 1649 Ergo
827 1550 1056 1624 fornicationis
1075 1550 1186 1624 scelus

67 1664 317 1739 matrimonium
342 1666 455 1765 quoad
479 1665 650 1740 vinculum
677 1692 743 1739 non
768 1664 895 1738 solvit.-

138 1783 213 1854 Nec
237 1779 350 1868 obest,
383 1797 420 1854 ut
449 1780 553 1882 aliqui
579 1781 769 1881 excipiunt,
802 1780 950 1880 quodsi
982 1797 1095 1854 nostra
1126 1778 1187 1853 ud-

68 1897 253 1970 mitteretur
274 1895 524 1996 interpretatio,
554 1896 709 1970 Christus
735 1922 801 1970 non
828 1895 1059 1995 respondisset
1083 1920 1187 1994 quae-

65 2012 161 2085 stioni
183 2010 453 2111 pharisaeorum.
476 2011 527 2083 llli
546 2012 636 2085 enim
655 2012 941 2108 interrogaverunt
958 2011 1001 2083 de
1019 2010 1186 2085 solutione

65 2128 173 2226 quoad
201 2126 393 2214 vinculum,
417 2127 666 2226 proutferebat
693 2126 744 2200 lex
770 2128 896 2228 Moysis
924 2128 1120 2226 permittens
1146 2125 1186 2198 li-

65 2241 189 2316 bellum
217 2240 373 2342 repudii,
401 2243 475 2341 ipse
497 2261 606 2317 autem
630 2243 760 2317 loeutus
787 2243 907 2317 fuisset
932 2243 974 2316 de
1000 2243 1072 2317 sole
1098 2241 1190 2316 solu·

67 2357 153 2430 tione
179 2356 293 2455 quoad
319 2372 441 2429 torum.
467 2357 508 2430 dt
535 2385 612 2432 vero
637 2358 701 2432 hoe
723 2358 799 2457 ipso
819 2358 911 2457 quod
943 2357 1099 2431 Christus
1127 2383 1187 2432 ro·

67 2470 125 2545 luit
151 2498 213 2545 eos
238 2470 406 2544 abducere
435 2471 479 2546 ab
513 2473 572 2546 illa
597 2474 742 2571 coniugii
776 2473 1017 2560 dissolutione,
1047 2498 1189 2573 eamque

65 2615 201 2688 prorsus
234 2587 396 2685 abrogare
436 2616 522 2664 nova
555 2617 618 2664 sua
653 2590 891 2688 legislatione,
926 2590 1189 2689 coniugiumque

66 2703 104 2775 ad
130 2702 341 2804 primaevam
367 2704 593 2778 conditionem
619 2731 785 2793 revocure,
816 2706 850 2776 in
875 2733 943 2806 qua
961 2733 981 2778 a
997 2706 1068 2779 Deo
1090 2704 1189 2777 insti-

67 2834 171 2893 tutum
186 2818 313 2905 fuerat,
333 2836 521 2918 opportune
538 2822 675 2895 omnino
693 2821 911 2920 respondisse
936 2818 1100 2893 dicendus
1119 2834 1187 2906 est,

67 2933 144 3006 dum
172 2933 208 3005 in
236 2933 328 3008 nullo
353 2960 436 3008 casu
461 2935 654 3032 coniugium
680 2935 822 3009 dissolvi
847 2934 973 3021 edixit,
1009 2958 1049 3007 ae
1080 2931 1188 3006 solem

67 3048 319 3123 fornicationem
342 3049 501 3149 praebere
520 3050 573 3123 ius
591 3051 810 3124 dimittendae
834 3050 970 3136 uxoris,
998 3049 1082 3148 quin
1106 3048 1191 3122 haee

67 3163 211 3237 dimissa
236 3164 290 3237 ius
317 3164 456 3239 haberet
472 3165 515 3237 ad
534 3164 620 3239 elias
637 3166 798 3264 nuptias,
828 3182 886 3238 aut
902 3162 1050 3264 aliquis,
1071 3190 1191 3264 quam·

69 3279 124 3353 diu
157 3280 191 3352 in
222 3280 311 3353 rivis
342 3297 433 3354 esset
465 3281 539 3354 eius
569 3281 735 3370 maritus,
770 3281 862 3354 illam
895 3279 1042 3377 legitime
1070 3280 1193 3354 ducere

71 3410 199 3492 posset.
228 3395 301 3468 Non
329 3394 472 3483 desunt,
501 3397 559 3495 qui
585 3398 713 3485 dicant,
742 3423 782 3470 eo
802 3398 877 3496 ipso
903 3397 994 3495 quod
1020 3396 1193 3496 pharisaei

70 3510 216 3583 adeum
242 3510 439 3584 tentandum
467 3512 712 3600 accessissent,
746 3511 916 3601 Christum
945 3511 1100 3586 consulto
1125 3538 1193 3584 non

71 3624 290 3725 respondisse
310 3626 353 3700 ad
372 3642 516 3700 mentem
539 3653 673 3716 eorum,
695 3628 755 3702 sed
774 3627 903 3727 aliquid
928 3628 1064 3701 omnino
1081 3628 1194 3701 diver-

72 3766 146 3813 sum
167 3740 272 3815 abeo
293 3741 384 3840 quod
406 3741 472 3842 ipsi
490 3743 691 3831 voluissent3
721 3743 863 3844 ideoque
888 3744 934 3816 ita
958 3770 1034 3817 eum
1054 3770 1194 3843 respon·

70 3855 163 3930 disse
188 3857 303 3944 aiunt,
322 3873 360 3931 ut
384 3858 483 3931 turba
508 3886 669 3958 praesens
695 3860 901 3947 erudiretur,
925 3876 957 3933 et
984 3860 1032 3931 illi
1053 3861 1194 3934 confun-

139 4036 193 4099 (96)
207 4038 271 4086 com
290 4039 402 4100 ageretur
425 4037 449 4087 ln
466 4037 562 4101 anglico
580 4042 665 4089 senatu
682 4052 722 4089 ao.
739 4045 805 4091 1857.
823 4039 854 4089 de
869 4039 995 4103 probanda
1010 4052 1072 4088 nora
1088 4039 1140 4101 lege
1155 4036 1193 4088 di·

65 4116 139 4167 tottii
150 4154 160 4178 ‚
172 4116 303 4180 episeopus
318 4117 461 4180 anglicanus
474 4118 628 4170 eboracensis
641 4121 776 4182 rotrrisset,
792 4123 819 4170 ut
829 4122 915 4170 saltem
926 4123 1090 4184 apponeretur
1103 4118 1129 4168 iu
1142 4118 1194 4181 lege

66 4194 194 4257 clausula,
220 4193 303 4258 quod,
322 4195 441 4246 dissoluto
463 4202 562 4262 propter
578 4198 725 4248 adulterium
748 4199 883 4262 coniugio,
911 4213 958 4249 non
984 4200 1066 4263 posset
1084 4196 1195 4247 adultera

64 4273 180 4326 adultero
189 4274 291 4326 nubere.
302 4278 346 4326 Ast
359 4289 485 4341 perperam
493 4295 501 4341 ς
519 4291 575 4328 nam
590 4278 710 4330 etusmodi
723 4278 833 4330 clausula
846 4279 1008 4343 plurimorum
1026 4277 1145 4342 sudreglo
1156 4290 1193 4329 re·

64 4355 129 4405 iectu
146 4356 194 4406 est.
212 4330 326 4407 Attalren
344 4367 417 4407 nenro
435 4357 473 4409 est
487 4357 531 4421 qul
551 4357 577 4409 tn
597 4357 645 4410 hoc
667 4371 717 4409 non
733 4357 901 4423 deprehendet
914 4356 1106 4425 turpitudinem..
