2796 5064
141 339 211 415 188
260 364 323 415 ιιι.
346 361 394 414 ιιι.
410 359 497 413 sacr.
520 358 651 412 rursm.
674 358 714 412 on
734 357 850 413 mous
864 360 961 412 ιιιιι.
978 360 1102 414 cantu.

138 507 211 555 sam
237 504 333 554 suam
358 481 426 552 iam
450 477 495 552 ah
519 478 587 552 alio
611 476 768 551 violatam
786 480 967 580 repererit,
987 504 1161 581 quamque
1178 481 1249 582 ipse

137 594 299 693 virginem
327 593 440 667 adhuc
456 593 564 666 fuisse
581 591 825 681 arhitmhatur;
850 592 1026 693 capss'vero
1050 596 1138 667 XIX.
1164 595 1249 669 arhi-

138 709 241 782 traria
268 723 397 780 tantum
423 705 565 780 divortia
593 705 787 793 damnavit,
821 707 1061 808 prohibuitque
1090 710 1137 782 ad
1168 709 1249 807 legis

139 823 308 896 mosaicae
324 838 481 896 mentem.
502 820 689 895 Matthaeus
704 848 803 921 porro
820 822 864 896 de
880 823 1144 896 succlausulam
1165 824 1249 899 adie

138 938 205 1024 cit,
232 938 302 1010 uisi
322 937 361 1009 oh
378 937 625 1036 fornicationem
641 935 685 1008 ad
702 935 886 1036 pleniorem
904 935 1029 1009 Christi
1051 938 1177 1011 mentis
1199 963 1249 1011 ax·

139 1051 385 1151 planationem‚
414 1050 504 1150 quod
530 1077 650 1150 nempe
675 1050 776 1124 etiam
794 1050 829 1122 in
847 1050 921 1147 lege
938 1050 1063 1125 Christi
1087 1053 1249 1127 matrimo

140 1167 233 1240 nium
247 1166 283 1237 in
296 1165 462 1240 eiusmodi
481 1190 591 1238 rerum
610 1165 777 1238 adiunctis
791 1165 931 1240 dissolvi
947 1163 1249 1265 possat'Quinima

138 1281 364 1382 [emicationis
381 1305 462 1354 voce
480 1280 514 1352 in
533 1279 745 1379 amplissima
758 1306 820 1354 sua
831 1280 1080 1378 significatione
1098 1297 1249 1382 accepta¹

140 1395 303 1470 indicarit
319 1395 534 1494 Euangelista
558 1422 598 1469 ex
624 1394 749 1468 Christi
776 1410 887 1468 mente
912 1421 978 1468 non
1004 1396 1038 1468 in
1070 1396 1146 1471 solo
1176 1422 1249 1471 casu

139 1511 370 1586 fornicationis
388 1537 506 1611 presse
526 1526 697 1611 sumptae,
714 1509 775 1585 sed
793 1511 914 1611 quovis
928 1510 996 1584 alio
1014 1512 1249 1587 interveniente

139 1625 266 1723 flagitio
282 1624 424 1698 dissolvi
445 1650 546 1724 posse
562 1625 755 1722 coniugium
773 1652 794 1697 a
810 1625 930 1699 morali
943 1625 1017 1723 lege
1036 1626 1249 1725 reprobatum

140 1740 233 1814 acin
251 1766 314 1813 sua
331 1738 520 1814 substantia
537 1766 577 1813 ex
594 1739 695 1839 culpa
708 1739 901 1815 alterutrius
915 1741 1069 1839 coniugis
1082 1741 1249 1815 uitiatam.

141 1855 307 1941 Quocirca
330 1855 545 1929 statuendum
570 1855 706 1928 omnino
730 1870 799 1942 est,
828 1854 1048 1943 concludunt,
1078 1857 1176 1931 iuxta
1192 1856 1250 1958 spi·

141 1971 243 2043 ritum
268 1970 440 2044 doctrinae
465 1969 610 2043 biblicae
637 1970 722 2069 parti
749 1970 918 2044 innocenti
937 1971 991 2044 ius
1009 1970 1166 2044 solvendi
1183 1996 1249 2047 con·

141 2085 225 2181 iugii
250 2084 372 2184 prioris
398 2086 494 2159 toties
520 2087 686 2182 integrum
711 2109 868 2172 manere,
896 2086 1029 2186 quoties
1047 2112 1129 2184 pars
1154 2086 1249 2160 alteru

141 2199 272 2287 effecit,
293 2215 331 2271 ut
347 2199 595 2272 matrimonium
613 2200 649 2271 in
666 2199 813 2274 essentia
836 2226 899 2273 sua
920 2199 1142 2275 labefactetur
1167 2204 1249 2298 (49).

214 2311 276 2386 Ast
293 2313 459 2387 eiusmodi
477 2314 767 2413 interpretationes
785 2314 961 2415 verborum
978 2313 1104 2389 Christi
1122 2317 1249 2390 Domini

142 2443 275 2527 praeter
297 2454 400 2527 quam
425 2428 515 2527 quod
533 2428 755 2501 adversantur
772 2429 887 2502 sensui
905 2455 946 2502 ac
963 2429 1138 2504 doctrinae
1155 2430 1249 2505 eccle

142 2543 214 2616 siae
230 2542 436 2631 catholicae,
458 2543 550 2616 nulla
569 2544 695 2617 ratione
711 2571 770 2618 eas
789 2543 920 2616 admitti
938 2571 1041 2644 posse
1054 2544 1156 2620 facile
1169 2547 1249 2621 erin

145 2657 243 2732 citur.

215 2775 347 2848 Etenim
366 2778 400 2848 l.
423 2777 477 2849 isti
497 2776 704 2874 expositores
723 2792 901 2849 assumunt
918 2775 1090 2850 Christum
1117 2804 1179 2877 per
1199 2803 1249 2852 uo

145 2914 217 2963 cem
230 2876 383 2990 caputia
396 2892 596 2988 designasse
609 2891 881 2978 fornicationem,
898 2918 987 2991 quae
1004 2893 1249 2967 matrimonium

143 3007 382 3105 praecesserit;
404 3022 457 3080 ast
481 3007 511 3079 si
536 3006 638 3078 verba
656 3005 731 3104 ipsa
750 3007 784 3077 in
806 3033 867 3080 suo
889 3023 1045 3081 contextu
1061 3009 1249 3109 expendan-

145 3136 218 3209 tur,
247 3121 383 3220 plunum
409 3123 445 3195 lit
470 3121 640 3195 Christum
666 3121 708 3194 de
728 3122 946 3195 fornicatione
966 3139 1041 3222 post
1062 3124 1249 3222 coniugium

16 3255 21 3264 “
144 3235 211 3307 iam
237 3235 376 3323 initum,
398 3262 457 3309 seu
475 3237 518 3309 dc
535 3234 701 3310 adulterio
725 3236 871 3310 locutum
890 3238 1008 3312 fuisse.
1030 3238 1165 3312 Etenim
1184 3264 1249 3312 sen·

145 3348 280 3422 tentiam
302 3376 398 3422 suam
420 3349 566 3424 declarat
579 3378 639 3450 per
658 3352 903 3451 oppositionem
924 3352 967 3424 ad
987 3351 1144 3426 libellum
1162 3379 1249 3453 repa

144 3462 191 3534 dii
214 3464 342 3537 allosa
367 3490 577 3537 concessum.
603 3467 686 3538 Nam
713 3467 828 3539 hlatth.
859 3469 895 3539 V.
926 3469 985 3538 31.
1001 3467 1054 3540 ait
1079 3468 1249 3543 Christus:

147 3577 305 3651 «Dictum
331 3595 383 3650 est
407 3595 535 3650 autem:
557 3580 763 3679 quicumque
787 3579 954 3653 dimiserit
978 3606 1115 3654 uxorem
1143 3609 1249 3666 suam,

144 3691 201 3765 det
219 3692 249 3766 ei
272 3691 421 3766 libellum
444 3693 619 3793 repudii;»
633 3694 756 3767 deinde
773 3721 805 3766 v.
830 3697 887 3766 32.
911 3696 1103 3769 immediate
1122 3698 1249 3770 subdit:

147 3805 244 3905 «Epo
260 3823 367 3882 autem
392 3807 463 3881 dico
487 3810 598 3880 uobis:
618 3809 698 3909 quia
715 3810 837 3894 omnis,
860 3809 918 3908 qui
937 3807 1106 3883 dimiserit
1123 3835 1249 3888 uxoreo

145 3947 263 4007 suam,
292 3941 429 4022 excepta
451 3924 681 3996 fornicationis
707 3950 829 4010 causa,
860 3925 1038 3999 faciteam
1064 3927 1250 4010 moecham

145 4052 179 4109 et
207 4036 265 4137 qui
297 4036 473 4112 dimissam
505 4039 662 4123 duxerit,
698 4038 918 4113 adulterat.»
948 4039 1031 4138 Cap.
1061 4067 1143 4114 vero
1172 4039 1249 4114 xlx.

145 4152 261 4225 eadem
294 4154 440 4240 ratione,
474 4171 731 4227 commemorato
757 4153 870 4229 libello
897 4155 1025 4256 repudii
1053 4183 1074 4229 a
1101 4157 1194 4231 hlose
1216 4152 1249 4229 ad

218 4315 268 4378 (tu)
285 4315 346 4366 tbid.
358 4315 380 4378 §.
395 4323 432 4366 55.
446 4330 500 4379 pau.
512 4319 539 4365 st
553 4329 604 4377 sao.
