2796 5064
208 413 278 462 cur.
296 413 320 462 r.
339 410 617 461 serumserum.
637 411 743 460 sracr.
766 412 838 461 runa
853 414 1007 463 urrunsa.
1022 415 1092 464 aar.
1107 416 1129 464 r.
1187 395 1254 464 115

147 530 324 629 expendere
349 545 451 628 atque
474 528 673 627 complecti,
706 530 783 602 hinc
810 531 952 627 singulis
979 532 1146 631 capitibus
1173 561 1253 606 exa-

145 646 215 716 mini
236 644 456 719 subiiciemus
471 670 558 743 quoe
575 645 609 715 in
627 646 887 718 controversiam
905 647 1042 718 veniunt
1060 646 1123 720 sub
1141 649 1253 720 multi-

143 761 212 860 plici
232 777 404 860 respectu,
426 759 473 833 iia
491 776 622 845 tamen,
643 777 680 833 ui
704 760 839 833 brevius
863 760 1077 835 absolvamus
1104 790 1144 835 ea
1167 791 1254 863 quae

143 904 222 948 mere
246 875 428 949 theoretica
454 892 534 948 sunt
558 875 648 948 cirea
670 877 723 949 ius
751 894 912 964 naturae,
940 894 973 950 ei
998 878 1086 951 circa
1113 880 1166 952 ius
1193 907 1253 952 an-

144 993 265 1090 tiquum
296 991 381 1089 legis
408 991 605 1075 mosaicae,
637 1017 703 1091 quo
728 992 922 1090 diligentius
948 993 1163 1092 quaestiones
1190 996 1254 1068 sub

144 1105 206 1203 lege
237 1105 434 1202 evangelica
460 1121 529 1178 ium
556 1105 723 1179 adversus
755 1123 956 1192 novatores,
991 1124 1061 1180 tum
1091 1109 1253 1183 adversus

143 1227 299 1315 graecos,
320 1238 393 1294 tum
412 1221 574 1295 adversus
593 1222 895 1322 pseudo-politicos
913 1248 1105 1311 versemus,
1127 1241 1163 1297 ui
1181 1252 1254 1298 sar-

146 1353 199 1408 tam
227 1343 417 1436 metamque
445 1337 632 1410 catholicae
661 1337 823 1412 ecclesiae
853 1337 1037 1411 doctrinam
1065 1355 1097 1412 ct
1123 1341 1252 1438 praxim

148 1449 335 1525 habeamus.

578 1612 742 1669 (ilss'll'l'
763 1614 796 1667 Ι.

169 1771 200 1818 bt
225 1771 531 1823 lriotssotiimcmtic
558 1775 747 1824 MATRIMONH
774 1773 868 1822 iiim
894 1774 996 1823 LEGEM
1022 1773 1223 1837 diiunctio,

455 1890 612 1940 iiosmcrtli
640 1891 677 1938 ΕΤ
704 1890 933 1940 uvatioeuctu.

563 2044 770 2101 laurentus
788 2044 808 2098 i.

238 2188 279 2246 De
300 2187 479 2247 Matrimonii
500 2189 753 2249 indissolubtlttate
774 2195 903 2265 spectato
924 2193 986 2248 iure
1007 2196 1137 2250 naturae.

167 2354 171 2361 ‚
215 2371 454 2445 Consummato
479 2373 580 2446 eiiam
607 2374 843 2462 matrimonio,
873 2374 1048 2471 coniugale
1079 2375 1251 2448 vinculum

144 2487 334 2560 dissolubile
359 2512 455 2575 esse,
478 2514 539 2581 seu
564 2488 739 2561 admittere
761 2515 862 2587 posse
886 2489 1064 2562 divortium
1090 2516 1165 2563 cum
1192 2518 1252 2590 po·

143 2619 253 2676 testate
285 2603 378 2676 aliud
411 2603 605 2701 coniugium
639 2604 801 2692 ineundi,
837 2632 902 2678 non
937 2607 1038 2704 pauci
1070 2610 1251 2704 scriptores

142 2719 262 2792 ratione
280 2718 395 2792 habita
414 2718 522 2794 solius
541 2718 624 2816 legis
644 2721 807 2795 naturalis
822 2721 998 2794 edixerunt
1012 2721 1065 2796 vel
1084 2723 1247 2807 obsolute,

140 2833 185 2906 vel
211 2834 330 2908 saltem
357 2837 391 2907 in
414 2837 639 2934 peculiaribus
664 2863 773 2908 rerum
803 2837 979 2909 adiunctis.
1111 2842 1114 2848 ’

207 2953 290 3024 Prae
323 2952 442 3024 ceteris
472 2952 617 3024 obsolute
649 2952 790 3026 dissolvi
822 2979 924 3051 posse
950 2953 1142 3050 coniugium
1172 2980 1252 3026 cou-

138 3067 276 3139 iendunt
289 3066 468 3139 Hannerin
483 3066 599 3139 Galliis
616 3069 681 3162 (2),
698 3092 839 3140 necnon
857 3068 936 3140 Ben.
953 3069 1052 3140 Leon.
1068 3067 1251 3141 Werlrmei-

138 3198 201 3253 ster
217 3184 267 3275 (3)
283 3238 290 3268 ,
312 3207 351 3254 ac
363 3181 512 3254 Adamas
526 3182 635 3253 Braun
652 3184 700 3277 (i)
718 3181 752 3252 in
767 3181 963 3267 Germania3
980 3182 1249 3283 pseudo-politici

138 3298 266 3394 passim
287 3324 327 3371 ao
352 3297 705 3398 pseudo-philosophi,
724 3299 809 3371 inter
833 3325 919 3397 quos
943 3299 1067 3373 eminet
1088 3300 1249 3374 Bentham

208 3522 244 3583 (tt
262 3522 290 3570 ln
301 3534 342 3584 op.
355 3521 395 3571 cui
409 3522 447 3571 iit.
460 3524 502 3572 Du
512 3520 619 3572 diuorce
628 3524 648 3572 l.
660 3523 710 3572 rol.
725 3523 749 3572 io
762 3530 785 3574 8,
800 3528 866 3574 1785.
880 3522 1003 3574 Adversus
1019 3537 1093 3586 quem
1103 3524 1253 3587 scripserunt

138 3602 161 3650 o.
179 3604 269 3665 chapt.
285 3600 317 3651 de
335 3602 464 3665 lieetigrmc
483 3605 561 3653 morte
576 3603 709 3654 mulctatus
725 3603 766 3653 dic
781 3612 803 3655 2.
827 3604 864 3653 rel
887 3612 908 3655 3.
923 3604 1057 3668 septembr.
1076 3617 1115 3653 au.
1136 3609 1203 3656 1792.
1222 3607 1253 3656 ab

139 3679 215 3743 impiis
241 3679 390 3744 reipublicae
407 3681 541 3745 gallicanae
560 3682 715 3746 prirnoribus.
739 3685 761 3733 ls
782 3684 854 3747 igitur
872 3684 964 3747 publici
987 3684 1048 3733 iuris
1066 3684 1124 3734 lecit
1142 3698 1182 3748 op.
1204 3688 1249 3735 Ac·

139 3758 195 3808 cord
206 3758 240 3808 de
257 3757 285 3807 lo
299 3759 443 3809 revelation
457 3762 483 3809 ei
499 3759 532 3810 de
548 3760 577 3810 lo
591 3763 679 3811 raison
698 3761 772 3812 duob.
785 3763 878 3812 volum.
892 3764 916 3811 in
934 3771 955 3812 a.
979 3768 1046 3814 ¹79⁰.
1064 3766 1113 3813 Nec
1131 3777 1180 3812 uon
1193 3765 1250 3814 Bar·

139 3840 197 3888 mel:
218 3841 318 3889 letires
330 3852 379 3889 sur
392 3839 416 3890 le
431 3839 537 3890 divorce
552 3840 570 3890 ὰ
586 3854 624 3891 uu
639 3841 735 3906 depuli
751 3840 783 3892 de
800 3842 958 3893 l'orscmilte
975 3843 1110 3894 nationale
1133 3843 1183 3892 vol.
1207 3856 1248 3891 uu.

140 3917 192 3970 'ru-8.
211 3924 281 3970 1788.

209 3998 243 4063 (3)
259 3999 330 4062 Apud
353 3999 512 4064 licelorlny,
531 4001 574 4064 qui
592 4001 674 4065 plures
690 4003 801 4051 auctores
820 4002 919 4053 divortii
937 4004 1129 4066 patrocinatores
1149 4002 1174 4051 in
1192 4004 1250 4052 Ger·

144 4077 215 4125 mnia
232 4078 376 4128 recenaetln
386 4092 427 4143 op.
442 4080 485 4130 cit.
502 4082 541 4130 De
554 4082 704 4132 matrimon.
716 4083 745 4131 in
765 4081 875 4132 eccleuu
893 4082 1024 4133 caiiniicu
1040 4085 1099 4132 tom.
1114 4083 1145 4131 ΙΙ.
1158 4084 1196 4130 Dc
1211 4084 1249 4131 iu·

146 4153 302 4208 ibsoiuiriiii.
318 4161 436 4210 matrim.
446 4161 575 4223 'tugostm
591 4159 740 4211 vindelicet.
754 4164 823 4212 1840.
836 4174 890 4225 pag.
904 4169 933 4211 28
945 4173 1014 4225 seqq.

211 4237 245 4299 (i)
260 4241 288 4288 lu
307 4239 424 4303 peculiari
441 4238 563 4290 dissertat.
584 4240 615 4291 de
627 4241 674 4290 troc
689 4243 847 4304 argumento,
864 4255 937 4306 quem
958 4242 1110 4306 impugnavit
1127 4239 1208 4289 iacobi
1226 4239 1254 4291 in·

151 4325 181 4373 tu.
199 4317 420 4370 indissolubiliter
440 4318 542 4372 vinculi
557 4319 761 4373 matrimonialis
775 4320 914 4385 Moguniim
937 4325 1003 4372 tiso.
1017 4320 1067 4372 vol.
1079 4332 1121 4369 un.
1135 4318 1195 4371 ime.

1089 4397 1111 4442 u
