2796 5064
139 365 210 439 tto
319 387 382 441 nm.
398 387 447 440 nr.
462 384 550 440 sacr.
570 387 595 439 1.
611 386 651 439 nn
669 386 764 440 narn.
781 387 905 439 onnus.
922 387 1068 440 nmrsrr.

137 524 242 576 uxore
265 499 451 587 contineat,
478 515 536 572 aut
559 499 604 574 sit
630 499 767 575 viduus.
796 499 993 590 Eiusmodi,
1020 501 1183 601 inquam,
1212 502 1255 577 ab

139 615 283 715 episcopi
288 668 299 699 ‚
322 614 527 714 presbytcri,
556 614 689 688 droconi
699 672 707 701 ,
735 628 766 686 et
782 613 997 705 ‘subdiaconi
1012 616 1121 712 gradu
1147 617 1255 691 reiici-

139 747 196 807 tur
213 732 353 828 (108).»
374 730 465 803 Haec
486 728 605 804 eadem
621 729 704 804 alibi
722 729 867 804 inculcat
885 730 1049 804 scribens:
1074 733 1152 806 «lta
1168 733 1256 806 enim

138 846 289 948 prolecto
314 870 391 920 sese
421 871 476 920 res
505 845 628 933 habet,
656 861 696 917 ut
719 860 797 944 post
829 845 954 920 Christi
986 847 1022 919 in
1051 847 1170 922 orbem
1195 863 1257 921 ter·

138 987 252 1036 rarum
265 960 446 1035 adventum
463 984 522 1034 eos
539 985 675 1046 omnes,
696 959 754 1058 qui
774 959 959 1034 secundum
975 960 1105 1060 priores
1123 961 1258 1062 nuptias

138 1089 272 1151 mortua
294 1100 398 1150 uxore
421 1074 537 1149 alteris
566 1100 643 1149 sese
672 1074 800 1173 nuptiis
829 1074 1012 1173 illigarint‚
1042 1076 1258 1150 sanctissima

138 1192 201 1266 Dei
213 1190 397 1291 disciplina
409 1190 553 1264 reliciat:
570 1204 747 1290 propterea
759 1190 850 1291 quod
864 1189 1073 1264 incredibilis
1086 1206 1141 1264 est
1153 1217 1259 1266 sacer·

139 1306 223 1382 dotii
240 1305 349 1382 bonor
364 1322 398 1380 et
414 1306 575 1404 dignitas.
597 1305 707 1406 Atque
723 1306 814 1379 istud
832 1306 945 1404 ipsum
966 1322 1184 1380 sacrosancta
1199 1308 1258 1382 liei

138 1422 283 1497 ecclesia
306 1447 384 1496 cum
408 1421 500 1496 omni
516 1421 708 1521 provisione
722 1421 965 1521 diligentiaque
981 1436 1094 1494 serrat
1117 1424 1255 1518 (109).»

121 1524 238 1626 'Quod
260 1537 345 1612 adeo
368 1562 486 1612 verum
511 1552 581 1626 est,
610 1552 648 1610 ut
672 1563 714 1610 ne
739 1536 846 1610 ariani
871 1536 1008 1636 quidem
1030 1553 1148 1611 contra
1172 1562 1260 1613 oom-

140 1677 276 1729 munem
292 1650 412 1741 illam,
432 1667 669 1751 receptamque
684 1649 961 1725 consuetudinem
978 1675 1076 1747 agere
1094 1650 1259 1726 ausi'ino·

140 1767 219 1841 rint.
249 1768 334 1840 Nam
359 1767 451 1840 idem
477 1793 507 1840 s.
535 1768 632 1839 Pater
662 1767 762 1839 relert
785 1765 972 1864 ¹losepbum
997 1767 1154 1839 comitem
1186 1792 1258 1841 cum

140 1881 269 1970 ariani,
296 1896 334 1955 ut
349 1880 393 1956 ad
411 1897 523 1983 partes
542 1907 623 1955 suas
648 1881 745 1954 illum
770 1880 959 1968 traherent,
978 1881 1212 1981 episcopatum
1228 1883 1258 1956 ei

140 1995 396 2098 pollicerentur,
424 2023 467 2071 ne
490 1996 618 2070 invitus
643 1995 687 2069 ab
712 1994 781 2069 illis
805 1994 1033 2083 ordinaretur,
1058 1997 1171 2097 priore
1187 2023 1260 2072 oon·

139 2113 219 2212 iuge
231 2111 401 2201 defuncta,
417 2113 583 2187 secundas
597 2112 734 2212 nuptias
748 2111 868 2187 iniisse
884 2115 997 2208 (110).
1015 2112 1259 2188 Testimonium

140 2226 299 2326 Origenis
324 2226 389 2302 bac
414 2226 538 2326 pariter
561 2226 605 2300 de
629 2252 666 2301 re
689 2227 850 2302 disertum
882 2228 1038 2328 superius
1068 2229 1254 2303 attulimus.

142 2342 255 2431 Quare
278 2342 458 2417 concilium
483 2340 689 2417 valentinum
715 2342 779 2417 sub
805 2343 951 2417 Damaso
968 2342 1175 2418 celebratum
1193 2361 1258 2418 sta-

142 2459 206 2532 tuit
238 2456 318 2531 uUti
344 2455 537 2555 digamiae
569 2457 767 2532 ordinentur
795 2456 928 2546 clerici,
960 2459 1093 2531 etiamsi
1116 2460 1259 2556 gentiles

142 2571 255 2647 adbuc
279 2597 317 2647 se
341 2571 487 2647 infelicis
512 2573 613 2648 sortis
638 2572 838 2646 necessitate
855 2572 1096 2647 maculaverint
1117 2577 1255 2669 (lli).»

142 2687 240 2776 Quod
258 2687 385 2763 dictum
410 2705 462 2762 est
486 2688 530 2761 de
553 2688 701 2786 bigamia
727 2687 830 2762 multo
850 2689 958 2787 magis
975 2688 1019 2761 de
1034 2689 1193 2787 trigamia
1210 2691 1258 2762 in·

143 2803 248 2903 telligi
276 2803 395 2893 debet;
423 2830 502 2878 nam
527 2828 621 2878 conc.
651 2804 831 2878 toletanum
852 2806 879 2875 l.
909 2831 984 2879 can.
1009 2805 1062 2878 IV.
1086 2804 1253 2880 decrevit:

145 2917 416 3008 «subdiaconus,
437 2918 595 2993 defuncta
612 2944 736 3006 uxore,
758 2918 787 2991 si
804 2918 904 2992 aliam
917 2919 1066 3007 durent,
1086 2918 1132 2991 ab
1149 2920 1257 2994 officio

142 3035 176 3106 in
202 3060 269 3134 quo
295 3034 497 3109 constitutus
523 3034 651 3122 iuerat,
680 3049 898 3121 amoveatur,
927 3050 961 3107 et
986 3033 1150 3108 habeatur
1175 3036 1257 3109 inter

142 3148 297 3223 ostiarios
314 3148 367 3224 vel
385 3149 472 3222 inter
487 3148 653 3224 lectores.
675 3206 681 3219 .
704 3207 710 3220 .
733 3147 798 3233 Qui
815 3174 894 3222 vero
916 3149 1065 3236 tertiam,
1088 3149 1181 3249 quod
1200 3175 1256 3223 nec

142 3262 343 3350 dicendum,
372 3278 430 3336 ant
445 3262 652 3337 audiendum
670 3280 736 3349 est,
759 3264 944 3363 acceperit;
969 3263 1144 3338 abstentus
1168 3265 1256 3339 bien·

217 3461 284 3524 (tot)
298 3464 327 3513 ln
342 3462 513 3525 Expositioue
523 3460 591 3523 fidet
611 3474 636 3510 n.
649 3463 713 3511 xxl.
727 3461 767 3512 ed.
779 3464 865 3512 Peter.
879 3464 941 3512 tom.
955 3465 976 3512 Ι.
991 3475 1046 3525 pag.
1063 3468 1132 3514 ttot.

216 3542 282 3605 (too)
297 3543 382 3592 lieres.
397 3543 461 3592 mx.
483 3554 508 3594 n.
522 3544 546 3592 t.
565 3541 643 3593 aiusd.
663 3539 702 3592 ed.
725 3543 784 3592 tum.
802 3543 823 3591 1.
844 3555 899 3607 pag.
921 3546 975 3593 too.
996 3543 1106 3606 loquitur
1126 3546 1210 3595 anum
1230 3541 1256 3593 de

140 3621 261 3685 episcopis
282 3621 428 3685 presbyteris
447 3624 472 3673 et
489 3621 609 3672 diaconis.

218 3700 285 3764 (tto)
301 3702 403 3755 naeres.
418 3703 493 3751 xxx.
506 3714 532 3751 n.
546 3703 578 3751 v.

218 3781 285 3845 (111)
299 3781 370 3846 Apud
387 3781 464 3832 ilerd.
480 3785 634 3834 Actaeone.
650 3784 711 3833 tom.
728 3784 747 3833 l.
767 3781 816 3833 col.
831 3786 885 3835 795.
900 3783 944 3847 qui
960 3795 1038 3833 canon
1055 3783 1207 3835 constitutus
1222 3784 1257 3835 est

142 3861 173 3913 ad
184 3861 362 3914 excludendum
373 3863 597 3928 interpretationem
608 3866 788 3929 praeposteram
797 3865 972 3914 nonnullorum
992 3863 1035 3927 qni
1056 3863 1133 3914 uerba
1148 3862 1257 3929 Apostoll

140 3945 223 3994 uolut
236 3946 329 3994 uxoris
352 3947 442 3995 utrum
464 3943 495 3995 de
514 3944 588 3994 unica
605 3958 682 3996 uxore
702 3945 777 3995 ducta
795 3947 850 4008 post
865 3944 1014 4008 baptismum
1032 3944 1212 4008 intelligebant.
1224 3947 1259 3995 lin

144 4024 239 4089 integra
248 4023 362 4088 canonis,
375 4024 419 4087 qni
429 4026 466 4075 ast
476 4026 528 4075 ml.
540 4025 628 4076 rerba:
642 4025 730 4076 «Sedit
741 4025 832 4089 igitur,
848 4024 970 4075 neminem
982 4025 1110 4089 posthanc
1124 4025 1258 4088 synodum,

141 4115 192 4167 qua
217 4102 339 4154 eiusmodi
363 4103 456 4154 illicitis
475 4103 515 4153 sel
538 4117 593 4155 sero
614 4105 780 4168 succurritur,
805 4103 837 4154 de
855 4099 975 4167 digamis,
996 4104 1039 4153 aut
1062 4103 1258 4168 internuptarum

35 4196 39 4205 ·
141 4182 246 4247 maritis,
260 4182 369 4234 ordinari
378 4183 495 4235 clericum
504 4197 583 4249 posse.
600 4186 651 4235 Neo
666 4183 850 4247 requirendum,
864 4185 979 4234 utmmna
993 4182 1086 4234 initiati
1098 4183 1259 4235 mammas

142 4261 243 4326 divinis,
254 4274 317 4314 anne
328 4262 430 4326 gentiles
444 4263 491 4313 trac
505 4275 532 4314 se
546 4262 651 4315 infelicis
666 4263 740 4315 sortis
759 4262 902 4316 necessitato
920 4262 1085 4327 macularint,
1103 4275 1160 4315 orm
1169 4262 1254 4328 :atriu

143 4341 264 4405 praecepti
284 4341 352 4394 cesta
366 4340 400 4392 slt
414 4341 523 4394 torma.»
