2796 5064
214 108 592 162 urbanissume.
605 110 947 174 mr1,noucomun.
961 112 1080 165 anau.
1136 89 1207 164 l8'l

164 225 229 302 llis
253 226 416 326 expletis,
444 226 603 302 accedere
625 228 693 302 iam
713 245 785 303 tuto
806 255 989 329 possumus
1009 230 1053 305 ad
1066 230 1213 306 solutio-

91 367 170 416 nem
195 342 450 429 difficultatum,
476 342 600 444 quibus
620 344 745 418 veritas
770 344 937 420 catholica
954 346 1123 449 impetitur
1140 363 1211 420 tum

88 483 109 528 a
136 457 418 554 protestantibus,
441 472 511 530 tum
529 457 572 530 ab
591 458 633 531 iis
652 458 753 531 etiam
772 459 832 558 qui
853 458 1040 537 doctrinam
1053 462 1213 537 orthodo-

88 598 167 645 xam
194 573 412 671 profitentur,
441 573 501 646 sed
528 573 592 648 hac
620 574 655 645 in
680 600 715 647 re
740 574 852 648 miuus
877 592 966 650 recte
990 577 1092 652 locuti
1115 592 1206 653 sunt.

509 777 717 834 All'llCULUS
738 778 788 833 lll.

204 902 247 963 lte
265 903 487 963 difficultatibus
508 904 614 980 qulbus
635 912 744 964 asserta
765 921 782 963 a
800 905 958 967 trldenttna
977 907 1091 986 syuodo

402 1001 546 1060 cathollca
568 1005 675 1061 veritas
696 1004 895 1080 Impugnatur.

162 1148 410 1222 l’memittimus
436 1148 638 1222 catholicam
663 1151 836 1224 veritatem
862 1177 883 1224 a
912 1152 1053 1250 priuatis
1083 1150 1211 1228 theolo-

83 1290 207 1360 gerum
226 1263 361 1363 placitis
386 1290 463 1339 esse
489 1290 628 1364 prorsus
661 1265 968 1365 independentem,
995 1285 1030 1340 et
1052 1268 1210 1367 quamvis

85 1380 186 1453 nobis
198 1378 412 1454 verisimilior
424 1381 500 1453 visa
516 1380 618 1454 luerit
635 1382 802 1454 sententia
821 1381 966 1469 illorum,
982 1383 1041 1484 qui
1054 1383 1210 1458 effectum

85 1496 178 1569 huno
203 1511 357 1596 repetunt
380 1523 422 1570 ex
451 1498 524 1570 iure
548 1497 664 1571 divino
691 1498 835 1598 positivo
861 1514 963 1599 atque
987 1499 1206 1588 immediato,

81 1635 194 1710 quum
218 1625 330 1683 tamen
351 1610 446 1684 reiioi
472 1611 627 1684 absolute
651 1638 718 1685 non
737 1613 901 1700 debeant,
921 1628 1036 1715 utpote
1054 1640 1117 1688 sua
1133 1639 1212 1716 pru·

83 1724 262 1800 babilitate
288 1725 379 1799 haud
405 1726 585 1800 destitutae
610 1725 745 1801 illomm
771 1729 975 1816 sententiae,
1011 1729 1071 1829 qui
1101 1744 1161 1804 aut
1188 1755 1210 1803 a

81 1839 160 1912 iure
179 1839 323 1913 naturali
345 1855 404 1914 aut
420 1867 441 1913 a
459 1842 532 1914 iure
549 1840 783 1915 ecclesiastico
805 1841 1003 1931 adstmunt,
1024 1842 1211 1918 catholicae

81 1956 237 2030 ueritatis
259 1956 413 2030 vindices
431 1956 475 2029 ad
501 1956 660 2031 tuendam
684 1984 704 2031 a
724 1974 921 2032 novatorum
941 1958 1069 2058 impetu
1086 1958 1211 2033 docui·

82 2097 163 2144 nam
189 2072 387 2147 catholicam
413 2073 604 2174 promiscue
627 2073 675 2145 uti
703 2088 845 2174 possunt
862 2074 985 2175 quavis
1010 2073 1206 2175 hypothesi,

80 2213 162 2260 mm
186 2188 313 2261 nullam
339 2189 481 2263 ecclesia
505 2188 744 2289 reprobaverit.

157 2303 223 2389 Qui
249 2305 364 2405 itaque
382 2304 534 2402 aggressi
555 2319 635 2377 sunt
652 2304 827 2377 veritatem
845 2305 989 2379 canonis
1006 2305 1060 2376 lll.
1083 2303 1210 2380 triden-

79 2418 145 2489 tini
163 2435 355 2518 pugnarnnt
371 2446 413 2493 ex
429 2420 602 2518 Scriptura
619 2434 653 2490 et
670 2419 869 2506 traditione,
898 2446 985 2520 quae
1003 2421 1209 2494 contendunt

80 2532 212 2607 nullum
231 2535 481 2608 laudamentum
495 2535 704 2633 dogmaticae
721 2535 803 2608 huic
816 2534 1007 2609 definitioni
1028 2534 1202 2637 praebere.

80 2650 166 2721 Nam
185 2650 220 2721 in
238 2651 432 2751 Scripturis,
450 2651 622 2751 inquiunt,
641 2679 707 2725 non
726 2651 825 2726 modo
843 2651 972 2725 nullum
988 2650 1127 2725 verbum
1146 2665 1207 2724 aut

78 2790 166 2865 aper
187 2767 348 2853 occurrit,
374 2793 443 2866 quo
471 2767 600 2841 adstrui
628 2767 737 2867 possit
762 2767 847 2842 solvi
874 2766 1069 2864 coniugium
1095 2779 1206 2841 rutum

74 2880 234 2953 fidelium
260 2909 319 2982 per
344 2881 528 2956 solemnem
554 2881 728 2979 religionis
753 2882 1018 2982 professionem,
1039 2881 1100 2955 sed
1120 2907 1208 2957 oon-

78 2994 220 3068 trarium
247 2998 360 3095 potius
386 2995 596 3082 adstruitur,
626 2995 706 3070 dum
732 2996 781 3068 ait
805 2996 980 3070 Christus:
1003 2995 1099 3083 Quod
1119 2997 1207 3071 Deus

75 3112 266 3196 coniunxit,
297 3113 387 3184 homo
407 3139 472 3184 non
496 3126 643 3210 separet:
662 3129 695 3185 et
712 3112 853 3212 insuper
869 3127 985 3211 aperte
1002 3111 1202 3188 declaravit:

79 3225 195 3298 Omnis
204 3229 263 3325 qui
269 3227 431 3300 dimiserit
442 3254 578 3301 onorem
586 3254 692 3312 suum,
704 3242 839 3326 acceptu
851 3230 1080 3327 fornicationis
1089 3253 1201 3313 muru,

75 3341 161 3439 [ecit
181 3367 252 3414 com
275 3344 439 3415 moechari
472 3346 561 3439 (hl).
597 3341 729 3430 Quibus
758 3343 872 3417 verbis
903 3342 1020 3417 allusit
1048 3342 1205 3416 Christus

75 3470 192 3555 aperte
208 3456 253 3530 ad
268 3457 305 3530 id
323 3458 414 3559 quod
431 3459 539 3533 Adam
557 3459 600 3532 de
618 3460 832 3535 matrimonio
850 3459 965 3533 adhuc
981 3474 1052 3533 rato
1066 3483 1106 3533 ac
1119 3482 1205 3531 non-

73 3570 158 3643 dum
176 3591 408 3649 consummato
426 3575 461 3646 in
481 3574 639 3676 paradiso
657 3574 859 3674 protulerat:
887 3574 1135 3661 «Quamobrem
1152 3597 1206 3646 re-

71 3687 208 3788 linquet
225 3688 325 3764 homo
344 3705 471 3790 patrem
491 3715 591 3763 suum
609 3707 642 3764 et
660 3710 819 3776 matrem,
841 3709 874 3763 et
892 3689 1090 3764 adhaerebit
1106 3688 1202 3762 uxori

74 3829 160 3878 suae
181 3807 302 3901 (68).»
332 3805 394 3879 llis
421 3806 606 3881 cohaerens
628 3805 809 3906 Apostolus
835 3806 985 3906 scripsit:
1009 3803 1203 3904 «Alligatus

149 3991 201 4052 (⁶7)
217 3994 306 4043 Matth.
322 3995 353 4043 v.
368 4001 407 4046 st.

149 4072 200 4132 (te)
214 4073 301 4122 Genea.
315 4074 347 4122 ΙΙ,
362 4078 400 4123 st.
