2796 5064
223 392 292 443 cm.
306 392 354 443 ιιι.
371 392 411 441 ιι
423 388 520 441 smsu
534 392 624 453 runo.
642 392 705 441 ιιι.
722 392 834 442 moiss.
852 394 945 442 ιιιιι.
964 394 1033 443 ιιι.
1047 395 1070 443 ι.
1137 373 1205 442 tat

111 508 220 607 nquit,
238 509 368 604 polluto
379 508 562 606 poliuetur,
584 523 614 578 et
631 508 675 579 ad
691 512 799 580 virum
815 535 910 580 suum
923 537 986 581 non
1006 526 1203 594 revertetur,

111 625 199 721 tqui
214 623 399 695 adulteram
416 622 552 707 detinet,
577 623 696 694 stultus
715 639 809 695 estet
829 626 967 721 impium
989 626 1048 698 sed
1067 627 1125 723 qui
1145 627 1207 699 ior-

112 737 224 810 icatus
249 755 320 824 est,
341 765 408 811 non
424 737 620 811 excludetur
636 738 817 836 quominus
835 765 911 811 cum
939 767 1040 813 uxore
1065 740 1202 814 habitet.

111 855 203 935 ‚tuate
219 877 305 925 uxor
320 853 456 950 quidem
474 879 495 924 a
513 852 731 926 fornicatione
750 868 964 926 revertentem
981 855 1091 927 virum
1106 881 1205 928 suum

111 966 255 1065 impiet:
283 966 335 1039 vir
358 993 436 1042 vero
462 967 620 1066 pollutam
646 968 763 1040 esuis
789 968 930 1041 aedibus
949 970 1070 1043 eiiciet.
1100 973 1208 1070 Atque

113 1106 210 1154 orum
234 1081 370 1179 quidem
394 1083 478 1157 ratio
508 1109 573 1157 non
605 1084 733 1169 facilis,
764 1083 823 1158 sed
849 1086 1055 1158 consuetudo
1080 1087 1130 1158 sie
1156 1087 1208 1158 in-

111 1195 207 1269 oluit.
229 1226 248 1265 u

158 1310 311 1383 Rursum
337 1310 422 1384 ibid.
447 1336 524 1385 can.
545 1312 683 1384 XLVIII.
717 1311 841 1397 «Quae
858 1338 878 1385 a
896 1314 1014 1385 marito
1030 1370 1037 1397 ‚
1067 1314 1205 1400 scribit,

111 1424 293 1513 elictaest,
317 1453 391 1501 mea
408 1427 545 1526 quidem
570 1429 755 1515 sententia,
777 1453 910 1501 manere
929 1428 1039 1501 debet.
1064 1429 1097 1499 Si
1118 1431 1207 1502 enim

111 1541 257 1615 moinus
281 1541 389 1615 dixit:
418 1544 551 1641 Siquis
574 1545 738 1641 relinquat
762 1568 920 1627 umore-m,
944 1558 1080 1641 occepta
1104 1545 1209 1641 somi-

111 1657 229 1727 str'onr's
257 1683 374 1741 causo,
403 1659 574 1755 faciteam
591 1658 753 1730 moechari
762 1685 773 1741 ‚·
793 1683 833 1729 en
850 1682 890 1729 eo
908 1657 998 1756 quod
1019 1684 1094 1730 eam
1117 1659 1209 1731 adul-

111 1794 194 1843 tram
220 1788 341 1857 vocet,
371 1772 551 1870 praeclusit
576 1774 605 1844 ei
633 1772 902 1846 coniunctionem
923 1773 1096 1846 eumalio.
1118 1773 1209 1858 Quo

111 1884 191 1959 todo
206 1886 301 1958 enim
320 1889 427 1986 possit
438 1887 490 1960 vir
502 1887 639 1986 quidem
657 1913 733 1961 esso
751 1913 846 1973 reus,
867 1903 903 1959 ut
920 1886 1075 1961 adulterii
1090 1914 1204 1974 causa,

111 1998 213 2073 mlier
235 2026 313 2073 vero
338 2001 528 2100 inculpata,
558 2028 646 2101 quae
671 2000 821 2075 adultera
850 2028 871 2073 a
895 2002 1036 2077 Domino
1063 2003 1107 2077 ob
1130 2029 1210 2076 con-

111 2116 298 2189 mctionem
323 2142 400 2189 cum
426 2115 493 2191 aiio
520 2115 688 2216 appellata
713 2116 827 2190 estin

159 2230 328 2317 Domum,
357 2236 476 2305 ceteris
501 2232 660 2317 omissis,
688 2259 775 2331 quae
799 2232 851 2305 vel
869 2233 985 2331 spuria
1010 2249 1068 2307 uut
1090 2234 1208 2307 saltem

111 2343 197 2419 ‚ubia
223 2362 303 2418 sunt
322 2348 420 2442 (93),
446 2346 499 2420 vel
519 2347 654 2444 {directe
680 2347 723 2419 ad
749 2374 818 2422 rem
843 2364 1051 2446 praesentem
1078 2375 1143 2422 non
1161 2349 1211 2421 ia·

112 2459 184 2532 iunt
205 2461 302 2554 (tt),
336 2460 371 2532 in
392 2460 517 2556 Regula
544 2461 686 2532 Lxxttt.
715 2461 852 2535 scribit:
884 2493 902 2531 «
919 2463 990 2535 Non
1017 2462 1094 2536 licet
1118 2465 1207 2551 viro,

111 2600 196 2648 uore
214 2575 378 2661 dimissa,
399 2575 500 2648 aliam
522 2576 663 2648 ducere:
685 2600 794 2674 neque
811 2576 863 2649 ias
880 2592 931 2649 est
957 2575 1164 2673 repudiatam
1190 2604 1211 2649 u

111 2689 231 2774 mrito,
260 2688 303 2761 ab
328 2688 394 2761 alio
418 2689 497 2762 duci
522 2716 659 2763 uxorem
677 2693 806 2785 (95).»

175 2803 486 2878 Animadvertimus
522 2831 620 2903 porro
653 2806 905 2890 testimonium,
934 2805 1024 2903 quod
1054 2832 1094 2878 ex
1127 2808 1206 2902 fleg.

111 2916 237 2989 mil.
259 2916 431 2992 attulimus
445 2944 523 2992 esse
539 2945 676 3018 prorsus
688 2919 922 3003 decretorium;
945 2919 991 2990 ibi
1009 2920 1097 2991 enim
1112 2945 1141 2992 s.
1153 2920 1212 2992 Ba·

111 3030 193 3105 ilius
219 3030 348 3131 absque
370 3033 593 3108 haesitatione
605 3049 639 3108 et
654 3034 796 3132 ambage
814 3035 987 3133 profitetur
999 3035 1069 3107 fore
1083 3035 1212 3108 adulte·

111 3170 167 3219 om
185 3145 259 3219 sive
273 3145 382 3219 virum
397 3147 468 3221 sive
484 3174 641 3235 uxorem,
661 3149 743 3248 qui,
766 3147 870 3222 altero
890 3148 1030 3244 coniuge
1050 3148 1206 3236 dimisso,

111 3259 235 3335 lterum
260 3260 381 3348 ducat,
410 3262 550 3336 autulii
580 3261 706 3349 nubat,
736 3262 827 3336 nulla
854 3288 991 3361 prorsus
1017 3262 1211 3360 exceptione

163 3522 216 3584 (93)
231 3523 376 3575 cuiusmodi
392 3528 431 3575 est
445 3525 506 3576 iiber
528 3527 707 3589 inscriptusltc
720 3527 968 3588 consummitate,
983 3537 1056 3587 quem
1069 3524 1154 3575 reiecit
1164 3521 1213 3573 odi·

111 3618 129 3654 rr
150 3603 296 3663 maurinus,
313 3605 338 3654 d.
351 3606 497 3668 Gemonios,
510 3606 573 3656 iuter
588 3619 664 3669 opera
681 3605 765 3669 spuria
777 3605 900 3668 adscripta
913 3618 933 3655 s.
947 3605 1048 3654 Doctori
1066 3604 1090 3652 iu
1106 3602 1210 3667 append.

111 3683 118 3733 Ι
140 3683 193 3733 roi.
207 3683 251 3731 lli.
268 3696 323 3746 prag.
342 3691 395 3735 589.
412 3687 442 3735 in
458 3685 591 3747 praemisso
612 3687 712 3736 Monito
734 3685 846 3735 concedit
869 3684 969 3746 quidem
988 3697 1050 3747 opus
1064 3682 1129 3732 istud
1152 3681 1212 3731 anti·

111 3776 168 3813 num
177 3774 247 3822 esse,
262 3762 305 3812 sed
317 3765 370 3813 tom
383 3778 411 3813 ex
425 3765 498 3827 stylo,
515 3766 569 3815 tum
583 3778 613 3816 ex
628 3764 787 3826 chronologia
803 3762 911 3814 ostendit
928 3763 1021 3813 tostum
1034 3775 1055 3811 s.
1069 3761 1153 3811 Basilii
1163 3774 1212 3811 non

111 3856 141 3893 so
156 3840 278 3891 sonemus
294 3842 469 3893 combelisium
480 3845 505 3893 et
518 3844 662 3907 Depinium.
681 3842 709 3893 id
726 3844 806 3907 ipsum
819 3844 868 3892 iam
880 3843 1033 3905 praestiterat
1044 3841 1214 3891 Titiemontius

111 3922 227 3973 'emotres
243 3933 316 3984 pour
332 3925 418 3971 servir
437 3923 454 3973 ὰ
473 3921 600 3972 l’htstotrc
618 3922 707 3973 eccles,
729 3924 789 3972 tom.
807 3925 850 3972 ix.
866 3924 922 3971 note
937 3929 975 3973 90.
993 3925 1046 3971 Sur
1063 3920 1086 3970 le
1101 3919 1168 3970 liure
1183 3919 1215 3969 de

130 4002 263 4064 vtrotnite
278 4000 396 4052 attribue
419 4002 437 4052 ὰ
458 4016 479 4053 s.
496 4001 584 4052 Basilo
601 4016 656 4066 pag.
676 4010 721 4054 685
737 4017 789 4066 seq.
811 4002 883 4060 Quod
899 4003 976 4052 insius
991 4000 1079 4051 deinde
1092 3999 1215 4067 preastitit

111 4081 179 4133 atter
194 4082 266 4130 fltst.
280 4080 369 4143 centn.
388 4081 434 4133 ries
455 4084 566 4133 autem
582 4081 725 4133 eccttrtort.
745 4083 806 4133 tom.
818 4084 861 4132 vl.
875 4095 928 4147 pag.
942 4086 984 4133 sit
998 4094 1049 4144 seo.

160 4159 215 4223 (94)
229 4161 307 4209 Prout
325 4160 446 4223 estquod
466 4160 555 4211 adduci
578 4163 641 4212 solet
661 4175 693 4212 ex
710 4160 863 4211 immittit.
883 4161 909 4211 iu
926 4162 1070 4211 Hexatmer.
1088 4157 1113 4222 §.
1130 4162 1153 4207 5.
1171 4156 1211 4204 ubi

111 4256 114 4288 ι
131 4251 229 4303 ponere
249 4237 336 4289 asserit
354 4253 374 4289 s.
392 4240 463 4290 Pater
479 4238 721 4291 indissolubilitatsm
740 4239 855 4303 coniugii.

162 4318 214 4380 (95)
230 4321 294 4382 opp.
308 4316 347 4369 ed.
360 4318 402 4369 eit.
416 4321 476 4370 tom.
491 4321 523 4371 ΙΙ.
539 4332 593 4384 pag.
608 4325 661 4371 tos.

175 4433 217 4488 tlt
1136 4435 1168 4487 ts
