<?xml version="1.0" encoding="UTF-8"?>
<!DOCTYPE html PUBLIC "-//W3C//DTD XHTML 1.0 Transitional//EN"
    "http://www.w3.org/TR/xhtml1/DTD/xhtml1-transitional.dtd">
<html xmlns="http://www.w3.org/1999/xhtml" xml:lang="en" lang="en">
 <head>
  <title>
</title>
<meta http-equiv="Content-Type" content="text/html;charset=utf-8" />
  <meta name='ocr-system' content='tesseract 3.04.00' />
  <meta name='ocr-capabilities' content='ocr_page ocr_carea ocr_par ocr_line ocrx_word'/>
</head>
<body>
  <div class='ocr_page' id='page_1' title='image "./dematrimoniochr01perrgoog_0314.png"; bbox 0 0 2796 5064; ppageno 0'>
   <div class='ocr_carea' id='block_1_1' title="bbox 208 374 1200 449">
    <p class='ocr_par' dir='ltr' id='par_1_1' title="bbox 208 374 1200 449">
     <span class='ocr_line' id='line_1_1' title="bbox 208 374 1200 449; baseline -0.003 -1"><span class='ocrx_word' id='word_1_1' title='bbox 208 394 279 448; x_wconf 75' lang='lat' dir='ltr'><strong>cer.</strong></span> <span class='ocrx_word' id='word_1_2' title='bbox 295 397 344 449; x_wconf 93' lang='grc' dir='ltr'><strong>ιιι.</strong></span> <span class='ocrx_word' id='word_1_3' title='bbox 357 395 398 447; x_wconf 83' lang='grc' dir='ltr'><strong>ιι</strong></span> <span class='ocrx_word' id='word_1_4' title='bbox 410 394 508 447; x_wconf 78' lang='lat' dir='ltr'><strong>emon</strong></span> <span class='ocrx_word' id='word_1_5' title='bbox 521 395 612 446; x_wconf 75' lang='lat' dir='ltr'><strong>reno.</strong></span> <span class='ocrx_word' id='word_1_6' title='bbox 626 393 708 446; x_wconf 85' lang='lat' dir='ltr'><strong>orno.</strong></span> <span class='ocrx_word' id='word_1_7' title='bbox 726 395 838 446; x_wconf 82' lang='lat' dir='ltr'><strong>rueres.</strong></span> <span class='ocrx_word' id='word_1_8' title='bbox 856 396 951 446; x_wconf 82' lang='grc' dir='ltr'><strong>ιιιι.</strong></span> <span class='ocrx_word' id='word_1_9' title='bbox 967 396 1038 446; x_wconf 80' lang='grc' dir='ltr'><strong>ιιι.</strong></span> <span class='ocrx_word' id='word_1_10' title='bbox 1052 396 1075 446; x_wconf 91' lang='grc' dir='ltr'><strong>ι.</strong></span> <span class='ocrx_word' id='word_1_11' title='bbox 1131 374 1200 444; x_wconf 81' lang='grc'><strong>311</strong></span> 
     </span>
    </p>
   </div>
   <div class='ocr_carea' id='block_1_2' title="bbox 108 511 1299 4246">
    <p class='ocr_par' dir='ltr' id='par_1_2' title="bbox 109 511 1204 840">
     <span class='ocr_line' id='line_1_2' title="bbox 109 511 1197 612; baseline -0.004 -22"><span class='ocrx_word' id='word_1_12' title='bbox 109 516 341 591; x_wconf 83' lang='lat' dir='ltr'><strong>utrimonium</strong></span> <span class='ocrx_word' id='word_1_13' title='bbox 359 514 486 589; x_wconf 78' lang='lat' dir='ltr'><strong>noluere</strong></span> <span class='ocrx_word' id='word_1_14' title='bbox 500 512 598 601; x_wconf 77' lang='lat' dir='ltr'><strong>uelit,</strong></span> <span class='ocrx_word' id='word_1_15' title='bbox 620 512 687 586; x_wconf 90' lang='lat' dir='ltr'><strong>alia</strong></span> <span class='ocrx_word' id='word_1_16' title='bbox 704 511 777 610; x_wconf 77' lang='lat' dir='ltr'><strong>lege</strong></span> <span class='ocrx_word' id='word_1_17' title='bbox 794 512 962 586; x_wconf 85' lang='lat' dir='ltr'><strong>inhibeat:</strong></span> <span class='ocrx_word' id='word_1_18' title='bbox 985 511 1197 612; x_wconf 80' lang='lat' dir='ltr'><strong>Quicumque,</strong></span> 
     </span>
     <span class='ocr_line' id='line_1_3' title="bbox 109 628 1204 732; baseline -0.002 -29"><span class='ocrx_word' id='word_1_19' title='bbox 109 632 215 732; x_wconf 77' lang='lat' dir='ltr'><strong>equit,</strong></span> <span class='ocrx_word' id='word_1_20' title='bbox 236 655 373 703; x_wconf 76' lang='lat' dir='ltr'><strong>umorem</strong></span> <span class='ocrx_word' id='word_1_21' title='bbox 400 655 495 702; x_wconf 80' lang='lat' dir='ltr'><strong>enom</strong></span> <span class='ocrx_word' id='word_1_22' title='bbox 511 628 659 712; x_wconf 85' lang='lat' dir='ltr'><strong>dimittit,</strong></span> <span class='ocrx_word' id='word_1_23' title='bbox 687 629 756 700; x_wconf 85' lang='lat' dir='ltr'><em>nisi</em></span> <span class='ocrx_word' id='word_1_24' title='bbox 778 628 816 700; x_wconf 83' lang='lat' dir='ltr'><strong>ob</strong></span> <span class='ocrx_word' id='word_1_25' title='bbox 835 629 1091 728; x_wconf 71' lang='lat' dir='ltr'><strong><em>fornicationem,</em></strong></span> <span class='ocrx_word' id='word_1_26' title='bbox 1119 629 1204 728; x_wconf 74' lang='lat' dir='ltr'><strong>[neit</strong></span> 
     </span>
     <span class='ocr_line' id='line_1_4' title="bbox 109 746 512 840; baseline -0.015 -20"><span class='ocrx_word' id='word_1_27' title='bbox 109 773 154 821; x_wconf 82' lang='lat' dir='ltr'><strong>ron</strong></span> <span class='ocrx_word' id='word_1_28' title='bbox 179 746 347 818; x_wconf 76' lang='lat' dir='ltr'><strong>momlori</strong></span> <span class='ocrx_word' id='word_1_29' title='bbox 372 746 512 840; x_wconf 80' lang='grc'>(111).»</span> 
     </span>
    </p>

    <p class='ocr_par' dir='ltr' id='par_1_3' title="bbox 108 857 1205 2102">
     <span class='ocr_line' id='line_1_5' title="bbox 158 857 1204 958; baseline -0.001 -27"><span class='ocrx_word' id='word_1_30' title='bbox 158 860 220 931; x_wconf 94' lang='lat' dir='ltr'><strong>lll.</strong></span> <span class='ocrx_word' id='word_1_31' title='bbox 250 859 300 931; x_wconf 83' lang='lat' dir='ltr'><strong>Ex</strong></span> <span class='ocrx_word' id='word_1_32' title='bbox 317 884 417 931; x_wconf 86' lang='lat' dir='ltr'><strong>serm.</strong></span> <span class='ocrx_word' id='word_1_33' title='bbox 435 857 492 929; x_wconf 85' lang='lat' dir='ltr'><strong>lX.</strong></span> <span class='ocrx_word' id='word_1_34' title='bbox 513 858 561 929; x_wconf 84' lang='lat' dir='ltr'><strong>De</strong></span> <span class='ocrx_word' id='word_1_35' title='bbox 576 857 717 954; x_wconf 60' lang='lat' dir='ltr'><strong>lenibus:</strong></span> <span class='ocrx_word' id='word_1_36' title='bbox 735 857 964 930; x_wconf 67' lang='lat' dir='ltr'><strong>«ornaturae</strong></span> <span class='ocrx_word' id='word_1_37' title='bbox 982 857 1104 957; x_wconf 79' lang='lat' dir='ltr'>opifex,</span> <span class='ocrx_word' id='word_1_38' title='bbox 1121 858 1204 958; x_wconf 84' lang='lat' dir='ltr'><strong>quie</strong></span> 
     </span>
     <span class='ocr_line' id='line_1_6' title="bbox 109 970 1205 1072; baseline -0.003 -24"><span class='ocrx_word' id='word_1_39' title='bbox 109 999 272 1048; x_wconf 85' lang='lat' dir='ltr'><strong>umanam</strong></span> <span class='ocrx_word' id='word_1_40' title='bbox 297 997 416 1045; x_wconf 86' lang='lat' dir='ltr'><strong>creans</strong></span> <span class='ocrx_word' id='word_1_41' title='bbox 442 984 613 1058; x_wconf 84' lang='lat' dir='ltr'><strong>naturam,</strong></span> <span class='ocrx_word' id='word_1_42' title='bbox 635 997 739 1043; x_wconf 92' lang='lat' dir='ltr'><strong>unum</strong></span> <span class='ocrx_word' id='word_1_43' title='bbox 757 972 924 1072; x_wconf 86' lang='lat' dir='ltr'><strong>principio</strong></span> <span class='ocrx_word' id='word_1_44' title='bbox 940 970 1067 1058; x_wconf 84' lang='lat' dir='ltr'><strong>virum,</strong></span> <span class='ocrx_word' id='word_1_45' title='bbox 1088 985 1122 1044; x_wconf 90' lang='lat' dir='ltr'><strong>et</strong></span> <span class='ocrx_word' id='word_1_46' title='bbox 1138 972 1205 1045; x_wconf 79' lang='lat' dir='ltr'><strong>loe</strong></span> 
     </span>
     <span class='ocr_line' id='line_1_7' title="bbox 108 1084 1204 1172; baseline -0.004 -11"><span class='ocrx_word' id='word_1_47' title='bbox 108 1088 215 1161; x_wconf 77' lang='lat' dir='ltr'><strong>tinam</strong></span> <span class='ocrx_word' id='word_1_48' title='bbox 233 1112 336 1160; x_wconf 90' lang='lat' dir='ltr'><strong>unam</strong></span> <span class='ocrx_word' id='word_1_49' title='bbox 350 1085 515 1172; x_wconf 78' lang='lat' dir='ltr'><strong>formavit,</strong></span> <span class='ocrx_word' id='word_1_50' title='bbox 531 1085 633 1159; x_wconf 90' lang='lat' dir='ltr'><strong>etiam</strong></span> <span class='ocrx_word' id='word_1_51' title='bbox 646 1084 730 1159; x_wconf 83' lang='lat' dir='ltr'><em>solvi</em></span> <span class='ocrx_word' id='word_1_52' title='bbox 749 1084 999 1158; x_wconf 82' lang='lat' dir='ltr'><strong>matrimonium</strong></span> <span class='ocrx_word' id='word_1_53' title='bbox 1012 1099 1113 1172; x_wconf 84' lang='lat' dir='ltr'><strong>vetat,</strong></span> <span class='ocrx_word' id='word_1_54' title='bbox 1129 1085 1204 1157; x_wconf 91' lang='lat' dir='ltr'><strong>uni·</strong></span> 
     </span>
     <span class='ocr_line' id='line_1_8' title="bbox 109 1198 1205 1303; baseline -0.005 -26"><span class='ocrx_word' id='word_1_55' title='bbox 109 1228 231 1303; x_wconf 77' lang='lat' dir='ltr'><strong>umque</strong></span> <span class='ocrx_word' id='word_1_56' title='bbox 243 1201 347 1274; x_wconf 81' lang='lat' dir='ltr'><em>huius</em></span> <span class='ocrx_word' id='word_1_57' title='bbox 359 1198 539 1273; x_wconf 88' lang='lat' dir='ltr'><strong>dirimendi</strong></span> <span class='ocrx_word' id='word_1_58' title='bbox 553 1225 690 1273; x_wconf 82' lang='lat' dir='ltr'><strong>oausam</strong></span> <span class='ocrx_word' id='word_1_59' title='bbox 704 1199 991 1296; x_wconf 82' lang='lat' dir='ltr'><strong>adsignaviteam,</strong></span> <span class='ocrx_word' id='word_1_60' title='bbox 1005 1225 1092 1299; x_wconf 86' lang='lat' dir='ltr'><strong>quae</strong></span> <span class='ocrx_word' id='word_1_61' title='bbox 1105 1200 1205 1271; x_wconf 88' lang='lat' dir='ltr'><strong>mari·</strong></span> 
     </span>
     <span class='ocr_line' id='line_1_9' title="bbox 109 1312 1204 1416; baseline -0.006 -25"><span class='ocrx_word' id='word_1_62' title='bbox 109 1316 189 1391; x_wconf 83' lang='lat' dir='ltr'><strong>dem</strong></span> <span class='ocrx_word' id='word_1_63' title='bbox 209 1315 364 1416; x_wconf 82' lang='lat' dir='ltr'><strong>copulam</strong></span> <span class='ocrx_word' id='word_1_64' title='bbox 389 1339 467 1388; x_wconf 84' lang='lat' dir='ltr'><strong>vere</strong></span> <span class='ocrx_word' id='word_1_65' title='bbox 491 1313 633 1387; x_wconf 80' lang='lat' dir='ltr'><strong>divellit.</strong></span> <span class='ocrx_word' id='word_1_66' title='bbox 653 1314 767 1386; x_wconf 80' lang='lat' dir='ltr'><strong>Omnis</strong></span> <span class='ocrx_word' id='word_1_67' title='bbox 784 1316 881 1397; x_wconf 84' lang='lat' dir='ltr'><strong>onim,</strong></span> <span class='ocrx_word' id='word_1_68' title='bbox 903 1313 966 1399; x_wconf 88' lang='lat' dir='ltr'><strong>ait,</strong></span> <span class='ocrx_word' id='word_1_69' title='bbox 987 1314 1046 1411; x_wconf 83' lang='lat' dir='ltr'><em>qui</em></span> <span class='ocrx_word' id='word_1_70' title='bbox 1067 1312 1204 1385; x_wconf 85' lang='lat' dir='ltr'><strong>dimittit</strong></span> 
     </span>
     <span class='ocr_line' id='line_1_10' title="bbox 109 1426 1198 1527; baseline -0.006 -23"><span class='ocrx_word' id='word_1_71' title='bbox 109 1457 222 1504; x_wconf 78' lang='lat' dir='ltr'><strong>norem</strong></span> <span class='ocrx_word' id='word_1_72' title='bbox 232 1456 338 1514; x_wconf 81' lang='lat' dir='ltr'><em>suom,</em></span> <span class='ocrx_word' id='word_1_73' title='bbox 349 1444 482 1526; x_wconf 72' lang='lat' dir='ltr'><strong>incepto</strong></span> <span class='ocrx_word' id='word_1_74' title='bbox 491 1430 716 1527; x_wconf 62' lang='lat' dir='ltr'><em>fornicationis</em></span> <span class='ocrx_word' id='word_1_75' title='bbox 725 1454 836 1512; x_wconf 79' lang='lat' dir='ltr'><strong>causa,</strong></span> <span class='ocrx_word' id='word_1_76' title='bbox 849 1429 931 1526; x_wconf 63' lang='lat' dir='ltr'><strong>facit</strong></span> <span class='ocrx_word' id='word_1_77' title='bbox 942 1454 1013 1499; x_wconf 85' lang='lat' dir='ltr'><strong>eom</strong></span> <span class='ocrx_word' id='word_1_78' title='bbox 1024 1426 1198 1511; x_wconf 79' lang='lat' dir='ltr'><strong>moecliari,</strong></span> 
     </span>
     <span class='ocr_line' id='line_1_11' title="bbox 109 1543 1203 1647; baseline -0.005 -28"><span class='ocrx_word' id='word_1_79' title='bbox 109 1563 116 1619; x_wconf 89' lang='lat' dir='ltr'><strong>t</strong></span> <span class='ocrx_word' id='word_1_80' title='bbox 138 1549 201 1647; x_wconf 81' lang='lat' dir='ltr'><em>qui</em></span> <span class='ocrx_word' id='word_1_81' title='bbox 226 1545 396 1619; x_wconf 74' lang='lat' dir='ltr'><strong>dimissam</strong></span> <span class='ocrx_word' id='word_1_82' title='bbox 420 1545 572 1645; x_wconf 60' lang='lat' dir='ltr'><strong>danorii,</strong></span> <span class='ocrx_word' id='word_1_83' title='bbox 590 1544 779 1643; x_wconf 21' lang='lat' dir='ltr'><strong>,adulterat</strong></span> <span class='ocrx_word' id='word_1_84' title='bbox 802 1544 934 1629; x_wconf 84' lang='lat' dir='ltr'><em>Quibus</em></span> <span class='ocrx_word' id='word_1_85' title='bbox 960 1543 1073 1616; x_wconf 88' lang='lat' dir='ltr'><strong>verbis</strong></span> <span class='ocrx_word' id='word_1_86' title='bbox 1094 1557 1203 1616; x_wconf 89' lang='lat' dir='ltr'><strong>oetera</strong></span> 
     </span>
     <span class='ocr_line' id='line_1_12' title="bbox 109 1655 1201 1759; baseline -0.005 -25"><span class='ocrx_word' id='word_1_87' title='bbox 109 1662 203 1735; x_wconf 82' lang='lat' dir='ltr'><em>xoris</em></span> <span class='ocrx_word' id='word_1_88' title='bbox 219 1661 305 1735; x_wconf 73' lang='lat' dir='ltr'><strong>vitia</strong></span> <span class='ocrx_word' id='word_1_89' title='bbox 322 1659 399 1734; x_wconf 87' lang='lat' dir='ltr'><strong>ierri</strong></span> <span class='ocrx_word' id='word_1_90' title='bbox 417 1659 524 1748; x_wconf 86' lang='lat' dir='ltr'><strong>iubet,</strong></span> <span class='ocrx_word' id='word_1_91' title='bbox 540 1685 601 1733; x_wconf 86' lang='lat' dir='ltr'><strong>seu</strong></span> <span class='ocrx_word' id='word_1_92' title='bbox 628 1659 751 1759; x_wconf 80' lang='lat' dir='ltr'>loquax</span> <span class='ocrx_word' id='word_1_93' title='bbox 768 1659 814 1731; x_wconf 88' lang='lat' dir='ltr'><strong>sit</strong></span> <span class='ocrx_word' id='word_1_94' title='bbox 831 1657 906 1744; x_wconf 86' lang='lat' dir='ltr'><strong>illa,</strong></span> <span class='ocrx_word' id='word_1_95' title='bbox 922 1683 983 1731; x_wconf 86' lang='lat' dir='ltr'><strong>seu</strong></span> <span class='ocrx_word' id='word_1_96' title='bbox 1007 1655 1201 1742; x_wconf 80' lang='lat' dir='ltr'><strong>temulenta,</strong></span> 
     </span>
     <span class='ocr_line' id='line_1_13' title="bbox 109 1770 1202 1875; baseline -0.009 -23"><span class='ocrx_word' id='word_1_97' title='bbox 109 1804 147 1852; x_wconf 84' lang='lat' dir='ltr'><strong>eu</strong></span> <span class='ocrx_word' id='word_1_98' title='bbox 171 1776 376 1850; x_wconf 73' lang='lat' dir='ltr'><em>convitiosa:</em></span> <span class='ocrx_word' id='word_1_99' title='bbox 404 1775 460 1849; x_wconf 84' lang='lat' dir='ltr'><strong>ein</strong></span> <span class='ocrx_word' id='word_1_100' title='bbox 492 1800 572 1850; x_wconf 81' lang='lat' dir='ltr'><strong>vero</strong></span> <span class='ocrx_word' id='word_1_101' title='bbox 605 1774 796 1875; x_wconf 80' lang='lat' dir='ltr'><strong>nuptiarum</strong></span> <span class='ocrx_word' id='word_1_102' title='bbox 829 1772 921 1871; x_wconf 82' lang='lat' dir='ltr'><strong>leges</strong></span> <span class='ocrx_word' id='word_1_103' title='bbox 946 1770 1138 1858; x_wconf 84' lang='lat' dir='ltr'><strong>transiliat,</strong></span> <span class='ocrx_word' id='word_1_104' title='bbox 1167 1772 1202 1843; x_wconf 90' lang='lat' dir='ltr'><strong>in</strong></span> 
     </span>
     <span class='ocr_line' id='line_1_14' title="bbox 109 1885 1202 1992; baseline -0.007 -27"><span class='ocrx_word' id='word_1_105' title='bbox 109 1890 262 1992; x_wconf 89' lang='lat' dir='ltr'><strong>linmque</strong></span> <span class='ocrx_word' id='word_1_106' title='bbox 295 1916 417 1992; x_wconf 84' lang='lat' dir='ltr'><strong>pruoax</strong></span> <span class='ocrx_word' id='word_1_107' title='bbox 450 1887 623 1975; x_wconf 81' lang='lat' dir='ltr'><strong>intendat,</strong></span> <span class='ocrx_word' id='word_1_108' title='bbox 652 1904 731 1962; x_wconf 85' lang='lat' dir='ltr'><strong>tunc</strong></span> <span class='ocrx_word' id='word_1_109' title='bbox 755 1887 903 1988; x_wconf 82' lang='lat' dir='ltr'><em>deniquo</em></span> <span class='ocrx_word' id='word_1_110' title='bbox 937 1885 1091 1986; x_wconf 83' lang='lat' dir='ltr'><strong>copulam</strong></span> <span class='ocrx_word' id='word_1_111' title='bbox 1116 1886 1202 1961; x_wconf 86' lang='lat' dir='ltr'><em>solvi</em></span> 
     </span>
     <span class='ocr_line' id='line_1_15' title="bbox 109 2006 351 2102; baseline -0.029 -20"><span class='ocrx_word' id='word_1_112' title='bbox 109 2006 183 2081; x_wconf 73' lang='lat' dir='ltr'><strong>lbet</strong></span> <span class='ocrx_word' id='word_1_113' title='bbox 210 2008 351 2102; x_wconf 74' lang='grc'>(112).»</span> 
     </span>
    </p>

    <p class='ocr_par' dir='ltr' id='par_1_4' title="bbox 109 2117 1203 2563">
     <span class='ocr_line' id='line_1_16' title="bbox 159 2117 1203 2208; baseline -0.004 -16"><span class='ocrx_word' id='word_1_114' title='bbox 159 2120 297 2208; x_wconf 83' lang='lat' dir='ltr'><em>Quibus</em></span> <span class='ocrx_word' id='word_1_115' title='bbox 320 2121 431 2194; x_wconf 86' lang='lat' dir='ltr'><strong>Braun</strong></span> <span class='ocrx_word' id='word_1_116' title='bbox 456 2119 561 2194; x_wconf 90' lang='lat' dir='ltr'><strong>alium</strong></span> <span class='ocrx_word' id='word_1_117' title='bbox 590 2133 715 2194; x_wconf 84' lang='lat' dir='ltr'><strong>textum</strong></span> <span class='ocrx_word' id='word_1_118' title='bbox 740 2118 864 2192; x_wconf 84' lang='lat' dir='ltr'><strong>adiecit</strong></span> <span class='ocrx_word' id='word_1_119' title='bbox 891 2145 932 2192; x_wconf 87' lang='lat' dir='ltr'><strong>ex</strong></span> <span class='ocrx_word' id='word_1_120' title='bbox 961 2131 1138 2191; x_wconf 82' lang='lat' dir='ltr'><strong>comment.</strong></span> <span class='ocrx_word' id='word_1_121' title='bbox 1168 2117 1203 2189; x_wconf 91' lang='lat' dir='ltr'><strong>in</strong></span> 
     </span>
     <span class='ocr_line' id='line_1_17' title="bbox 109 2233 1203 2309; baseline -0.001 -2"><span class='ocrx_word' id='word_1_122' title='bbox 109 2234 179 2309; x_wconf 81' lang='lat' dir='ltr'><strong>‚ad</strong></span> <span class='ocrx_word' id='word_1_123' title='bbox 196 2235 274 2309; x_wconf 79' lang='lat' dir='ltr'><strong>Cor.</strong></span> <span class='ocrx_word' id='word_1_124' title='bbox 293 2235 363 2309; x_wconf 83' lang='lat' dir='ltr'><strong>Vll.</strong></span> <span class='ocrx_word' id='word_1_125' title='bbox 384 2235 444 2309; x_wconf 85' lang='lat' dir='ltr'><strong>uhi</strong></span> <span class='ocrx_word' id='word_1_126' title='bbox 469 2234 605 2309; x_wconf 81' lang='lat' dir='ltr'><em>scribit:</em></span> <span class='ocrx_word' id='word_1_127' title='bbox 629 2234 786 2307; x_wconf 79' lang='lat' dir='ltr'><strong>«Statuit</strong></span> <span class='ocrx_word' id='word_1_128' title='bbox 810 2233 874 2307; x_wconf 81' lang='lat' dir='ltr'><strong>hoo</strong></span> <span class='ocrx_word' id='word_1_129' title='bbox 903 2233 977 2307; x_wconf 88' lang='lat' dir='ltr'><strong>loco</strong></span> <span class='ocrx_word' id='word_1_130' title='bbox 994 2249 1124 2307; x_wconf 81' lang='lat' dir='ltr'><strong>uotum</strong></span> <span class='ocrx_word' id='word_1_131' title='bbox 1150 2259 1203 2306; x_wconf 73' lang='lat' dir='ltr'><strong>se</strong></span> 
     </span>
     <span class='ocr_line' id='line_1_18' title="bbox 109 2349 1203 2452; baseline -0.004 -26"><span class='ocrx_word' id='word_1_132' title='bbox 109 2351 275 2426; x_wconf 79' lang='lat' dir='ltr'><strong>erationis</strong></span> <span class='ocrx_word' id='word_1_133' title='bbox 292 2350 412 2450; x_wconf 79' lang='lat' dir='ltr'><strong>legem,</strong></span> <span class='ocrx_word' id='word_1_134' title='bbox 428 2378 530 2452; x_wconf 88' lang='lat' dir='ltr'><strong>quam</strong></span> <span class='ocrx_word' id='word_1_135' title='bbox 555 2350 614 2452; x_wconf 90' lang='lat' dir='ltr'><em>qui</em></span> <span class='ocrx_word' id='word_1_136' title='bbox 629 2349 710 2438; x_wconf 90' lang='lat' dir='ltr'><strong>alia,</strong></span> <span class='ocrx_word' id='word_1_137' title='bbox 730 2377 833 2451; x_wconf 90' lang='lat' dir='ltr'><strong>quam</strong></span> <span class='ocrx_word' id='word_1_138' title='bbox 850 2349 1081 2424; x_wconf 81' lang='lat' dir='ltr'><strong>fornicationis</strong></span> <span class='ocrx_word' id='word_1_139' title='bbox 1099 2375 1203 2424; x_wconf 82' lang='lat' dir='ltr'><strong>cauea</strong></span> 
     </span>
     <span class='ocr_line' id='line_1_19' title="bbox 110 2464 996 2563; baseline -0.008 -21"><span class='ocrx_word' id='word_1_140' title='bbox 110 2468 334 2554; x_wconf 69' lang='lat' dir='ltr'><em>insessurum,</em></span> <span class='ocrx_word' id='word_1_141' title='bbox 354 2466 515 2563; x_wconf 81' lang='lat' dir='ltr'><strong>coniuges</strong></span> <span class='ocrx_word' id='word_1_142' title='bbox 539 2490 673 2540; x_wconf 85' lang='lat' dir='ltr'><strong>servaro</strong></span> <span class='ocrx_word' id='word_1_143' title='bbox 696 2464 839 2539; x_wconf 86' lang='lat' dir='ltr'><strong>debeant</strong></span> <span class='ocrx_word' id='word_1_144' title='bbox 858 2467 996 2561; x_wconf 85' lang='lat' dir='ltr'><strong>(ll3).»</strong></span> 
     </span>
    </p>

    <p class='ocr_par' dir='ltr' id='par_1_5' title="bbox 109 2581 1205 3114">
     <span class='ocr_line' id='line_1_20' title="bbox 159 2581 1203 2684; baseline -0.003 -29"><span class='ocrx_word' id='word_1_145' title='bbox 159 2581 256 2656; x_wconf 85' lang='lat' dir='ltr'><strong>Haeo</strong></span> <span class='ocrx_word' id='word_1_146' title='bbox 279 2582 417 2684; x_wconf 87' lang='lat' dir='ltr'><strong>quidem</strong></span> <span class='ocrx_word' id='word_1_147' title='bbox 443 2582 523 2682; x_wconf 91' lang='lat' dir='ltr'><strong>ipei.</strong></span> <span class='ocrx_word' id='word_1_148' title='bbox 543 2582 776 2655; x_wconf 79' lang='lat' dir='ltr'><strong>Verumtamen</strong></span> <span class='ocrx_word' id='word_1_149' title='bbox 795 2581 824 2654; x_wconf 89' lang='lat' dir='ltr'><strong>ei</strong></span> <span class='ocrx_word' id='word_1_150' title='bbox 843 2595 931 2654; x_wconf 87' lang='lat' dir='ltr'><strong>reete</strong></span> <span class='ocrx_word' id='word_1_151' title='bbox 955 2607 995 2654; x_wconf 85' lang='lat' dir='ltr'><strong>ee</strong></span> <span class='ocrx_word' id='word_1_152' title='bbox 1020 2581 1203 2680; x_wconf 84' lang='lat' dir='ltr'><strong>dispician-</strong></span> 
     </span>
     <span class='ocr_line' id='line_1_21' title="bbox 109 2694 1205 2798; baseline -0.002 -27"><span class='ocrx_word' id='word_1_153' title='bbox 109 2723 163 2785; x_wconf 89' lang='lat' dir='ltr'><strong>ur,</strong></span> <span class='ocrx_word' id='word_1_154' title='bbox 184 2723 254 2773; x_wconf 90' lang='lat' dir='ltr'><strong>non</strong></span> <span class='ocrx_word' id='word_1_155' title='bbox 278 2697 378 2772; x_wconf 92' lang='lat' dir='ltr'><strong>modo</strong></span> <span class='ocrx_word' id='word_1_156' title='bbox 402 2697 536 2772; x_wconf 82' lang='lat' dir='ltr'><strong>divortii</strong></span> <span class='ocrx_word' id='word_1_157' title='bbox 567 2697 705 2798; x_wconf 81' lang='lat' dir='ltr'><strong>perlecti</strong></span> <span class='ocrx_word' id='word_1_158' title='bbox 731 2722 854 2771; x_wconf 83' lang='lat' dir='ltr'><strong>caueae</strong></span> <span class='ocrx_word' id='word_1_159' title='bbox 878 2694 970 2769; x_wconf 90' lang='lat' dir='ltr'><strong>haud</strong></span> <span class='ocrx_word' id='word_1_160' title='bbox 997 2697 1122 2783; x_wconf 83' lang='lat' dir='ltr'><strong>lavere,</strong></span> <span class='ocrx_word' id='word_1_161' title='bbox 1143 2694 1205 2769; x_wconf 86' lang='lat' dir='ltr'><strong>sed</strong></span> 
     </span>
     <span class='ocr_line' id='line_1_22' title="bbox 109 2809 1205 2912; baseline -0.001 -28"><span class='ocrx_word' id='word_1_162' title='bbox 109 2809 201 2885; x_wconf 85' lang='lat' dir='ltr'><strong>idam</strong></span> <span class='ocrx_word' id='word_1_163' title='bbox 213 2811 327 2910; x_wconf 82' lang='lat' dir='ltr'><em>potius</em></span> <span class='ocrx_word' id='word_1_164' title='bbox 337 2810 526 2899; x_wconf 83' lang='lat' dir='ltr'><strong>adversari,</strong></span> <span class='ocrx_word' id='word_1_165' title='bbox 542 2837 630 2912; x_wconf 90' lang='lat' dir='ltr'><strong>quae</strong></span> <span class='ocrx_word' id='word_1_166' title='bbox 643 2825 734 2884; x_wconf 83' lang='lat' dir='ltr'><strong>tanto</strong></span> <span class='ocrx_word' id='word_1_167' title='bbox 747 2826 910 2910; x_wconf 84' lang='lat' dir='ltr'><strong>apparatu</strong></span> <span class='ocrx_word' id='word_1_168' title='bbox 923 2809 1089 2882; x_wconf 86' lang='lat' dir='ltr'><strong>iactantur</strong></span> <span class='ocrx_word' id='word_1_169' title='bbox 1101 2809 1205 2883; x_wconf 87' lang='lat' dir='ltr'><strong>Theo-</strong></span> 
     </span>
     <span class='ocr_line' id='line_1_23' title="bbox 109 2921 1205 3024; baseline -0.005 -24"><span class='ocrx_word' id='word_1_170' title='bbox 109 2923 198 3000; x_wconf 69' lang='lat' dir='ltr'><strong>lereti</strong></span> <span class='ocrx_word' id='word_1_171' title='bbox 216 2925 409 3000; x_wconf 89' lang='lat' dir='ltr'><strong>testimonia</strong></span> <span class='ocrx_word' id='word_1_172' title='bbox 426 2952 466 3000; x_wconf 83' lang='lat' dir='ltr'><strong>ex</strong></span> <span class='ocrx_word' id='word_1_173' title='bbox 483 2925 617 2999; x_wconf 92' lang='lat' dir='ltr'><strong>illorum</strong></span> <span class='ocrx_word' id='word_1_174' title='bbox 636 2924 767 3024; x_wconf 83' lang='lat' dir='ltr'><strong>analysi</strong></span> <span class='ocrx_word' id='word_1_175' title='bbox 786 2924 920 2997; x_wconf 89' lang='lat' dir='ltr'><em>sobrius</em></span> <span class='ocrx_word' id='word_1_176' title='bbox 938 2923 1119 3024; x_wconf 89' lang='lat' dir='ltr'><strong>quisquam</strong></span> <span class='ocrx_word' id='word_1_177' title='bbox 1137 2921 1205 2997; x_wconf 86' lang='lat' dir='ltr'><em>sibi</em></span> 
     </span>
     <span class='ocr_line' id='line_1_24' title="bbox 109 3036 318 3114; baseline -0.014 0"><span class='ocrx_word' id='word_1_178' title='bbox 109 3036 318 3114; x_wconf 77' lang='lat' dir='ltr'><strong>ersuadebit.</strong></span> 
     </span>
    </p>

    <p class='ocr_par' dir='ltr' id='par_1_6' title="bbox 109 3152 1299 3951">
     <span class='ocr_line' id='line_1_25' title="bbox 162 3152 1207 3242; baseline -0.001 -15"><span class='ocrx_word' id='word_1_179' title='bbox 162 3154 298 3228; x_wconf 84' lang='lat' dir='ltr'><strong>Etenim</strong></span> <span class='ocrx_word' id='word_1_180' title='bbox 316 3157 350 3228; x_wconf 92' lang='lat'><strong>1.</strong></span> <span class='ocrx_word' id='word_1_181' title='bbox 372 3154 463 3229; x_wconf 90' lang='lat' dir='ltr'><em>Nihil</em></span> <span class='ocrx_word' id='word_1_182' title='bbox 481 3156 524 3230; x_wconf 91' lang='lat' dir='ltr'><strong>de</strong></span> <span class='ocrx_word' id='word_1_183' title='bbox 540 3182 603 3231; x_wconf 84' lang='lat' dir='ltr'><strong>ouo</strong></span> <span class='ocrx_word' id='word_1_184' title='bbox 621 3171 773 3232; x_wconf 82' lang='lat' dir='ltr'><strong>statuens</strong></span> <span class='ocrx_word' id='word_1_185' title='bbox 791 3154 1034 3242; x_wconf 86' lang='lat' dir='ltr'><strong>Theodoretus‚</strong></span> <span class='ocrx_word' id='word_1_186' title='bbox 1051 3180 1089 3227; x_wconf 86' lang='lat' dir='ltr'><strong>ee</strong></span> <span class='ocrx_word' id='word_1_187' title='bbox 1106 3152 1207 3226; x_wconf 87' lang='lat' dir='ltr'><strong>reiert</strong></span> 
     </span>
     <span class='ocr_line' id='line_1_26' title="bbox 109 3269 1207 3373; baseline -0.001 -30"><span class='ocrx_word' id='word_1_188' title='bbox 109 3269 270 3343; x_wconf 85' lang='lat' dir='ltr'><strong>dllatth.</strong></span> <span class='ocrx_word' id='word_1_189' title='bbox 291 3272 328 3344; x_wconf 90' lang='lat' dir='ltr'><strong>ll.</strong></span> <span class='ocrx_word' id='word_1_190' title='bbox 351 3274 409 3345; x_wconf 78' lang='lat'><strong>32.</strong></span> <span class='ocrx_word' id='word_1_191' title='bbox 430 3288 464 3346; x_wconf 91' lang='lat' dir='ltr'><strong>et</strong></span> <span class='ocrx_word' id='word_1_192' title='bbox 479 3272 566 3344; x_wconf 82' lang='lat' dir='ltr'><strong>XlX.</strong></span> <span class='ocrx_word' id='word_1_193' title='bbox 590 3276 623 3344; x_wconf 86' lang='grc'><strong>9.</strong></span> <span class='ocrx_word' id='word_1_194' title='bbox 653 3287 782 3346; x_wconf 80' lang='lat' dir='ltr'><strong>textus:</strong></span> <span class='ocrx_word' id='word_1_195' title='bbox 804 3272 957 3373; x_wconf 88' lang='lat' dir='ltr'><strong>adeoque</strong></span> <span class='ocrx_word' id='word_1_196' title='bbox 981 3285 1050 3345; x_wconf 88' lang='lat' dir='ltr'><strong>tota</strong></span> <span class='ocrx_word' id='word_1_197' title='bbox 1067 3269 1207 3345; x_wconf 82' lang='lat' dir='ltr'><strong>resolvi-</strong></span> 
     </span>
     <span class='ocr_line' id='line_1_27' title="bbox 109 3385 1206 3485; baseline -0.002 -25"><span class='ocrx_word' id='word_1_198' title='bbox 109 3413 145 3460; x_wconf 82' lang='grc' dir='ltr'><strong>ιι</strong></span> <span class='ocrx_word' id='word_1_199' title='bbox 169 3387 397 3462; x_wconf 76' lang='lat' dir='ltr'><strong>oontrovereia</strong></span> <span class='ocrx_word' id='word_1_200' title='bbox 414 3388 458 3461; x_wconf 91' lang='lat' dir='ltr'><strong>ad</strong></span> <span class='ocrx_word' id='word_1_201' title='bbox 483 3386 737 3485; x_wconf 79' lang='lat' dir='ltr'><strong>intelligentiam</strong></span> <span class='ocrx_word' id='word_1_202' title='bbox 761 3402 910 3461; x_wconf 85' lang='lat' dir='ltr'><strong>textuum</strong></span> <span class='ocrx_word' id='word_1_203' title='bbox 936 3385 1106 3460; x_wconf 81' lang='lat' dir='ltr'><strong>Matthaei.</strong></span> <span class='ocrx_word' id='word_1_204' title='bbox 1136 3387 1206 3458; x_wconf 89' lang='lat' dir='ltr'><strong>lam</strong></span> 
     </span>
     <span class='ocr_line' id='line_1_28' title="bbox 109 3501 1299 3602; baseline -0.001 -25"><span class='ocrx_word' id='word_1_205' title='bbox 109 3527 172 3577; x_wconf 63' lang='lat' dir='ltr'><strong>&#39;ero</strong></span> <span class='ocrx_word' id='word_1_206' title='bbox 200 3529 263 3577; x_wconf 85' lang='lat' dir='ltr'><strong>ouo</strong></span> <span class='ocrx_word' id='word_1_207' title='bbox 293 3502 365 3578; x_wconf 85' lang='lat' dir='ltr'><strong>loeo</strong></span> <span class='ocrx_word' id='word_1_208' title='bbox 390 3529 450 3579; x_wconf 86' lang='lat' dir='ltr'><strong>nos</strong></span> <span class='ocrx_word' id='word_1_209' title='bbox 478 3504 594 3578; x_wconf 82' lang='lat' dir='ltr'><strong>critice</strong></span> <span class='ocrx_word' id='word_1_210' title='bbox 626 3517 660 3576; x_wconf 90' lang='lat' dir='ltr'><strong>et</strong></span> <span class='ocrx_word' id='word_1_211' title='bbox 691 3504 859 3602; x_wconf 77' lang='lat' dir='ltr'><strong>exegetica</strong></span> <span class='ocrx_word' id='word_1_212' title='bbox 887 3502 1097 3578; x_wconf 89' lang='lat' dir='ltr'><strong>ostendimus</strong></span> <span class='ocrx_word' id='word_1_213' title='bbox 1129 3501 1206 3576; x_wconf 88' lang='lat' dir='ltr'><strong>illos</strong></span> <span class='ocrx_word' id='word_1_214' title='bbox 1296 3552 1299 3556; x_wconf 27' lang='grc' dir='ltr'><strong>ι</strong></span> 
     </span>
     <span class='ocr_line' id='line_1_29' title="bbox 109 3617 1203 3720; baseline -0.004 -27"><span class='ocrx_word' id='word_1_215' title='bbox 109 3617 185 3693; x_wconf 76' lang='lat' dir='ltr'><strong>aud</strong></span> <span class='ocrx_word' id='word_1_216' title='bbox 202 3617 345 3717; x_wconf 79' lang='lat' dir='ltr'><strong>intelligi</strong></span> <span class='ocrx_word' id='word_1_217' title='bbox 363 3645 462 3720; x_wconf 83' lang='lat' dir='ltr'><strong>posse</strong></span> <span class='ocrx_word' id='word_1_218' title='bbox 478 3620 522 3693; x_wconf 92' lang='lat' dir='ltr'><strong>de</strong></span> <span class='ocrx_word' id='word_1_219' title='bbox 537 3619 705 3693; x_wconf 85' lang='lat' dir='ltr'><strong>solutione</strong></span> <span class='ocrx_word' id='word_1_220' title='bbox 721 3620 870 3716; x_wconf 82' lang='lat' dir='ltr'><em>coniugii</em></span> <span class='ocrx_word' id='word_1_221' title='bbox 889 3619 1001 3720; x_wconf 87' lang='lat' dir='ltr'><strong>quoad</strong></span> <span class='ocrx_word' id='word_1_222' title='bbox 1018 3617 1203 3704; x_wconf 79' lang='lat' dir='ltr'><strong>vinculum,</strong></span> 
     </span>
     <span class='ocr_line' id='line_1_30' title="bbox 109 3733 1208 3835; baseline -0.002 -27"><span class='ocrx_word' id='word_1_223' title='bbox 109 3747 139 3808; x_wconf 83' lang='lat' dir='ltr'><strong>ta</strong></span> <span class='ocrx_word' id='word_1_224' title='bbox 163 3747 203 3807; x_wconf 90' lang='lat' dir='ltr'><strong>ut</strong></span> <span class='ocrx_word' id='word_1_225' title='bbox 227 3733 278 3807; x_wconf 89' lang='lat' dir='ltr'><strong>las</strong></span> <span class='ocrx_word' id='word_1_226' title='bbox 303 3734 349 3809; x_wconf 89' lang='lat' dir='ltr'><strong>sit</strong></span> <span class='ocrx_word' id='word_1_227' title='bbox 372 3750 449 3835; x_wconf 88' lang='lat' dir='ltr'><strong>post</strong></span> <span class='ocrx_word' id='word_1_228' title='bbox 472 3735 586 3808; x_wconf 84' lang='lat' dir='ltr'><em>uxoris</em></span> <span class='ocrx_word' id='word_1_229' title='bbox 604 3734 773 3810; x_wconf 85' lang='lat' dir='ltr'><strong>adulterae</strong></span> <span class='ocrx_word' id='word_1_230' title='bbox 798 3735 995 3810; x_wconf 86' lang='lat' dir='ltr'><strong>eiectionem</strong></span> <span class='ocrx_word' id='word_1_231' title='bbox 1021 3735 1122 3808; x_wconf 85' lang='lat' dir='ltr'><strong>aliam</strong></span> <span class='ocrx_word' id='word_1_232' title='bbox 1148 3733 1208 3807; x_wconf 91' lang='lat' dir='ltr'><strong>du-</strong></span> 
     </span>
     <span class='ocr_line' id='line_1_31' title="bbox 109 3849 1154 3951; baseline -0.003 -27"><span class='ocrx_word' id='word_1_233' title='bbox 109 3875 178 3924; x_wconf 85' lang='lat' dir='ltr'><strong>ero.</strong></span> <span class='ocrx_word' id='word_1_234' title='bbox 201 3849 293 3922; x_wconf 89' lang='lat' dir='ltr'><strong>ldem</strong></span> <span class='ocrx_word' id='word_1_235' title='bbox 319 3851 459 3951; x_wconf 90' lang='lat' dir='ltr'><strong>proinde</strong></span> <span class='ocrx_word' id='word_1_236' title='bbox 483 3851 662 3924; x_wconf 84' lang='lat' dir='ltr'><strong>dicendum</strong></span> <span class='ocrx_word' id='word_1_237' title='bbox 688 3851 730 3925; x_wconf 90' lang='lat' dir='ltr'><strong>de</strong></span> <span class='ocrx_word' id='word_1_238' title='bbox 755 3850 950 3926; x_wconf 87' lang='lat' dir='ltr'><strong>Theodoreti</strong></span> <span class='ocrx_word' id='word_1_239' title='bbox 978 3850 1154 3926; x_wconf 85' lang='lat' dir='ltr'><strong>sententia.</strong></span> 
     </span>
    </p>

    <p class='ocr_par' dir='ltr' id='par_1_7' title="bbox 158 4018 1203 4087">
     <span class='ocr_line' id='line_1_32' title="bbox 158 4018 1203 4087; baseline -0.004 -16"><span class='ocrx_word' id='word_1_240' title='bbox 158 4020 227 4083; x_wconf 78' lang='grc'>(141)</span> <span class='ocrx_word' id='word_1_241' title='bbox 243 4018 307 4070; x_wconf 75' lang='lat' dir='ltr'><em>ibid.</em></span> <span class='ocrx_word' id='word_1_242' title='bbox 319 4034 373 4085; x_wconf 77' lang='lat' dir='ltr'><strong>unp.</strong></span> <span class='ocrx_word' id='word_1_243' title='bbox 385 4024 459 4072; x_wconf 75' lang='lat' dir='ltr'>xxv.</span> <span class='ocrx_word' id='word_1_244' title='bbox 471 4035 526 4087; x_wconf 77' lang='lat' dir='ltr'><strong>neg.</strong></span> <span class='ocrx_word' id='word_1_245' title='bbox 538 4030 592 4075; x_wconf 70' lang='lat' dir='ltr'><strong>eos.</strong></span> <span class='ocrx_word' id='word_1_246' title='bbox 606 4036 655 4073; x_wconf 91' lang='lat' dir='ltr'><strong>non</strong></span> <span class='ocrx_word' id='word_1_247' title='bbox 671 4026 753 4074; x_wconf 83' lang='lat' dir='ltr'><strong>autem</strong></span> <span class='ocrx_word' id='word_1_248' title='bbox 763 4036 817 4086; x_wconf 76' lang='lat' dir='ltr'><strong>cop.</strong></span> <span class='ocrx_word' id='word_1_249' title='bbox 833 4025 919 4073; x_wconf 81' lang='lat' dir='ltr'><strong>xxvl.</strong></span> <span class='ocrx_word' id='word_1_250' title='bbox 930 4025 959 4072; x_wconf 87' lang='lat' dir='ltr'><strong>ut</strong></span> <span class='ocrx_word' id='word_1_251' title='bbox 970 4022 1059 4085; x_wconf 75' lang='lat' dir='ltr'><strong>alleget</strong></span> <span class='ocrx_word' id='word_1_252' title='bbox 1070 4019 1203 4070; x_wconf 70' lang='lat' dir='ltr'><strong>launoius.</strong></span> 
     </span>
    </p>

    <p class='ocr_par' dir='ltr' id='par_1_8' title="bbox 157 4099 499 4165">
     <span class='ocr_line' id='line_1_33' title="bbox 157 4099 499 4165; baseline 0.006 -14"><span class='ocrx_word' id='word_1_253' title='bbox 157 4101 226 4163; x_wconf 76' lang='grc' dir='ltr'><strong>(ιιι)</strong></span> <span class='ocrx_word' id='word_1_254' title='bbox 243 4099 308 4150; x_wconf 79' lang='lat' dir='ltr'><strong>rore.</strong></span> <span class='ocrx_word' id='word_1_255' title='bbox 319 4113 374 4164; x_wconf 68' lang='lat' dir='ltr'><strong>pag.</strong></span> <span class='ocrx_word' id='word_1_256' title='bbox 391 4108 499 4165; x_wconf 73' lang='lat' dir='ltr'><strong>aranu.</strong></span> 
     </span>
    </p>

    <p class='ocr_par' dir='ltr' id='par_1_9' title="bbox 157 4178 1208 4246">
     <span class='ocr_line' id='line_1_34' title="bbox 157 4178 1208 4246; baseline -0.004 -15"><span class='ocrx_word' id='word_1_257' title='bbox 157 4182 278 4241; x_wconf 73' lang='lat' dir='ltr'><strong>(1⁴³)ltn</strong></span> <span class='ocrx_word' id='word_1_258' title='bbox 294 4179 320 4230; x_wconf 83' lang='lat' dir='ltr'><strong>in</strong></span> <span class='ocrx_word' id='word_1_259' title='bbox 336 4182 379 4231; x_wconf 85' lang='lat' dir='ltr'><strong>cit.</strong></span> <span class='ocrx_word' id='word_1_260' title='bbox 392 4183 493 4233; x_wconf 76' lang='lat' dir='ltr'><strong>Dionen.</strong></span> <span class='ocrx_word' id='word_1_261' title='bbox 514 4185 553 4232; x_wconf 81' lang='lat' dir='ltr'><strong>De</strong></span> <span class='ocrx_word' id='word_1_262' title='bbox 574 4183 692 4232; x_wconf 73' lang='lat' dir='ltr'><strong>matrim.</strong></span> <span class='ocrx_word' id='word_1_263' title='bbox 710 4182 753 4246; x_wconf 88' lang='lat' dir='ltr'><em>qui</em></span> <span class='ocrx_word' id='word_1_264' title='bbox 776 4195 826 4232; x_wconf 90' lang='lat' dir='ltr'><strong>non</strong></span> <span class='ocrx_word' id='word_1_265' title='bbox 845 4181 919 4232; x_wconf 83' lang='lat' dir='ltr'><strong>verbe</strong></span> <span class='ocrx_word' id='word_1_266' title='bbox 932 4220 940 4244; x_wconf 87' lang='lat'>,</span> <span class='ocrx_word' id='word_1_267' title='bbox 955 4181 997 4232; x_wconf 75' lang='lat' dir='ltr'><strong>eod</strong></span> <span class='ocrx_word' id='word_1_268' title='bbox 1018 4192 1115 4231; x_wconf 71' lang='lat' dir='ltr'><strong>mosum</strong></span> <span class='ocrx_word' id='word_1_269' title='bbox 1130 4178 1208 4228; x_wconf 79' lang='lat' dir='ltr'><strong>Theo·</strong></span> 
     </span>
    </p>
   </div>
   <div class='ocr_carea' id='block_1_3' title="bbox 109 4260 1206 4392">
    <p class='ocr_par' dir='ltr' id='par_1_10' title="bbox 109 4260 1206 4392">
     <span class='ocr_line' id='line_1_35' title="bbox 109 4260 1206 4326; baseline -0.005 -14"><span class='ocrx_word' id='word_1_270' title='bbox 109 4262 179 4324; x_wconf 77' lang='lat' dir='ltr'><strong>oreti,</strong></span> <span class='ocrx_word' id='word_1_271' title='bbox 192 4260 284 4324; x_wconf 81' lang='lat' dir='ltr'><strong>utipee</strong></span> <span class='ocrx_word' id='word_1_272' title='bbox 307 4263 419 4311; x_wconf 75' lang='lat' dir='ltr'><strong>nominet</strong></span> <span class='ocrx_word' id='word_1_273' title='bbox 441 4275 467 4312; x_wconf 85' lang='lat' dir='ltr'><strong>ee</strong></span> <span class='ocrx_word' id='word_1_274' title='bbox 488 4262 601 4313; x_wconf 75' lang='lat' dir='ltr'><strong>retulisse</strong></span> <span class='ocrx_word' id='word_1_275' title='bbox 622 4263 835 4325; x_wconf 61' lang='lat' dir='ltr'><strong>prolatandum</strong></span> <span class='ocrx_word' id='word_1_276' title='bbox 852 4264 934 4312; x_wconf 80' lang='lat' dir='ltr'><strong>aulem</strong></span> <span class='ocrx_word' id='word_1_277' title='bbox 952 4263 1025 4326; x_wconf 74' lang='lat' dir='ltr'><strong>proin</strong></span> <span class='ocrx_word' id='word_1_278' title='bbox 1039 4261 1128 4322; x_wconf 80' lang='lat' dir='ltr'><strong>ineant,</strong></span> <span class='ocrx_word' id='word_1_279' title='bbox 1142 4262 1206 4308; x_wconf 85' lang='lat' dir='ltr'><strong>relu-</strong></span> 
     </span>
     <span class='ocr_line' id='line_1_36' title="bbox 109 4341 267 4392; baseline -0.013 -2"><span class='ocrx_word' id='word_1_280' title='bbox 109 4343 121 4390; x_wconf 89' lang='lat' dir='ltr'><strong>t</strong></span> <span class='ocrx_word' id='word_1_281' title='bbox 132 4341 267 4392; x_wconf 69' lang='lat' dir='ltr'><strong>launoius.</strong></span> 
     </span>
    </p>
   </div>
   <div class='ocr_carea' id='block_1_4' title="bbox 0 0 1403 5064">
    <p class='ocr_par' dir='ltr' id='par_1_11' title="bbox 0 0 1403 5064">
     <span class='ocr_line' id='line_1_37' title="bbox 0 0 1403 5064; baseline 0 0"><span class='ocrx_word' id='word_1_282' title='bbox 0 0 1403 5064; x_wconf 95' lang='lat' dir='ltr'><strong> </strong></span> 
     </span>
    </p>
   </div>
  </div>
 </body>
</html>
