2796 5064
247 351 290 420 itt
427 371 487 420 nur.
506 372 553 421 ur.
568 373 655 422 secr.
673 374 696 423 ι.
714 375 753 423 nn
772 376 866 425 srrn.
884 376 1005 428 casser.
1023 379 1167 430 unrrsrs.

244 490 404 560 internam
421 487 568 559 divinam
584 491 846 587 inspirationem,
867 493 948 591 quin
962 492 1066 565 ullum
1080 493 1183 568 liuius
1194 500 1354 573 moenio

245 601 300 674 nis
329 601 563 675 documentum
593 604 749 701 proferat.
777 607 990 680 Innocentius
1020 633 1099 682 vero
1128 611 1188 681 lll.
1214 613 1245 684 si
1277 613 1349 687 eius

244 732 402 811 urgeatur
416 717 614 802 auctoritas,
631 719 812 817 postulavit
826 746 892 793 non
906 719 1092 820 simplicem
1106 724 1351 822 inspirationem

244 830 304 903 sed
328 832 572 917 revolutionem,
601 859 702 931 quam
733 851 937 909 tamennon
965 836 1107 936 requirit
1129 838 1352 915 Bellarminus

242 946 301 1043 qui
328 961 498 1043 praeterea
523 946 643 1020 latetur
668 948 892 1048 polygamiam
909 976 979 1023 non·
992 952 1163 1025 adversari
1187 955 1256 1029 nisi
1281 957 1352 1029 fisi

242 1061 307 1132 bus
332 1062 541 1135 secundariis
566 1064 780 1137 matrimonii.

315 1175 561 1250 Concludamus
580 1177 681 1274 igitur
696 1179 858 1252 adversus
884 1179 1059 1254 Calvinum
1084 1183 1229 1284 eiusque
1259 1209 1352 1258 essc-

243 1291 334 1375 clas,
361 1290 463 1389 Bayle
489 1293 701 1390 praesertim,
730 1308 858 1367 veteres
884 1295 1092 1394 patriarchas
1109 1322 1177 1371 uon
1196 1299 1298 1372 modo
1315 1301 1349 1370 in

243 1422 380 1478 naturae
399 1405 452 1477 ius
471 1431 586 1503 presse
604 1425 772 1506 sumptum
793 1406 983 1508 polygamia
1001 1435 1068 1484 non
1086 1434 1268 1510 peccasse,
1290 1414 1349 1487 sed

241 1546 350 1619 neque
375 1521 410 1592 in
436 1519 543 1617 legem
568 1521 715 1621 aliquam
742 1523 889 1596 divinam
917 1524 1118 1622 positivam,
1154 1552 1245 1625 quae
1275 1553 1347 1601 eam

241 1651 393 1707 vetuerit.

679 1814 885 1871 ARTlCULUS
907 1817 952 1871 lV.

246 1967 419 2044 Polygaruia
439 1966 613 2027 simuiunea
624 1969 654 2026 iu
668 1967 917 2046 iegeEvaogciica
935 1971 1054 2030 omnino
1066 1976 1110 2031 est
1124 1970 1252 2048 obdita,
1271 1972 1344 2033 adeo

448 2070 480 2121 ut
500 2062 651 2123 christiani
674 2064 851 2123 Matrimonii
871 2069 1030 2142 proprietas
1050 2070 1144 2142 prima

596 2177 630 2220 uc
652 2161 825 2221 inviolabilis
836 2165 874 2222 sii
885 2165 993 2223 unius.

312 2347 406 2421 Viam
430 2344 616 2420 calvinistis
645 2346 833 2444 oppositam
864 2346 1031 2421 iniverunt
1060 2347 1229 2422 lutherani
1260 2350 1349 2424 eima

241 2462 480 2564 polygamiam.
492 2460 577 2532 Dum
597 2462 686 2533 enim
705 2461 766 2548 illi,
779 2460 915 2534 Calvino
928 2461 1025 2549 duce,
1043 2461 1271 2562 polygamiam
1286 2464 1347 2536 iuri

240 2603 357 2678 presse
383 2577 544 2663 naturali,
572 2593 672 2676 atque
697 2575 811 2649 divino
836 2576 1034 2651 contrariam
1061 2580 1345 2678 pronunciatum,

240 2693 325 2767 adeo
350 2708 387 2765 ut
412 2718 486 2766 reos
513 2692 628 2765 violati
657 2691 834 2791 utriusque
866 2693 951 2767 iuris
980 2708 1108 2768 veteres
1138 2694 1348 2796 patriarchas

240 2807 510 2895 inclamaverint,
527 2806 595 2895 isti,
612 2806 754 2900 luthero
766 2807 937 2904 magistro,
954 2809 1108 2883 eamdem
1123 2807 1349 2908 polygamiam

240 2924 391 3021 sublege
405 2923 480 3022 ipsa
492 2922 683 3020 evangelica
697 2922 895 3022 permissam
912 2923 1132 3022 quandoque,
1153 2922 1349 3025 licitumque

240 3039 476 3113 adstmxerint.
493 3037 694 3109 Cunctanter
710 3036 847 3134 quidem
865 3035 907 3108 eb
925 3035 1040 3124 initio,
1061 3036 1288 3138 latenterque,
1309 3063 1349 3111 ne

241 3154 288 3226 rei
310 3154 455 3226 novitate
476 3150 624 3224 nondum
646 3151 730 3223 satis
751 3166 965 3250 praeparatos
990 3152 1249 3225 christianorum
1275 3152 1349 3226 aui·

240 3291 313 3338 moe
331 3264 554 3350 offenderent,
571 3281 608 3335 ut
626 3280 715 3364 patet
731 3289 771 3335 en
789 3264 1000 3364 rationeque
1024 3291 1099 3339 sese
1117 3281 1295 3363 gesserunt
1313 3266 1345 3337 in

237 3366 395 3455 'facultate
408 3378 520 3452 danda
534 3378 757 3452 secundarum
771 3377 962 3476 nuptiarum
972 3377 1179 3477 landgravio
1189 3378 1343 3463 Hessiam

240 3493 362 3566 deinde
371 3518 448 3566 vero
462 3492 664 3593 pedetentim
677 3491 784 3588 magis
794 3517 834 3564 ac
843 3492 950 3589 magis
964 3491 1130 3566 eiusmodi
1139 3491 1347 3566 doctrinadi·

238 3608 339 3681 letata
357 3623 408 3680 est
424 3634 464 3680 ec
475 3606 708 3694 disseminate,
725 3606 771 3679 ita
788 3605 966 3679 utLutheri
981 3606 1169 3706 apologiam
1182 3606 1346 3682 conlioere

239 3726 273 3796 iu
288 3741 468 3798 memorato
482 3723 628 3821 Philippi
643 3723 729 3798 lacto
741 3723 815 3796 eius
827 3722 986 3823 discipuli
1004 3722 1213 3822 susceperint
1229 3724 1342 3816 (128).

311 3999 377 4062 (118)
392 4001 458 4050 iuter
471 4012 534 4061 quos
545 3998 654 4049 eminent
665 3996 848 4048 Seciendorfius
858 3996 900 4046 iib.
910 3998 953 4047 iil.
963 3995 1171 4056 stiterunt-roth
1181 4006 1207 4058 p.
1219 3995 1265 4046 277
1276 4005 1344 4058 η.

238 4079 310 4131 cotis
320 4077 460 4130 inediiioue
468 4081 594 4129 Locorum
605 4077 715 4142 titroloo.
725 4080 744 4128 1.
755 4076 875 4127 Gerhardi
890 4078 950 4126 tom.
961 4078 1013 4126 xv.
1026 4075 1130 4138 Tubing.
1147 4077 1216 4126 1776.
1228 4076 1344 4138 pratu.

237 4159 306 4210 ties.
319 4158 407 4210 iiiiiier
419 4156 663 4222 Bncyciopediscitrs
677 4155 827 4208 Hundtucti
842 4154 887 4206 des
899 4154 1100 4206 Kircisrnrecists
1111 4167 1153 4206 seu
1163 4153 1293 4206 dimouit
1302 4165 1344 4204 ert·

237 4238 429 4304 ctcbpcdicurn
440 4238 581 4290 ecclesiast.
590 4238 672 4288 Eriuri
684 4245 751 4289 1829.
766 4248 819 4301 pag.
834 4243 884 4287 111.
896 4237 1052 4286 monomenta
1064 4248 1137 4299 porro
1149 4235 1193 4284 irae
1207 4233 1239 4285 de
1248 4249 1275 4285 re
1284 4233 1346 4284 iuris

239 4319 329 4382 publici
339 4320 416 4371 iecere
426 4320 541 4371 Ernesius
551 4319 663 4383 princeps
673 4331 703 4369 ex
715 4317 821 4382 Philippi
837 4314 951 4379 posteris,
962 4315 1044 4369 circi.
1053 4314 1193 4367 isauricus
1207 4324 1292 4365 comes
1300 4315 1345 4365 Ps-
