2796 5064
268 384 826 460 etr.rr.nrnrss.mr.mr,ror
840 398 1144 450 consummar.
1199 377 1268 448 tta

151 532 395 610 mirmur,
422 525 457 582 et
480 536 647 611 quaenam
672 539 713 586 er
740 513 809 588 illis
839 515 887 589 sit
910 515 1008 590 nohis
1036 514 1270 616 amplectenda
1362 552 1367 559 ·

150 625 341 699 rideamus.
361 626 506 725 Scopnm
532 653 633 725 porro
655 626 884 703 obtinebimus
901 647 1059 704 accurata
1075 630 1267 705 eorumdem

150 740 285 841 aualysi
303 742 473 829 instituta,
494 759 593 842 prout
609 741 762 844 deposito
779 745 892 818 studio
908 745 1075 846 partium,
1095 765 1131 820 et
1149 747 1267 822 maiori

149 882 220 955 qua
246 857 320 930 lieri
346 857 469 956 poterit
492 856 644 931 claritate
667 859 800 932 allicere
816 861 1043 956 aggredimur.

223 972 449 1046 Dissimulare
472 971 565 1046 hand
590 998 772 1075 possumus
798 975 961 1048 nonnulla
975 995 1173 1073 argumenta
1193 979 1270 1078 qui·

149 1085 215 1161 hus
244 1087 385 1185 permoti
415 1101 496 1159 snnt
525 1086 672 1185 theologi
700 1088 744 1160 ad
769 1087 1002 1185 denegandam
1028 1116 1113 1163 rom.
1139 1090 1270 1191 pontifi·

148 1199 248 1274 cibus
272 1216 471 1302 potestatam
502 1201 723 1302 dispensandi
755 1204 791 1276 in
820 1205 1043 1278 matrimoniis
1071 1206 1154 1280 ratis
1185 1206 1269 1280 lide-

148 1314 233 1390 lium
247 1318 356 1417 primo
367 1316 487 1392 obtutu
503 1318 611 1391 videri
624 1318 805 1393 admodum
818 1319 947 1406 valida,
963 1337 997 1393 et
1012 1321 1059 1394 ita
1075 1338 1269 1421 comparata

147 1448 187 1506 ut
209 1433 463 1532 persuasionem
482 1434 664 1535 quamdam
681 1435 821 1532 gignere
838 1434 937 1509 lacile
952 1437 1097 1537 possint.
1112 1435 1266 1510 Attamen

148 1545 179 1619 si
207 1547 351 1646 propius
381 1564 574 1647 spectentur
599 1547 690 1622 illico
715 1548 842 1648 patebit
866 1550 977 1647 magis
1005 1550 1203 1649 apparentia
1226 1576 1268 1624 aa

146 1687 226 1736 esse
249 1689 353 1762 qnam
371 1663 493 1737 solida.

220 1778 347 1853 Revera
371 1779 439 1853 duo
464 1781 578 1880 priora
605 1798 802 1879 argumenta
832 1782 988 1880 negativa
1016 1781 1195 1881 desumpta
1223 1807 1265 1855 ex

147 1918 215 1965 non
240 1919 306 1966 usu
328 1893 428 1966 istius
458 1895 635 1994 potestatis
667 1920 729 1993 per
751 1896 1004 1995 quatuordecim
1035 1922 1123 1995 pene
1151 1896 1265 1996 priora

148 2007 316 2082 ecclesiae
332 2009 465 2095 secula,
490 2026 591 2109 atqua
615 2035 656 2083 ex
680 2009 816 2083 silentio
833 2010 1081 2109 Scripturarum
1105 2027 1139 2082 et
1160 2008 1265 2083 tradi-

145 2121 250 2197 tionis
278 2122 496 2224 multiplicem
523 2126 752 2226 exceptionem
778 2125 969 2198 admittunt.
991 2127 1026 2197 l.
1049 2124 1137 2211 Quia
1153 2123 1266 2199 adhue

146 2237 313 2310 incertum
336 2254 390 2313 est
419 2266 501 2312 num
530 2257 609 2314 anta
636 2240 814 2314 hlartinnm
840 2242 876 2312 v.
898 2240 956 2314 alii
988 2239 1166 2339 pontifices
1196 2265 1263 2314 non

142 2353 436 2452 dispensaverint;
459 2382 569 2456 neque
584 2383 626 2428 ex
643 2357 776 2430 delectu
793 2356 1068 2431 documentorum
1087 2356 1203 2429 inlerri
1222 2356 1266 2430 le

142 2467 261 2565 gitime
286 2486 394 2568 potest
418 2469 548 2569 aliquid
576 2471 699 2542 lactum
726 2494 793 2543 non
818 2496 914 2557 asse,
945 2486 1003 2543 aut
1027 2470 1205 2542 llartinum
1229 2470 1265 2541 in

143 2582 211 2657 hac
238 2583 353 2657 danda
377 2584 631 2686 dispensatione
650 2602 901 2659 antecessorum
920 2611 1057 2659 suorum
1075 2582 1264 2683 exemplum

142 2724 185 2772 ac
207 2700 350 2797 vestigia
376 2725 443 2773 non
470 2699 578 2773 luisse
602 2717 766 2774 secutum.
790 2700 827 2771 ld
849 2699 939 2772 enim
966 2698 1103 2797 probari
1132 2698 1260 2796 nequit.

144 2814 219 2886 lmo
244 2840 274 2888 s.
289 2814 479 2889 Antoninus
503 2816 707 2888 contrarium
733 2816 913 2914 supponit;
941 2814 1061 2887 asserit
1083 2812 1173 2886 enirn
1196 2811 1265 2884 ium

144 2954 211 3001 sua
235 2944 344 3002 aetate
368 2928 461 3028 quod
474 2929 703 3002 «Canonistaa
727 2929 937 3000 communiter
961 2943 1111 3000 tenerent
1133 2941 1265 2999 contru-

142 3042 253 3131 rium,
281 3042 410 3118 scilicet
427 3044 518 3143 quod
537 3046 628 3143 Papa
645 3061 755 3143 potest
772 3040 958 3116 dissolvere
976 3040 1060 3114 illud
1071 3071 1109 3128 ;»
1130 3057 1164 3113 et
1184 3039 1265 3114 alio

138 3184 220 3232 rum
245 3158 346 3233 relert
370 3160 517 3233 rationes
542 3176 644 3258 atque
668 3160 902 3244 auctoritates,
929 3158 1065 3229 demum
1083 3174 1262 3256 provocat,

142 3299 208 3347 seu
226 3275 366 3348 remittit
382 3274 523 3348 lectores
541 3274 585 3347 ad
602 3273 763 3375 «aliquas
780 3272 892 3345 bullas
910 3288 945 3345 et
956 3272 1089 3344 hlartini
1105 3272 1140 3341 v.
1151 3272 1265 3344 etllu-

142 3390 236 3488 genii
262 3391 313 3462 tt.
335 3392 543 3464 continentes
569 3389 668 3461 talem
699 3387 985 3487 dispensationem
1013 3387 1086 3461 sive
1116 3385 1265 3460 dissolu-

141 3505 270 3577 tionem
296 3504 499 3577 matrimonii
527 3529 593 3577 non
612 3503 854 3588 consummati,
874 3501 1150 3575 contrahentibus
1173 3515 1262 3600 post·

141 3617 282 3690 modum
296 3618 363 3691 illis
377 3644 453 3692 cum
467 3618 544 3691 aliis
555 3621 693 3714 (120).»
706 3618 739 3689 2.
750 3616 792 3687 Hi
808 3617 873 3715 ipsi
890 3615 1035 3714 theologi
1051 3626 1266 3714 propugnant

141 3732 308 3806 adversus
333 3751 510 3808 novatores
536 3758 596 3831 per
622 3731 792 3830 religionis
818 3732 1062 3829 professionem
1088 3728 1173 3803 solvi
1197 3753 1266 3799 ma·

141 3848 339 3921 trimonium
357 3865 484 3934 ratum;
506 3847 573 3919 iam
591 3874 671 3921 vcro
697 3849 842 3947 primum
862 3848 1100 3921 documentum
1123 3842 1266 3916 authen·

142 3963 249 4037 ticum
283 3964 387 4038 huius
419 3963 658 4037 declarationis
685 3964 834 4063 suppetit
862 3991 901 4037 ex
928 3960 1117 4034 Alexandro
1145 3959 1203 4030 lll.
1233 3976 1266 4032 et

140 4080 340 4154 Innocentio
365 4081 426 4152 lll.
445 4079 504 4179 qui
532 4079 718 4152 floruerunt
744 4105 813 4153 sec.
836 4078 998 4153 ecclesiae
1024 4078 1097 4148 llll.
1112 4092 1147 4148 et
1169 4074 1261 4145 Xlll.

219 4267 285 4328 (12⁰)
302 4269 360 4318 hoc.
379 4269 421 4318 rtt.
441 4267 480 4317 ed.
500 4270 591 4315 Veron.
613 4269 680 4316 174⁰.
701 4267 764 4326 part.
788 4267 830 4314 lll.
855 4269 977 4313 Summae
1002 4261 1081 4313 theol.
1102 4263 1172 4312 tut.
1190 4267 1265 4310 ott.

138 4358 199 4410 pas.
216 4353 260 4397 tos
270 4358 339 4410 seqq.

226 4442 266 4497 lll
1182 4442 1216 4492 38
