2796 5064
194 403 268 460 sm.
279 404 305 460 ι.
322 403 394 461 aas.
411 403 947 463 n.nrrsn1ss.rurr.srrrr.1urr
970 410 1068 462 rosrn
1079 409 1144 463 nrv.
1175 387 1243 463 att

131 525 277 626 adeoque
293 539 478 627 perpetuus
494 525 551 601 ille
565 527 728 603 transitus
745 525 789 601 dc
804 553 909 602 uxore
920 527 963 601 ud
977 553 1126 618 uxorem,
1143 557 1244 631 quern

130 638 313 715 adversarii
337 638 458 717 dicum
481 639 693 718 fornicationi
719 640 950 730 simillimum,
969 643 1112 743 exlegis
1132 644 1241 722 abusu

127 755 166 829 td
191 781 387 843 summum,
404 781 472 830 non
491 773 602 831 nutem
628 777 669 831 ex
690 757 766 857 ipsa
790 756 865 856 lege
886 759 1106 834 dimanasaet.

194 872 316 972 ltaque
340 871 522 946 divmtium
548 872 582 943 in
608 871 681 970 lege
706 873 856 947 mosaica
880 874 942 947 Dei
971 871 1171 951 auctoritate
1196 878 1244 951 ita

124 1000 191 1061 orat
221 985 430 1086 permissum
463 1003 502 1060 nt
526 1011 606 1061 vera
630 985 760 1061 licitum
784 1004 885 1062 esset.
918 988 1016 1063 absit
1049 1009 1136 1075 vero
1154 992 1245 1092 quod

124 1100 198 1201 quis
223 1125 304 1174 cum
329 1099 473 1175 Lutbcro
489 1101 655 1189 affirmet,
681 1098 785 1177 blesis
811 1102 1000 1178 institutum
1027 1104 1070 1178 de
1101 1105 1247 1182 divortio

125 1215 502 1315 bisseproemptioom
514 1215 623 1303 absit;
640 1241 702 1290 nec
719 1217 808 1289 enim
825 1216 998 1292 mandauit
1011 1219 1166 1319 Moyses,
1183 1220 1245 1296 sed

123 1333 272 1430 psmriet't
297 1331 529 1407 tantummodo
553 1331 629 1406 dari
654 1331 804 1406 libellum
829 1332 973 1432 repudii.
992 1332 1087 1419 Quae
1106 1335 1244 1434 quidem

126 1447 304 1547 permissio
319 1469 361 1520 ex
378 1445 527 1547 quadam
546 1446 734 1535 tolerantia,
752 1445 962 1545 indulgentia
987 1464 1091 1549 atque
1113 1475 1245 1524 accom-

126 1562 315 1637 modatione
338 1561 442 1637 buius
457 1561 574 1636 'divini
596 1561 798 1660 legislatoris
832 1563 937 1662 repeti
962 1563 1086 1652 debet,
1114 1564 1244 1639 ratione

126 1676 237 1753 babitu
262 1677 371 1751 durae
392 1677 520 1753 indolis
542 1677 690 1753 hebraici
705 1678 835 1779 populi,
855 1679 914 1779 qui
934 1679 964 1754 si
983 1680 1126 1754 retinere
1146 1680 1242 1755 odio-

123 1818 176 1867 sas
197 1817 325 1865 uxores
337 1806 474 1867 mamus
492 1791 628 1879 luisset,
644 1791 743 1865 lacile
755 1792 791 1865 in
813 1792 999 1867 homicidia
1016 1793 1151 1893 aliaque
1175 1795 1244 1867 ori·-

124 1909 212 1982 nina
240 1906 366 2006 lapsus
389 1907 522 1981 luisset.
544 1907 688 1994 Quidam
709 1902 902 1983 existimant
919 1908 1083 2008 populum
1108 1909 1243 1985 israeli·

123 2038 223 2101 tuum
259 2022 348 2096 iuter
368 2022 550 2124 de'gyptios
579 2034 840 2099 commorantem
871 2050 893 2101 a
921 2024 1094 2123 primaeva
1113 2050 1244 2101 morum

123 2138 341 2239 simplicitate
356 2136 562 2227 descivisse,
583 2162 772 2239 uxoresque
786 2165 878 2245 Lsuas
899 2139 984 2215 dure
1005 2165 1045 2214 ac
1057 2141 1244 2241 ··tyranni'ce

124 2268 267 2328 arcura
292 2252 527 2341 consuevisse,
545 2253 648 2327 immo
668 2267 704 2327 et
723 2278 782 2353 per
804 2252 1097 2353 nelasrepudiate
1118 2253 1168 2333 ad
1189 2255 1242 2329 in-

121 2384 189 2444 sur
201 2369 451 2469 aegyptiorum.
469 2364 682 2468 Quapropter
693 2369 804 2443 Moses
818 2368 976 2457 indulsit,
992 2379 1031 2445 'ut
1043 2368 1244 2469 quodprius

124 2509 228 2584 paces
252 2482 347 2584 ipsos
371 2498 487 2557 cenna
511 2482 567 2556 ius
589 2499 624 2557 et
647 2482 700 2558 las
724 2482 936 2585 obtinuerat,
958 2483 1120 2584 deinceps
1144 2483 1244 2582 legali

128 2600 278 2687 mnone,
294 2610 334 2672 ut
358 2593 406 2672 ita
434 2598 564 2685 dicam,
592 2598 706 2686 lieret,
735 2599 828 2697 gravi
864 2609 990 2672 tamen
1005 2599 1245 2676 interveniente

124 2739 245 2803 causa,
279 2738 347 2788 non
371 2728 483 2787 autem
507 2727 547 2786 ut
566 2727 665 2787 antea
683 2736 744 2814 pro
768 2712 919 2787 arbitrio.
949 2713 1000 2787 lta
1023 2713 1184 2820 quidem,
1212 2713 1244 2787 si

126 2830 342 2916 admittatur,
371 2827 462 2929 quod
491 2827 551 2902 alii
581 2845 723 2925 negant,
752 2828 800 2901 uti
826 2827 928 2928 paulo
956 2837 1035 2903 ante
1065 2828 1239 2914 diximus,

124 2960 200 3018 ante
222 2943 375 3044 ldoysem
401 2958 472 3016 tum
497 2941 588 3043 apud
614 2941 778 3016 hebraeos
803 2958 873 3017 tum
899 2941 989 3042 apud
1015 2941 1102 3016 alias
1126 2957 1243 3039 gentes

126 3044 306 3161 repudium
331 3058 531 3133 obtinuisse.
1231 3068 1236 3084 '

192 3175 317 3247 Verum
335 3173 503 3274 quidquid
521 3174 564 3247 de
581 3173 645 3248 boc
663 3175 719 3261 sit,
740 3175 831 3275 quod
850 3190 938 3248 certo
956 3169 1090 3248 deliniri
1110 3174 1239 3274 nequit,

123 3286 224 3364 talem
236 3287 341 3363 buius
353 3285 473 3388 legalis
487 3287 723 3388 permissionis
740 3286 886 3364 indolem
899 3312 940 3363 at
953 3288 1109 3389 spiritum
1123 3287 1241 3374 luisse,

123 3404 173 3479 tal
190 3403 283 3506 ipsis
306 3402 463 3476 hebraeis
487 3427 686 3503 persuasum
713 3403 793 3490 luit,
814 3419 852 3477 ut
868 3419 959 3504 patet
974 3430 1015 3477 ex
1040 3402 1244 3476 laoto.·Nam

124 3545 235 3622 usque
258 3516 302 3592 ad
325 3518 550 3619 captivitatem
577 3516 814 3618 babylonicam
841 3518 972 3592 nullum
1001 3518 1137 3619 penitus
1158 3516 1246 3618 ¹sups-

123 3635 207 3735 petit
227 3632 419 3734 exemplum
440 3632 484 3705 de
511 3633 590 3707 dato
609 3631 723 3706 libello
750 3633 901 3733 repudii,
919 3633 1075 3732 quamvis
1105 3631 1244 3732 polyga-

123 3751 190 3826 mia
206 3748 338 3853 passim
357 3746 449 3848 apud
467 3748 558 3822 bunc
575 3748 738 3849 populum
756 3748 920 3822 obtineret
939 3751 1028 3844 (96).
1046 3746 1242 3849 Quinimmo

122 3891 183 3941 nec
208 3865 288 3965 ipso
305 3863 510 3965 captivitatis
526 3862 749 3964 babylonicae
765 3878 914 3964 tempore
931 3880 1022 3937 certo
1042 3856 1174 3939 constat
1190 3890 1242 3937 re-

187 4034 242 4099 (tt)
257 4034 298 4086 ct.
308 4034 399 4084 Draeb.
414 4046 455 4098 op.
466 4033 509 4083 cit.
520 4036 564 4084 Dat
579 4031 685 4083 dtnurre
702 4031 770 4082 dans
792 4033 821 4083 tc
836 4045 993 4097 sponsoque,
1006 4045 1062 4096 pag.
1072 4035 1103 4082 ta
1124 4044 1177 4094 req.
1186 4031 1241 4101 Neu

124 4114 369 4180 morianulae
390 4112 431 4163 ibo
453 4113 505 4164 llcri
530 4113 633 4163 lorusse
654 4112 771 4176 potuisse,
792 4115 822 4162 ut
832 4112 957 4163 interdum
974 4110 1108 4165 diuortium
1128 4110 1155 4169 iu
1170 4110 1245 4179 ‚tenu

124 4195 276 4246 natorum
295 4192 477 4257 intercapedine
492 4193 574 4244 locum
596 4191 746 4255 obtineant,
767 4193 842 4256 prout
861 4191 971 4242 innnbur
985 4192 1017 4245 ta,
1037 4191 1115 4241 tuat
1126 4190 1205 4243 leram
1218 4194 1240 4238 3.

127 4274 204 4326 bun
222 4272 289 4326 lllud
301 4273 456 4338 aptantur·
469 4275 508 4325 ast
525 4271 648 4324 eiusmodi
659 4271 772 4334 excunte
786 4273 832 4322 aut
848 4283 983 4334 numqaum
997 4267 1182 4337 ontrarisslme
1200 4278 1242 4331 per

128 4347 284 4417 tltenapoms
300 4363 437 4403 emanere.
457 4351 496 4401 ct.
515 4350 646 4403 seldenum
664 4353 736 4402 Uxor
751 4349 865 4402 ltebrose
879 4349 924 4400 lto.
944 4350 989 4400 llt.
1002 4354 1110 4417 coortu..
1148 4425 1169 4467 *k
1194 4394 1208 4415 ‚,
