2796 5064
345 415 412 463 eir.
426 415 449 463 1.
464 415 503 462 ur
517 413 691 462 recreanti
710 412 917 462 sinceriori.
936 413 1005 460 aar.
1019 414 1041 460 r.
1205 390 1246 456 ie

145 534 340 607 cabilitatem
366 532 430 606 sibi
450 530 640 603 tribuebant
664 547 810 603 veterum
838 546 1003 602 sectarum
1032 557 1138 617 more,
1164 558 1250 630 quae

145 651 202 723 sihi
229 650 343 723 omnia
370 649 506 747 impune
530 646 631 719 licere
657 646 785 744 absque
810 645 878 718 ulla
899 646 1024 744 peccati
1045 645 1142 733 labe,
1164 674 1250 744 quae

143 767 221 864 ipsis
249 763 409 862 imputari
437 763 555 833 merito
581 778 696 860 posset
717 763 808 855 (37).

208 878 342 964 Quibus
353 878 408 949 vix
424 875 594 961 delibatis,
618 902 758 973 pronum
777 892 829 947 est
847 876 1035 973 patefacere
1055 877 1119 948 sub
1141 877 1248 950 diver-

140 998 182 1068 sis
215 994 335 1067 lormis
369 1019 471 1064 unam
504 1017 637 1089 semper
669 990 890 1089 eamdemque
924 991 967 1063 ab
1001 993 1249 1092 antiquissimis

140 1109 317 1182 haereticis
343 1107 385 1179 ad
419 1105 692 1179 sansimonianos
723 1131 830 1204 usque
860 1121 892 1177 et
924 1108 1165 1180 eommunistas
1200 1109 1251 1180 di-

139 1252 295 1298 manasse
320 1222 518 1295 doctrinam.
548 1221 677 1294 Etenim
705 1220 748 1293 ad
776 1248 879 1293 unum
907 1249 1023 1295 omnes
1051 1223 1252 1297 damnarunt
1295 1303 1299 1310 ,

139 1342 294 1440 nuptias,
326 1337 516 1410 relaxarunt
541 1337 745 1409 matrimonii
771 1337 960 1424 vinculum,
984 1341 1250 1413 communionem

140 1456 357 1528 foeminarum
385 1452 525 1554 professi
553 1469 650 1538 sunt,
680 1452 779 1524 unice
797 1453 831 1524 in
849 1454 935 1525 votis
953 1453 1122 1526 habebant
1138 1458 1251 1528 carnis

139 1596 236 1667 quam
264 1584 387 1642 vocant
412 1568 731 1665 emancipationem,
760 1569 940 1667 carnisque
965 1568 1151 1641 libertatem
1181 1573 1251 1643 sire

140 1686 197 1756 sub
223 1712 296 1758 uno
323 1684 395 1757 sive
420 1683 483 1756 sub
508 1683 611 1755 altero
636 1682 747 1756 colore
772 1710 810 1755 ac
837 1701 1007 1782 praetentu
1040 1685 1247 1759 asserebant.

141 1801 314 1899 Praecipni
341 1817 506 1873 sectarum
534 1798 667 1871 illarum
686 1800 856 1872 architecti
877 1817 908 1873 et
926 1816 1079 1874 auctores
1098 1829 1136 1874 se
1159 1804 1252 1900 ipsos

139 1934 191 1989 aut
214 1919 327 1989 Deum
355 1916 618 2014 proclamarunt,
648 1931 705 1987 aut
732 1915 851 1987 Filium
881 1917 962 2001 Dei,
991 1934 1049 1989 aut
1080 1917 1251 1990 Christum

139 2048 190 2103 aut
214 2032 379 2130 Spiritum
405 2031 581 2114 Sanctum,
611 2045 668 2102 aut
692 2046 781 2102 certe
807 2031 956 2102 intimam
976 2057 1052 2102 eum
1075 2030 1252 2105 divinitate

140 2145 473 2218 communicationem
492 2143 557 2216 sibi
577 2144 774 2216 tribuerunt.
795 2145 948 2242 Denique
965 2171 1082 2217 omnes
1107 2146 1252 2218 immun-

140 2261 225 2334 ditiis
253 2260 444 2357 omnigenis
470 2287 506 2334 se
533 2261 741 2332 tradiderunt
766 2260 884 2333 eodem
910 2277 1058 2361 tempere
1083 2288 1150 2362 quo
1175 2289 1251 2362 pre—

141 2377 242 2473 priam
269 2374 496 2448 innocentiam
523 2401 563 2447 ac
579 2373 757 2472 puritatem
775 2374 993 2462 extollebant,
1015 2402 1053 2448 ac
1072 2376 1250 2450 mulierum

142 2491 346 2565 nobilitatem
365 2488 549 2562 ellerebant
566 2515 652 2588 quas
667 2516 706 2560 ex
723 2489 920 2563 abiectionis
939 2505 972 2561 et
990 2491 1159 2565 servitutis
1175 2493 1253 2589 iugo

141 2606 283 2680 relevare
309 2605 566 2678 contendebant.
757 2698 761 2706 .

206 2721 361 2793 lamrero
386 2719 487 2792 etiam
513 2720 758 2793 sansimoniani
790 2737 970 2821 coeperunt
1000 2721 1043 2792 ab
1076 2720 1250 2795 hominum

140 2836 332 2935 apotheosi,
362 2860 448 2934 quos
474 2834 611 2908 totidem
637 2835 738 2920 deos,
768 2835 820 2907 vel
850 2835 1036 2908 divinitatis
1067 2837 1250 2934 participes

141 2951 285 3024 lecerunt
304 2977 364 3048 per
383 2950 649 3050 pantheismum,
671 2977 731 3025 seu
750 2950 1037 3049 pancesmismum
1052 2950 1250 3050 quemdam,

140 3067 225 3139 iuxta
242 3093 346 3166 quem
359 3066 461 3139 homo
473 3083 524 3138 est
536 3093 694 3164 suprema
709 3065 933 3140 manifestatio
949 3049 1136 3139 divinitatis
1149 3095 1252 3168 quam

140 3180 239 3253 solam
267 3197 471 3279 agnoscunt,
501 3207 621 3280 nempe
646 3183 794 3256 universi
813 3182 927 3255 totius.
949 3181 1066 3256 Cultus
1085 3184 1255 3256 sansimo-

140 3297 314 3369 oianorum
340 3296 508 3368 obiectum
534 3312 586 3369 est
610 3323 708 3382 caro,
738 3299 812 3370 eius
838 3324 997 3395 suprema
1022 3300 1173 3396 potentia
1203 3316 1254 3371 est

140 3411 281 3484 foemina
298 3414 371 3506 (38)
385 3469 392 3498 ,
405 3438 506 3510 quam
521 3438 642 3485 vocare
655 3440 721 3486 nou
733 3429 892 3486 verentur
905 3415 1089 3487 convivium
1102 3413 1250 3496 deorum,

141 3527 188 3598 eui
221 3553 341 3600 omnes
375 3528 526 3600 assidere
558 3527 681 3601 debent
713 3528 1005 3600 indiscriminatim
1031 3556 1051 3601 a
1077 3530 1157 3626 iugo
1193 3558 1254 3603 seu

141 3643 297 3714 servitute
323 3641 523 3714 matrimonii
544 3641 673 3715 solutae
695 3645 790 3736 (39);
814 3642 977 3714 foeminas
1001 3644 1079 3715 item
1098 3645 1254 3717 sacerdo-

208 3877 260 3935 (³7)
277 3874 324 3923 iiis
334 3875 417 3937 piures
430 3873 493 3923 aliae
507 3875 654 3938 posteriores
669 3877 749 3925 metae
760 3858 834 3924 adiici
849 3878 948 3938 possent
964 3875 1050 3925 eadem
1061 3888 1087 3925 se
1098 3880 1207 3938 gerentes
1219 3889 1255 3924 ra·

142 3952 201 4002 tione
222 3953 254 4003 de
276 3952 368 4015 quibus
380 3953 430 4016 egit
447 3954 564 4017 Gregoire
576 3954 602 4003 iu
617 3968 658 4018 op.
669 3957 785 4006 Histoire
801 3954 846 4005 des
859 3958 940 4005 sactes
955 3955 1106 4018 relicteuses
1123 3954 1216 4018 depuis
1233 3953 1257 4004 lc

141 4035 356 4083 emmmcemenr
364 4031 403 4083 do
415 4032 726 4098 oecumenicaque
738 4033 855 4098 t’epoque
872 4033 995 4086 uetuelle.
1008 4035 1078 4084 Paris
1092 4040 1159 4086 1828.
1171 4032 1255 4082 decern

143 4113 204 4161 rol'
249 4150 255 4162 .

197 4120 257 4255 ¹lid)
274 4196 397 4244 Doctrina
408 4193 441 4243 de
451 4196 634 4244 saint-Simon.
650 4195 782 4244 Prenrtira
796 4196 887 4244 anne.
902 4194 1099 4245 Introduction.

208 4273 258 4336 (se)
276 4275 313 4323 ita
331 4274 435 4323 etorom
453 4274 575 4337 principia
594 4274 785 4337 exponuntnrin
797 4275 921 4338 periodica
935 4274 1080 4325 collectione
1097 4286 1160 4335 quae
1172 4271 1255 4321 inseri·

144 4348 202 4401 titor
215 4356 248 4403 1ae
260 4353 352 4413 Gieoe,
364 4366 477 4417 quaeque
488 4355 599 4405 Lutetiae
610 4355 640 4405 ad
653 4354 736 4418 piures
746 4368 823 4405 annos
838 4355 937 4418 prodiit.

1158 4436 1177 4475 a}
