2796 5064
232 389 303 441 ω.
319 389 369 443 ιιι.
385 351 426 441 ιι
442 387 539 441 smsn
552 387 643 440 rmn.
661 387 725 440 un.
742 388 854 440 mnrss.
872 346 967 439 utra.
984 387 1054 439 ιιι.
1072 389 1107 441 ιι.
1174 369 1242 441 369

138 530 200 607 que
224 521 317 582 reete
345 505 447 580 statui
473 505 607 605 potuit,
635 518 674 578 ut
697 530 738 578 ea
764 519 960 603 potestatem
988 503 1124 580 haberet
1149 505 1254 580 alium

135 621 327 722 accipiendi
351 619 521 694 maritum.
846 643 849 650 ·

207 736 244 808 2.
261 736 430 835 Seponere
446 733 609 808 debemus
625 759 702 808 can.
719 735 807 820 llll,
818 759 886 832 quo
903 733 1032 807 nullum
1051 734 1177 834 pariter
1193 734 1252 809 de-

132 849 281 925 claratur
305 851 452 949 primum
477 851 725 924 matrimonium
752 850 785 921 in
813 850 921 949 primo
946 850 1122 925 affinitatis
1147 850 1254 948 gradu

131 980 359 1040 contractum:
387 965 539 1064 adeoque
563 965 612 1039 uti
638 964 824 1062 legitimum
849 965 1034 1038 secundum
1061 966 1253 1063 coniugium

132 1077 298 1167 ltabetur3
326 1079 403 1154 ideo
427 1103 507 1153 vero
532 1077 663 1152 nullum
688 1078 877 1152 declaratur
898 1079 1057 1165 tertium,
1088 1081 1168 1180 quia
1192 1081 1256 1152 im·

132 1193 364 1293 pedimentum
391 1193 628 1266 intercesserat
653 1192 836 1290 ligaminis.

205 1309 242 1379 3.
272 1305 357 1380 Can.
379 1305 466 1379 lllll.
492 1321 603 1404 potest
627 1304 768 1403 intelligi
794 1306 837 1379 de
861 1304 1019 1381 facultate
1042 1333 1130 1407 quae
1156 1309 1254 1382 inno-

132 1423 220 1498 centi
247 1422 407 1496 tribuitur
431 1421 533 1496 aliam
557 1421 703 1496 ducendi
728 1448 864 1496 uxorem
883 1438 960 1522 post
977 1422 1148 1507 adulterae
1169 1449 1255 1498 mor·

132 1552 221 1626 tem;
252 1564 341 1637 quae
367 1537 518 1627 lacultas
533 1553 674 1635 negatur
698 1537 862 1612 adulteris
885 1537 1066 1625 ambobus,
1090 1538 1252 1637 quamdiu

132 1655 268 1728 vivunt
285 1653 323 1726 ld
343 1654 471 1727 eruitur
493 1680 535 1727 ex
560 1653 719 1727 antithesi
746 1653 833 1727 inter
857 1653 1026 1728 adulteros
1044 1670 1077 1727 et
1094 1654 1253 1728 innocen-

133 1785 218 1856 tem,
242 1784 337 1842 etex
357 1769 434 1843 aliis
456 1795 516 1867 per
540 1768 576 1840 id
602 1769 761 1868 temporis
786 1768 1102 1856 constitutionibus,
1124 1768 1254 1868 praeci-

133 1909 199 1983 pue
216 1908 297 1957 vero
314 1882 448 1957 concilii
467 1881 713 1970 foroiuliensis,
730 1909 831 1982 quam
851 1882 952 1982 paulo
969 1899 1046 1956 ante
1063 1883 1248 1957 attulimus.

206 2000 241 2071 4.
271 1997 354 2072 (lan.
375 1999 416 2070 Χ.
438 1999 508 2095 agit
524 1997 567 2072 de
584 1997 806 2072 dissolutione
823 1998 993 2095 coniugii,
1013 1998 1104 2097 quod
1124 1997 1254 2071 nullum

130 2112 241 2188 extitit
264 2112 308 2186 ob
333 2113 609 2213 impedimentum
634 2112 809 2186 affinitatis
835 2113 870 2184 in
896 2114 1004 2212 primo
1028 2112 1152 2209 gradu3
1174 2113 1253 2186 hinc

132 2227 253 2301 merito
282 2226 361 2300 data
383 2241 436 2302 est
459 2226 597 2301 libertas
622 2227 693 2301 filio
717 2226 821 2301 aliam
845 2227 990 2301 ducendi
1015 2254 1164 2303 uxorem.

206 2346 242 2414 t.
266 2340 349 2414 (lan.
362 2343 452 2415 lllll.
464 2368 531 2417 non
549 2343 620 2440 agit
637 2341 679 2415 de
696 2343 843 2440 coniugii
863 2342 1085 2417 dissolutione
1101 2344 1144 2417 ob
1162 2343 1255 2416 adul-

132 2457 208 2533 terii
229 2456 416 2555 flagitium,
433 2457 476 2531 de
488 2485 556 2558 qua
570 2457 626 2532 hic
643 2485 831 2532 sermonem
849 2459 949 2532 unice
966 2459 1145 2532 habemus.
1163 2458 1255 2544 Qua-

131 2599 210 2648 nam
231 2599 312 2648 vero
332 2574 461 2649 ratione
486 2600 592 2646 canon
619 2574 683 2647 iste
708 2573 849 2670 intelligi
875 2573 996 2648 debeat
1021 2573 1249 2647 deliniendum

131 2688 358 2790 relinquimus
383 2689 468 2763 iuris
493 2689 646 2763 canonici
673 2689 789 2788 peritis
806 2690 920 2784 (252).

205 2807 242 2875 6.
272 2802 356 2876 Can.
382 2804 465 2876 xlv.
494 2818 563 2877 tum
589 2818 743 2902 respectu
761 2803 825 2877 viri
845 2803 1035 2876 incestuoso
1053 2803 1251 2877 commercio

130 2917 271 3018 polluti,
300 2934 370 2991 tum
399 2932 554 3017 respectu
585 2917 737 3006 illarum,
766 2943 853 3016 quae
878 2917 1034 2991 consciae
1060 2916 1161 2989 huius
1187 2917 1252 2990 cri-

129 3033 237 3107 minis
257 3031 398 3120 luerint,
418 3049 451 3107 et
469 3033 659 3106 incestuoso
684 3033 884 3106 commercio
909 3032 1159 3119 consenserint,
1189 3030 1251 3104 im-

128 3147 364 3248 pedimentum
384 3148 547 3221 dirimens
567 3174 628 3222 seu
652 3147 763 3247 potius
791 3147 986 3220 inhabilitas
1005 3145 1047 3219 ad
1066 3145 1251 3219 ineundum

129 3262 327 3359 coniugium
345 3278 413 3336 toto
430 3263 517 3336 vitae
534 3278 683 3362 tempore
701 3262 801 3335 statui
819 3261 963 3335 videtur.
981 3261 1068 3333 Hinc
1085 3265 1175 3334 enim
1192 3260 1252 3352 de7

130 3376 280 3451 claretur
304 3377 433 3450 irritum
451 3403 528 3450 esse
544 3377 750 3451 connubium
778 3376 821 3449 ab
841 3402 880 3451 eo
898 3376 1092 3450 incestuoso
1115 3375 1248 3463 initum,

127 3491 287 3591 adeoque
298 3517 374 3564 eum
388 3488 493 3565 teneri
507 3491 550 3564 ad
564 3491 808 3592 separationem
827 3518 848 3564 a
865 3491 966 3564 ducta
985 3490 1143 3581 muliere,
1164 3518 1251 3591 quae

128 3605 239 3679 libera
256 3620 323 3693 est,
345 3632 384 3679 ac
401 3605 458 3678 alii
477 3607 548 3680 viro
566 3606 692 3680 nubere
712 3620 833 3705 potest.
847 3605 966 3691 Quoad
983 3621 1121 3679 matrem
1140 3621 1250 3678 antem

129 3747 171 3795 ac
184 3719 292 3793 liliam
304 3720 494 3795 decernitur
505 3748 582 3810 eas,
599 3721 763 3822 quamdiu
780 3722 909 3795 insciae
927 3722 1050 3794 luerint
1068 3721 1248 3795 incestuosi

129 3837 345 3926 commercii,
367 3863 468 3937 posse
493 3838 582 3913 bona
607 3836 674 3911 fide
699 3838 733 3909 in
759 3838 852 3912 initis
879 3838 1007 3938 nuptiis
1034 3860 1245 3937 permanere3

204 4083 272 4147 (ιιι)
287 4084 352 4135 Huic
369 4084 457 4135 canoni
475 4085 589 4136 cohaeret
604 4084 729 4148 reponsio
747 4083 845 4134 loannis
860 4083 982 4135 cattensls
992 4083 1025 4133 ad
1036 4078 1249 4143 interrogationem

128 4171 153 4217 ι.
168 4163 326 4216 consanum
344 4164 485 4228 cabasilae,
504 4165 529 4215 in
553 4164 607 4214 inre
627 4164 803 4228 guero-latino
818 4164 862 4214 ltb.
875 4166 905 4213 v.
917 4177 972 4228 pag.
985 4166 1050 4224 ent,
1062 4172 1126 4225 quae
1140 4159 1249 4210 declarat

126 4242 523 4309 musorematvesacerdotis
539 4245 592 4294 sire
612 4242 709 4295 diatoni
728 4242 780 4294 sire
799 4243 917 4306 lectoris,
935 4243 979 4306 qui
994 4241 1072 4290 vitam
1089 4238 1248 4292 monasticam

127 4322 235 4387 proten
254 4322 362 4386 luertnt,
378 4323 449 4376 atteri
466 4323 566 4375 nubere.
580 4323 708 4376 ttisetiam
716 4323 840 4376 consentit
850 4322 981 4374 lutbertus
991 4322 1018 4372 in
1029 4321 1147 4386 aaron.
1183 4366 1187 4371 .

210 4429 251 4484 ΙΙΙ
1165 4431 1200 4480 rt
