2796 5064
140 347 209 422 158
288 368 350 431 sut
368 369 417 425 ιιι.
437 370 525 427 esur.
542 368 675 425 aursni.
692 373 732 426 nr
750 369 863 426 renem.
880 367 977 425 urm.
996 371 1125 427 emen.

139 506 198 592 pto
223 493 258 565 1.
279 490 494 567 intrinsecam
511 507 545 566 et
561 491 782 568 extrinsecam
811 492 1001 567 firmitatem
1026 490 1248 593 distinguunt.

139 607 308 694 Priorem,
344 631 432 706 quas
457 606 562 681 oritur
589 633 630 682 ex
662 624 782 683 natura
808 606 856 682 rei
881 606 982 682 unies
1004 633 1047 683 ao
1071 622 1178 684 totum
1205 636 1253 684 re·

140 738 258 823 petunt
281 749 322 797 ex
347 738 486 797 naturae
516 722 603 811 iure,
632 720 710 798 lieet
733 750 801 800 non
824 722 997 800 essentiali
1023 739 1058 799 at
1073 725 1249 825 primario,

142 835 359 937 posteriorem
383 863 463 911 vero
484 851 659 913 aroossunt
683 833 757 914 eivs
781 863 820 913 er
847 832 919 913 iure
942 837 1061 914 divino
1087 839 1253 940 positivo,

140 951 214 1028 eive
238 978 279 1027 ox
304 953 432 1028 ratione
457 950 656 1029 sacramenti
684 947 819 1054 proprio
842 947 938 1029 dioti.
1056 969 1060 987 '

215 1067 290 1156 Qua
312 1069 530 1146 distinetione
547 1067 745 1170 praemissa,
763 1071 798 1144 2.
820 1067 906 1144 illud
930 1068 1031 1144 etium
1051 1071 1260 1148 nnimsdter

142 1199 233 1272 tunt,
253 1179 494 1282 obligationem
519 1183 668 1285 aliquam
695 1201 816 1259 natura
836 1209 900 1258 sua
916 1210 995 1259 esse
1011 1211 1115 1284 poem
1140 1211 1261 1287 perpe

142 1314 253 1388 tuam,
278 1325 389 1401 neque
421 1315 534 1375 umen
565 1296 656 1376 illino
689 1300 811 1375 exinde
840 1293 959 1401 sequi,
990 1326 1066 1375 eam
1096 1322 1261 1403 neqma

143 1439 300 1516 supremo
321 1440 432 1488 rerum
449 1413 593 1489 Domino
617 1412 758 1489 dissolui
784 1440 908 1514 posse,
925 1412 979 1488 sel
996 1414 1108 1516 ipsam
1135 1417 1186 1490 rei
1208 1442 1262 1490 na·

142 1543 251 1605 mam
279 1529 449 1604 immutari
480 1545 583 1630 etque
612 1529 745 1628 attingi,
761 1529 793 1605 si
819 1529 912 1631 quod
931 1529 975 1605 da
994 1557 1033 1606 ee
1061 1547 1261 1632 perpetuum

142 1659 181 1720 et
206 1642 328 1719 stabile
349 1670 426 1719 esse
447 1643 602 1730 deberet,
634 1645 705 1718 Deo
734 1638 781 1718 ita
804 1644 1023 1744 disponente,
1049 1669 1113 1720 nso
1139 1643 1263 1720 stabile

144 1759 190 1835 sit
208 1785 319 1860 neque
340 1773 549 1858 perpetuum.
580 1758 677 1845 Quod
700 1758 863 1859 deinoeps
891 1759 1063 1833 nonnullis
1096 1758 1263 1860 exemplis

144 1871 328 1962 declarant,
353 1872 630 1974 oonlirmantque.
654 1874 769 1948 Status
784 1869 907 1973 ,quivis
933 1900 985 1948 ex.
1005 1900 1058 1972 gr.
1082 1898 1125 1947 ex
1142 1888 1261 1948 namra

145 2012 208 2065 sae
233 1988 280 2062 ita
304 2002 501 2088 perpetuam
527 1986 717 2062 firmitatem
742 1981 864 2085 exigit,
881 2003 920 2061 ut
944 1986 975 2061 si
995 2013 1036 2061 ea
1060 1987 1175 2075 desit,
1193 2001 1260 2062 sta·

146 2119 202 2177 tus
235 2103 320 2179 ratio
350 2116 502 2190 notrum,
528 2100 577 2175 uti
602 2101 775 2200 theologi,
799 2116 979 2202 praeeunte
1014 2101 1171 2200 angelino
1195 2102 1261 2177 Ilo·

145 2231 237 2295 omre
263 2220 385 2314 (1115),
405 2243 475 2292 uno
499 2243 558 2293 ore
583 2216 738 2292 latentur.
768 2215 857 2292 Hine
885 2229 992 2292 status
1018 2211 1202 2316 religiosus
1226 2239 1264 2291 es

148 2357 206 2419 ss,
232 2357 294 2408 seu
315 2349 434 2406 notura
450 2358 514 2408 sua
532 2348 584 2406 est
607 2332 744 2407 omnino
770 2346 968 2432 perpetuus,
985 2347 1019 2405 st
1037 2346 1152 2405 mmen
1178 2355 1260 2430 roms

148 2446 299 2548 pontifex
318 2461 445 2546 potest,
473 2464 609 2546 accepte
635 2473 655 2520 n
678 2448 747 2520 Deo
769 2444 985 2534 auctoritate,
1013 2443 1110 2520 illum
1126 2443 1265 2522 ‘dissol-

146 2588 241 2650 uere3
265 2563 317 2641 sio
331 2578 446 2636 votum
468 2560 656 2636 absolutum
678 2589 718 2638 er
734 2587 772 2636 se
797 2579 993 2661 perpetuum
1016 2575 1080 2647 est,
1100 2576 1135 2634 et
1152 2576 1261 2635 tamen

147 2691 256 2778 potest
285 2675 403 2751 eadem
428 2676 625 2750 auctoritate
650 2702 671 2751 a
695 2675 855 2775 pontifice
881 2673 1043 2761 dissolvi,
1068 2699 1131 2749 eeu
1157 2674 1204 2748 ab
1228 2700 1264 2751 eo

147 2790 354 2892 dispensari.
383 2792 452 2866 lam
485 2816 564 2866 vero
581 2790 748 2865 eiusmodi
772 2788 951 2864 dissolutio
973 2778 1030 2862 aut
1054 2785 1265 2889 dispensatio

147 2903 239 2987 band
257 2905 413 2984 immutat
437 2905 510 2981 sire
528 2921 680 2980 naturam
703 2904 775 2979 sive
791 2904 997 2990 firmitatem,
1011 2928 1115 3002 qnam
1132 2928 1174 2977 ex
1192 2927 1265 2978 sese

148 3019 276 3097 hebent
304 3037 373 3096 tum
405 3037 514 3094 status
541 3019 732 3117 religiosus,
757 3035 827 3094 tum
852 3033 978 3105 votnm,
1001 3043 1186 3117 quae-non
1209 3017 1265 3092 de·

148 3135 323 3217 sinuntur
339 3163 377 3211 se
394 3163 471 3211 esse
493 3151 673 3236 perpetuu,
695 3135 757 3208 etsi
772 3160 832 3234 per
848 3133 1006 3209 accidens
1028 3158 1074 3207 ex·
1094 3132 1265 3233 perpetuis

150 3250 234 3325 bant
262 3252 471 3351 temporalia.
494 3251 599 3349 Igitur
623 3250 779 3350 quamvis
804 3247 1054 3323 matrimonium
1080 3246 1135 3322 rel
1159 3248 1196 3322 in
1220 3247 1266 3322 ln·

148 3390 264 3441 uorem
293 3366 452 3468 baptismi
478 3366 532 3440 vel
558 3367 594 3439 in
619 3366 765 3440 levorem
798 3365 972 3463 religionis
998 3364 1198 3440 auctoritate
1216 3364 1266 3438 di·

148 3480 229 3555 vina
255 3480 477 3571 dissolvatur,
502 3481 703 3557 non'obstat
720 3481 903 3582 quominus
927 3480 1040 3580 ipsum
1062 3477 1264 3561 matrimonii

148 3595 338 3684 modulum,
360 3613 523 3698 quantum
542 3624 582 3672 ex
607 3614 726 3672 nature
750 3599 824 3672 eius
849 3614 919 3685 est,
941 3597 985 3670 eit
1000 3595 1141 3671 omnino
1163 3595 1266 3670 indis-

151 3709 308 3787 solubile.

225 3825 450 3912 Quamobrem
477 3855 543 3903 non
568 3829 654 3903 bene
673 3845 818 3926 arguunt
836 3828 877 3914 ii,
899 3827 956 3928 qni
970 3852 1016 3900 ex
1041 3852 1083 3902 so
1106 3825 1202 3928 quod
1218 3824 1265 3898 di⁴

149 3941 276 4017 vinitns
294 3944 373 4019 data
385 3961 438 4020 est
449 3945 659 4046 dispensatio
677 3946 824 4020 inserunt
839 3943 1092 4020 matrimonium
1109 3968 1178 4017 non
1196 3965 1264 4016 esso

150 4058 388 4138 indissolubile
414 4060 631 4150 naturaliter,
658 4062 717 4136 sed
751 4060 859 4135 solum
890 4075 1056 4160 quatenus
1081 4074 1135 4134 est
1159 4082 1264 4134 sacra·

223 4330 290 4394 (trs)
307 4338 330 4381 o.
343 4339 402 4393 aq.
414 4336 499 4380 saar.
511 4333 533 4380 t.
