2842 5056
154 352 222 425 m
272 374 334 427 un.
356 373 404 426 ΙΙΙ.
425 372 513 425 8801·
534 372 664 425 leElld.
687 373 727 424 Μ
743 374 856 425 tnnttt.
877 372 979 425 mll-
997 374 1138 427 Cflfllssl'.

149 510 260 568 autem
279 493 343 568 soli
362 508 560 577 novatores,
581 492 640 592 qui
660 490 778 565 dieunt
796 490 977 566 ecclesiam
997 492 1071 567 hnc
1090 493 1130 565 in
1153 490 1289 565 articulo

150 636 278 694 errare,
307 607 518 681 anathemate
543 606 730 686 leniuntur:
759 634 826 681 non
852 634 932 683 vero
955 609 1106 705 graeci,
1129 609 1192 708 qui
1219 608 1288 681 lieet

151 721 355 795 contrarium
386 721 552 807 sentiant,
580 737 724 794 attamen
749 746 827 795 eum
852 722 977 795 erroris
1003 722 1202 797 eeclesiam
1226 748 1285 795 noa

151 853 314 935 arguant,
342 835 386 910 ab
412 836 476 911 hoc
501 836 716 910 anathemate
739 853 820 910 sunt
844 837 1028 911 immunes.

236 950 300 1024 Sed
329 950 360 1024 si
393 949 436 1023 ab
465 949 678 1024 anathemate
701 951 813 1049 graeci
841 949 1046 1025 divellentes
1076 952 1284 1025 connubium

152 1066 319 1139 immunes
342 1081 521 1140 evaseruut
545 1064 589 1139 ob
620 1065 746 1139 formae
778 1065 901 1165 prioris
929 1066 1191 1153 mutationem,
1224 1092 1283 1141 nen

150 1180 226 1254 ideo
241 1198 316 1280 post
332 1197 399 1254 tam
418 1180 602 1256 solemnem
627 1180 762 1255 concilii
788 1181 959 1254 tridentini
982 1182 1210 1255 sanctionem
1227 1182 1283 1255 im·

151 1324 270 1371 munes
291 1297 419 1371 censeri
443 1314 585 1396 possunt
609 1324 629 1371 a
656 1313 734 1370 nota
755 1296 950 1371 temeritatis
966 1312 1002 1370 et
1017 1298 1157 1371 erroris
1175 1298 1213 1370 in
1228 1298 1282 1373 do·

150 1414 278 1501 ctrina,
311 1429 343 1486 et
371 1413 483 1510 gravia
515 1412 635 1511 eulpae
661 1412 696 1483 in
727 1414 834 1511 prani.
871 1412 1049 1512 Siquidem
1085 1413 1280 1489 universam

150 1528 301 1626 obligant
318 1527 495 1601 ecelesiam
514 1527 648 1601 decreta
664 1527 799 1601 concilii
816 1526 1024 1601 oecumenici
1045 1584 1055 1615 ,
1079 1530 1278 1626 praesertin

150 1643 351 1717 doctrinalia
374 1658 407 1716 et
431 1642 640 1740 dogmatica,
668 1642 858 1716 cuiusmodi
885 1668 960 1715 can.
981 1642 1056 1713 Vll.
1073 1660 1280 1719 esseosten-

150 1758 276 1831 dimus.
306 1759 518 1857 Quapropter
537 1758 600 1832 etsi
623 1757 705 1832 lorte
730 1776 809 1832 ante
833 1758 935 1831 huius
958 1758 1108 1833 canonis
1136 1758 1279 1859 promul

150 1873 339 1971 gationem,
367 1873 615 1973 quodammode
641 1873 675 1945 in
701 1900 764 1946 sua
792 1874 886 1973 praxi
911 1874 1072 1947 excusari
1100 1898 1213 1975 posse
1236 1876 1280 1947 vi·

151 1986 316 2073 deantur,
332 2002 422 2061 certe
434 2003 613 2088 postquam
626 1987 805 2061 concilium
823 1986 1044 2061 tridentinum
1070 1986 1169 2063 hane
1186 2015 1277 2064 suan

149 2101 379 2176 definitionem
401 2102 539 2189 emisit,
567 2129 635 2202 qua
659 2101 845 2177 luculenter
865 2101 948 2177 adeo
964 2102 1076 2177 edixit
1092 2104 1279 2179 indissolu-

150 2214 313 2290 bilitatem
326 2216 451 2290 vinculi
467 2217 655 2314 coniugalis
678 2218 711 2289 in
733 2243 815 2292 casu
828 2217 984 2292 adulterii
1000 2216 1178 2293 affirmari
1193 2222 1278 2295 iuxta

151 2329 337 2403 doctrinam
358 2330 587 2427 evangelicam
608 2348 642 2405 et
666 2331 902 2431 apostolicam,
930 2334 1090 2406 excusari
1118 2361 1194 2409 non
1216 2362 1277 2409 am·

151 2444 241 2544 plius
267 2462 420 2545 possunt.
443 2448 524 2519 ll'am
547 2446 634 2520 sieut
655 2446 807 2521 doctriua
823 2446 1018 2545 evangelica
1034 2465 1073 2523 et
1089 2451 1277 2551 apostolica

150 2586 216 2634 non
241 2578 349 2659 potest
369 2590 435 2636 non
457 2588 532 2637 esse
551 2588 646 2647 vera,
670 2565 715 2635 ita
732 2564 883 2637 doctrina
900 2563 1060 2662 opposita
1079 2590 1153 2639 non
1174 2584 1276 2667 potent

150 2703 313 2751 nonense
338 2677 424 2753 salsa
448 2697 481 2752 et
502 2706 658 2765 erronea,
687 2680 802 2778 etqui
828 2679 919 2752 iuxta
945 2678 1034 2752 hane
1061 2698 1271 2779 operantur,

150 2809 322 2893 nequeunt
346 2819 384 2865 se
410 2819 429 2866 a
454 2795 546 2891 gravi
566 2793 665 2895 eulpa
685 2793 884 2867 subducere.
906 2794 1060 2867 Graviter
1083 2796 1274 2899 igiturpee

147 2924 226 2981 cant
251 2909 362 3005 graeei
389 2910 521 3008 quoties
545 2909 736 2983 dissolvunt
760 2911 940 3006 coniugia,
977 2909 1045 2982 nisi
1081 2913 1273 3009 ignorantia

148 3024 335 3097 invincibili
360 3025 590 3110 detineantur,
619 3044 652 3098 et
677 3052 798 3098 novum
826 3026 916 3125 quod
936 3028 1148 3102 contrahunt
1168 3032 1273 3105 matn'·

149 3141 318 3224 monium,
349 3140 392 3213 ob
418 3140 693 3239 impedimentum
713 3141 903 3238 ligaminis,
924 3141 1119 3217 nullumne
1146 3146 1271 3219 irritum

147 3269 211 3325 cst.
236 3256 352 3353 Neque
372 3281 430 3328 eos
457 3272 594 3329 excusat
617 3257 799 3329 inveterata
818 3256 1048 3343 consuetudo,
1068 3286 1164 3358 quae
1181 3286 1272 3335 evan·

149 3367 275 3463 gelieae
296 3385 330 3441 et
350 3371 555 3469 apostolicae
573 3370 743 3443 doctrinae
760 3373 958 3470 opponitur,
986 3398 1027 3445 ae
1042 3375 1195 3471 proinde
1211 3403 1272 3450 uon

148 3499 199 3556 est
217 3485 386 3557 censenda
409 3486 474 3558 nisi
498 3488 700 3559 inveteratus
723 3487 866 3575 abusus,
888 3514 986 3586 quom
1011 3488 1166 3564 ecclesia
1186 3520 1273 3593 prae

147 3598 261 3672 sertim
290 3617 365 3696 post
390 3626 483 3674 eone.
515 3602 745 3674 Tridentinum
778 3602 870 3676 nullo
896 3603 995 3677 modo
1027 3604 1180 3695 tolerat,
1211 3610 1273 3681 imo

147 3741 209 3789 nec
231 3714 370 3788 tolerare
400 3730 520 3814 potest.

220 3827 327 3927 ldque
352 3828 555 3902 intellectum
573 3831 730 3905 volumus
754 3833 826 3905 sive
853 3835 986 3933 proprio
1012 3854 1132 3923 motu,
1156 3866 1275 3940 nempe

148 3942 277 4041 privato
304 3944 462 4029 arbitrio,
485 3946 555 4018 sive
583 3946 719 4045 publico
736 3948 836 4020 etiam
856 3948 981 4021 iudicio
1006 3954 1149 4048 cognita
1172 3980 1275 4029 eausa

147 4086 169 4130 a
195 4057 352 4131 tribunali
378 4059 606 4134 eeclesiastico
632 4078 689 4134 aut
714 4062 804 4134 civili
832 4090 872 4137 ao
897 4063 962 4136 lata
989 4068 1187 4151 sententia,
1209 4097 1276 4144 ma·

134 4172 339 4251 ,trimonium
358 4174 571 4248 dissolvatur.
589 4177 622 4246 Si
643 4202 741 4274 porro
759 4194 878 4274 agatur
894 4179 936 4250 de
953 4180 1087 4274 graecis
1108 4184 1277 4262 schisma·

148 4283 245 4369 tieis,
272 4287 415 4361 ecclesia
448 4288 614 4362 catholica
646 4290 812 4363 eiusmodi
844 4292 986 4365 divortia
1016 4293 1062 4367 de
1090 4295 1185 4374 lacto
1218 4301 1278 4371 im·
