2796 5064
232 345 301 418 288
377 368 439 420 un.
458 369 505 420 ιιι.
522 366 609 421 sicr.
626 366 757 419 ιιιιιι.
774 368 813 419 us
832 366 944 419 ruurss.
961 367 1057 420 ιιιι.
1073 366 1199 421 enmsr.

228 488 488 588 pronunciatum
506 504 576 576 est,
597 514 664 562 non
687 487 788 562 licere
805 515 826 562 a
843 489 1056 563 matrimonio
1071 487 1262 576 discedam,
1281 489 1339 563 uisi

227 603 272 678 ob
293 603 559 679 fornicationem.
578 602 795 677 Consuetudo
807 619 920 677 autem
938 630 1005 677 non
1024 604 1071 677 itu
1088 630 1127 677 ae
1144 605 1267 693 habet,
1290 604 1343 678 sed

227 718 270 794 de
284 719 482 793 mulieribus
500 717 636 817 quidem
651 719 755 791 multa
772 733 927 792 accurate
939 718 1111 792 observari
1129 718 1346 819 deprehendi·

228 859 323 921 muS,
340 859 417 907 cum
434 831 615 931 Apostolus
628 832 767 931 quidem
785 832 893 918 dicat,
915 832 1001 930 quod
1017 836 1078 931 qui
1089 834 1248 908 adhaeret
1260 861 1347 908 mera

231 950 328 1034 trici,
345 949 382 1048 fit
403 975 504 1020 uuum
521 974 647 1046 corpus.
677 949 836 1021 Ieremias
857 975 936 1022 vero
957 948 1091 1047 quodsi
1113 951 1219 1049 fucrit
1238 952 1347 1023 mulier

229 1091 304 1137 cum
316 1065 383 1137 olio
395 1065 483 1149 uiro,
505 1091 568 1137 uon
580 1079 756 1136 revertetur
767 1064 812 1137 cd
823 1067 932 1137 virum
943 1090 1059 1149 suum,
1074 1065 1132 1138 scd
1141 1066 1347 1165 pollutupcl-

231 1179 360 1269 luetur:
385 1195 419 1253 ct
440 1179 576 1253 iterum:
607 1179 675 1266 Qui
696 1179 791 1252 lubet
815 1179 1016 1267 adultarum,
1037 1182 1160 1254 stultus
1178 1197 1229 1254 cst
1244 1198 1276 1255 ct
1291 1185 1345 1254 im·

229 1296 321 1393 pius.
348 1293 563 1368 Consuetudo
588 1310 700 1368 autem
724 1295 823 1368 etiam
849 1294 1020 1370 adulteros
1037 1295 1129 1370 viros
1146 1312 1181 1369 et
1197 1297 1232 1368 in
1257 1296 1349 1371 lomi·

229 1409 420 1484 sationibus
445 1425 644 1498 versantes,
673 1409 766 1483 iubet
790 1437 811 1483 a
835 1411 1036 1486 mulieribus
1061 1411 1217 1486 retineri.
1246 1412 1347 1499 Quart

229 1549 318 1624 quac
339 1550 407 1597 una
428 1550 505 1597 cum
524 1525 596 1599 viro
613 1523 757 1597 dimissu
775 1523 922 1612 habitat,
939 1526 1055 1600 nescio
1071 1551 1115 1598 un
1133 1527 1246 1626 possit
1262 1525 1349 1600 adul·

229 1655 302 1712 tera
325 1638 501 1739 appellari.
531 1639 665 1714 Crimen
689 1638 779 1713 enim
807 1639 864 1714 hic
887 1641 1022 1738 attingit
1046 1640 1245 1731 mutierem,
1272 1668 1348 1743 quae

229 1755 340 1828 uirum
365 1754 514 1843 dimisit;
543 1781 690 1856 quanm
715 1755 758 1828 de
782 1781 887 1830 causa
911 1782 932 1829 a
956 1756 1113 1854 coniugio
1143 1757 1345 1832 discesserit.

232 1871 309 1946 Sive
334 1871 427 1945 enim
452 1898 614 1974 percussa
643 1870 761 1971 plagas
786 1871 983 1959 munierat,
1013 1872 1099 1946 lerre
1124 1873 1236 1948 satius
1261 1888 1345 1956 erat,

228 2011 332 2086 quum
352 2011 373 2058 u
397 1986 542 2084 coniuge
564 1986 734 2085 separari:
765 1986 837 2061 sive
863 1986 1023 2060 damnum
1050 1987 1085 2059 in
1111 1988 1270 2087 pecuniis
1290 2014 1346 2062 non

228 2100 502 2188 ferat,ncl1acc
526 2101 665 2202 quidem
691 2101 781 2175 iusta
802 2102 1002 2176 excusatio:
1034 2103 1088 2176 sin
1114 2119 1251 2190 eutem,
1278 2129 1347 2204 quo

230 2215 322 2288 uiam
349 2216 424 2316 ipae
449 2216 534 2291 vivit
558 2217 593 2289 in
613 2216 849 2304 fornicatione,
873 2244 940 2292 non
959 2217 1126 2292 habemus
1144 2219 1237 2292 hanc
1257 2220 1292 2291 iu
1306 2242 1348 2292 ec

227 2331 418 2407 cleaiastica
444 2333 692 2409 consuetudine
720 2334 1014 2421 observationem,
1043 2334 1214 2409 imovero
1240 2334 1284 2408 ab
1305 2338 1348 2406 in·

227 2447 320 2521 fideli
352 2449 424 2524 viro
460 2476 526 2523 non
561 2450 655 2523 iussa
687 2467 739 2524 est
766 2450 886 2524 mulier
921 2451 1094 2549 separari,
1132 2451 1195 2524 sed
1224 2467 1347 2550 propter

226 2581 381 2638 eventum
408 2565 572 2639 incertum
593 2593 776 2640 remanere.
794 2566 883 2654 Quid
901 2569 988 2638 enim
1012 2569 1077 2640 scis
1096 2567 1219 2640 mulier
1245 2594 1289 2641 ou
1308 2568 1346 2639 ri·

227 2706 302 2752 rum
315 2680 444 2753 salvum
458 2682 505 2752 sis
519 2682 679 2780 factura?
697 2681 827 2767 Quare,
844 2708 932 2780 quae
948 2680 1102 2780 reliquit,
1120 2696 1173 2754 est
1187 2681 1343 2764 adultera,

228 2796 258 2868 si
278 2795 321 2868 ad
340 2794 444 2868 alium
458 2795 568 2870 virum
586 2796 748 2870 accessit:
770 2797 829 2895 qui
849 2812 960 2868 autem
981 2794 1118 2870 relictus
1138 2813 1210 2885 est,
1232 2797 1344 2895 dignus

227 2927 280 2986 est
308 2912 427 2999 venia,
456 2929 490 2984 et
514 2938 604 3012 quae
623 2938 692 2984 una
718 2936 795 2985 cum
820 2937 859 2985 eo
886 2911 1036 2998 habitat,
1066 2938 1133 2986 non
1151 2911 1345 2987 condemna·

228 3045 292 3102 tur.
316 3027 382 3101 Sed
401 3029 431 3100 si
448 3028 521 3114 vir,
542 3028 602 3127 qui
621 3027 664 3100 ab
682 3054 785 3101 uxore
802 3027 978 3114 discessit,
1001 3029 1147 3102 accessit
1164 3029 1211 3103 ad
1229 3028 1339 3113 aliam,

227 3156 279 3215 est
301 3157 335 3216 et
360 3142 434 3241 ipse
458 3141 610 3229 adulter,
632 3143 714 3241 quia
733 3141 812 3215 lacit
831 3159 869 3214 ut
889 3143 964 3242 ipsa
981 3141 1186 3217 adulterium
1206 3142 1340 3218 commit·

228 3272 297 3342 tat,
325 3271 468 3357 atquae
497 3284 565 3329 uns
593 3283 668 3330 cum
696 3259 771 3356 ipso
797 3257 945 3345 habitat,
978 3272 1031 3331 est
1062 3258 1238 3347 adultera,
1274 3257 1342 3358 quia

228 3370 376 3444 alienum
396 3371 506 3445 virum
533 3372 576 3444 ad
603 3399 640 3446 se
665 3373 861 3445 traduxit.»

311 3488 348 3557 ln
375 3486 518 3588 epistola
543 3513 622 3561 vero
649 3488 691 3560 ll.
728 3488 893 3561 canonica
921 3489 1018 3584 (92),
1046 3512 1122 3561 can.
1153 3489 1244 3562 XXl.
1273 3487 1342 3561 huet

228 3600 353 3675 habet:
386 3602 452 3674 «Si
478 3602 529 3674 vir
553 3629 620 3675 una
649 3629 726 3676 cum
751 3629 854 3676 uxore
879 3603 1061 3690 habitans,
1094 3620 1216 3703 postea
1241 3600 1340 3677 matri·

96 3780 102 3794 ·
225 3733 339 3809 monio
364 3761 429 3808 non
455 3751 652 3822 contentus,
674 3737 708 3807 in
728 3735 981 3810 fornicationem
1005 3735 1185 3825 inciderit;
1213 3737 1339 3814 torniu-

228 3864 331 3924 torem
358 3877 435 3925 eum
463 3850 675 3934 iudicamus,
704 3852 888 3953 ipsumque
912 3852 1046 3951 longius
1074 3852 1292 3953 producimus
1313 3850 1339 3922 in

120 3953 124 3962 ¹
228 3966 398 4067 impositis
424 3966 558 4067 poenis:
590 3967 649 4041 sed
676 3983 786 4040 tamen
807 3993 970 4041 canonem
992 3994 1058 4041 non
1081 3966 1269 4054 habemus,
1289 3963 1336 4065 qli

228 4109 305 4155 eum
321 4083 478 4156 adulterii
492 4083 624 4157 crimini
643 4083 820 4170 subiiciat,
843 4083 872 4156 si
892 4083 926 4155 in
946 4082 1091 4157 solutam
1106 4110 1128 4156 a
1141 4077 1339 4158 matrimonio

229 4215 401 4298 peccatum
416 4200 633 4274 commissum
653 4199 712 4272 sit:
736 4215 910 4299 propterea
927 4200 1019 4299 quod
1041 4199 1197 4274 adultera
1210 4195 1336 4299 quadem,

301 4351 351 4412 (92)
369 4352 418 4401 cit.
434 4351 494 4402 edit.
508 4351 579 4414 epist.
589 4351 696 4401 oxelx.
