<?xml version="1.0" encoding="UTF-8"?>
<!DOCTYPE html PUBLIC "-//W3C//DTD XHTML 1.0 Transitional//EN"
    "http://www.w3.org/TR/xhtml1/DTD/xhtml1-transitional.dtd">
<html xmlns="http://www.w3.org/1999/xhtml" xml:lang="en" lang="en">
 <head>
  <title>
</title>
<meta http-equiv="Content-Type" content="text/html;charset=utf-8" />
  <meta name='ocr-system' content='tesseract 3.04.00' />
  <meta name='ocr-capabilities' content='ocr_page ocr_carea ocr_par ocr_line ocrx_word'/>
</head>
<body>
  <div class='ocr_page' id='page_1' title='image "./dematrimoniochr01perrgoog_0216.png"; bbox 0 0 2796 5064; ppageno 0'>
   <div class='ocr_carea' id='block_1_1' title="bbox 187 366 1187 438">
    <p class='ocr_par' dir='ltr' id='par_1_1' title="bbox 187 366 1187 438">
     <span class='ocr_line' id='line_1_1' title="bbox 187 366 1187 438; baseline 0.002 -3"><span class='ocrx_word' id='word_1_1' title='bbox 187 383 311 435; x_wconf 67' lang='lat' dir='ltr'><strong>omn.</strong></span> <span class='ocrx_word' id='word_1_2' title='bbox 324 387 364 436; x_wconf 82' lang='lat' dir='ltr'><strong>ns</strong></span> <span class='ocrx_word' id='word_1_3' title='bbox 381 386 494 437; x_wconf 80' lang='lat' dir='ltr'><strong>uuus.</strong></span> <span class='ocrx_word' id='word_1_4' title='bbox 512 385 760 437; x_wconf 80' lang='lat' dir='ltr'><strong>usrn.1ncsus.</strong></span> <span class='ocrx_word' id='word_1_5' title='bbox 778 384 890 437; x_wconf 76' lang='lat' dir='ltr'><strong>snum.</strong></span> <span class='ocrx_word' id='word_1_6' title='bbox 908 386 1038 438; x_wconf 75' lang='lat' dir='ltr'><strong>serm-2</strong></span> <span class='ocrx_word' id='word_1_7' title='bbox 1119 366 1187 437; x_wconf 77' lang='lat' dir='ltr'><strong>tte</strong></span> 
     </span>
    </p>
   </div>
   <div class='ocr_carea' id='block_1_2' title="bbox 51 499 1192 4177">
    <p class='ocr_par' dir='ltr' id='par_1_2' title="bbox 59 499 1192 2336">
     <span class='ocr_line' id='line_1_2' title="bbox 75 499 1187 604; baseline 0.001 -26"><span class='ocrx_word' id='word_1_8' title='bbox 75 506 212 594; x_wconf 80' lang='lat' dir='ltr'><strong>duxerit,</strong></span> <span class='ocrx_word' id='word_1_9' title='bbox 227 503 445 592; x_wconf 86' lang='lat' dir='ltr'><strong>moechatur,</strong></span> <span class='ocrx_word' id='word_1_10' title='bbox 462 499 567 604; x_wconf 90' lang='lat' dir='ltr'><strong>etqui</strong></span> <span class='ocrx_word' id='word_1_11' title='bbox 590 505 766 579; x_wconf 85' lang='lat' dir='ltr'><strong>dimissam</strong></span> <span class='ocrx_word' id='word_1_12' title='bbox 778 505 929 593; x_wconf 87' lang='lat' dir='ltr'><strong>duxerit,</strong></span> <span class='ocrx_word' id='word_1_13' title='bbox 947 506 1187 595; x_wconf 63' lang='lat' dir='ltr'><strong>moechatum»</strong></span> 
     </span>
     <span class='ocr_line' id='line_1_3' title="bbox 73 620 1191 722; baseline 0.001 -28"><span class='ocrx_word' id='word_1_14' title='bbox 73 623 156 696; x_wconf 89' lang='lat' dir='ltr'><strong>haud</strong></span> <span class='ocrx_word' id='word_1_15' title='bbox 184 621 339 722; x_wconf 86' lang='lat' dir='ltr'><strong>potuisse</strong></span> <span class='ocrx_word' id='word_1_16' title='bbox 364 646 433 719; x_wconf 47' lang='lat' dir='ltr'><strong>per&gt;</strong></span> <span class='ocrx_word' id='word_1_17' title='bbox 448 621 677 720; x_wconf 76' lang='lat' dir='ltr'>exceptionem</span> <span class='ocrx_word' id='word_1_18' title='bbox 705 620 935 695; x_wconf 81' lang='lat' dir='ltr'><strong>fornicationis</strong></span> <span class='ocrx_word' id='word_1_19' title='bbox 955 623 1131 695; x_wconf 89' lang='lat' dir='ltr'><strong>restituere</strong></span> <span class='ocrx_word' id='word_1_20' title='bbox 1152 622 1191 695; x_wconf 90' lang='lat' dir='ltr'><strong>li·</strong></span> 
     </span>
     <span class='ocr_line' id='line_1_4' title="bbox 69 734 1192 836; baseline 0 -25"><span class='ocrx_word' id='word_1_21' title='bbox 69 738 190 812; x_wconf 88' lang='lat' dir='ltr'><strong>bellum</strong></span> <span class='ocrx_word' id='word_1_22' title='bbox 219 736 352 836; x_wconf 77' lang='lat' dir='ltr'><strong>repudii</strong></span> <span class='ocrx_word' id='word_1_23' title='bbox 378 734 491 810; x_wconf 88' lang='lat' dir='ltr'><strong>dendo</strong></span> <span class='ocrx_word' id='word_1_24' title='bbox 516 735 727 824; x_wconf 73' lang='lat' dir='ltr'><strong>facultatem,</strong></span> <span class='ocrx_word' id='word_1_25' title='bbox 758 737 819 810; x_wconf 91' lang='lat' dir='ltr'><strong>illa</strong></span> <span class='ocrx_word' id='word_1_26' title='bbox 848 737 1109 824; x_wconf 88' lang='lat' dir='ltr'><strong>interveniente,</strong></span> <span class='ocrx_word' id='word_1_27' title='bbox 1139 738 1192 811; x_wconf 90' lang='lat' dir='ltr'><strong>di-</strong></span> 
     </span>
     <span class='ocr_line' id='line_1_5' title="bbox 69 849 1189 953; baseline 0.003 -29"><span class='ocrx_word' id='word_1_28' title='bbox 69 851 219 925; x_wconf 89' lang='lat' dir='ltr'><strong>mittendi</strong></span> <span class='ocrx_word' id='word_1_29' title='bbox 239 877 379 925; x_wconf 81' lang='lat' dir='ltr'><strong>uxorem</strong></span> <span class='ocrx_word' id='word_1_30' title='bbox 395 849 566 950; x_wconf 85' lang='lat' dir='ltr'><strong>aliamque</strong></span> <span class='ocrx_word' id='word_1_31' title='bbox 585 851 743 925; x_wconf 88' lang='lat' dir='ltr'><strong>ducendi.</strong></span> <span class='ocrx_word' id='word_1_32' title='bbox 766 852 840 938; x_wconf 83' lang='lat' dir='ltr'><strong>Qua</strong></span> <span class='ocrx_word' id='word_1_33' title='bbox 858 853 894 924; x_wconf 91' lang='lat' dir='ltr'><strong>in</strong></span> <span class='ocrx_word' id='word_1_34' title='bbox 912 853 1092 953; x_wconf 82' lang='lat' dir='ltr'><strong>hypothesi</strong></span> <span class='ocrx_word' id='word_1_35' title='bbox 1109 879 1189 927; x_wconf 85' lang='lat' dir='ltr'><strong>cou-</strong></span> 
     </span>
     <span class='ocr_line' id='line_1_6' title="bbox 66 964 1189 1066; baseline 0.005 -27"><span class='ocrx_word' id='word_1_36' title='bbox 66 969 204 1040; x_wconf 87' lang='lat' dir='ltr'><strong>trsrium</strong></span> <span class='ocrx_word' id='word_1_37' title='bbox 230 967 305 1066; x_wconf 90' lang='lat' dir='ltr'><strong>ipse</strong></span> <span class='ocrx_word' id='word_1_38' title='bbox 331 993 369 1039; x_wconf 88' lang='lat' dir='ltr'><strong>se</strong></span> <span class='ocrx_word' id='word_1_39' title='bbox 393 964 607 1065; x_wconf 82' lang='lat' dir='ltr'><strong>praebuisset</strong></span> <span class='ocrx_word' id='word_1_40' title='bbox 631 968 679 1040; x_wconf 92' lang='lat' dir='ltr'><strong>illi</strong></span> <span class='ocrx_word' id='word_1_41' title='bbox 701 969 868 1056; x_wconf 85' lang='lat' dir='ltr'><strong>firmitati,</strong></span> <span class='ocrx_word' id='word_1_42' title='bbox 896 994 998 1066; x_wconf 85' lang='lat' dir='ltr'><strong>quam</strong></span> <span class='ocrx_word' id='word_1_43' title='bbox 1025 970 1068 1041; x_wconf 86' lang='lat' dir='ltr'><strong>eh</strong></span> <span class='ocrx_word' id='word_1_44' title='bbox 1093 969 1189 1045; x_wconf 81' lang='lat' dir='ltr'><strong>initio</strong></span> 
     </span>
     <span class='ocr_line' id='line_1_7' title="bbox 66 1084 1189 1186; baseline 0.005 -31"><span class='ocrx_word' id='word_1_45' title='bbox 66 1085 153 1158; x_wconf 85' lang='lat' dir='ltr'><strong>beus</strong></span> <span class='ocrx_word' id='word_1_46' title='bbox 167 1086 205 1156; x_wconf 94' lang='lat' dir='ltr'><strong>in</strong></span> <span class='ocrx_word' id='word_1_47' title='bbox 217 1084 375 1180; x_wconf 81' lang='lat' dir='ltr'><strong>coningio</strong></span> <span class='ocrx_word' id='word_1_48' title='bbox 397 1084 605 1172; x_wconf 83' lang='lat' dir='ltr'><strong>instituerat,</strong></span> <span class='ocrx_word' id='word_1_49' title='bbox 627 1113 797 1185; x_wconf 83' lang='lat' dir='ltr'><strong>quamque</strong></span> <span class='ocrx_word' id='word_1_50' title='bbox 821 1085 886 1159; x_wconf 92' lang='lat' dir='ltr'><strong>sibi</strong></span> <span class='ocrx_word' id='word_1_51' title='bbox 905 1085 1094 1159; x_wconf 89' lang='lat' dir='ltr'><strong>instaurare</strong></span> <span class='ocrx_word' id='word_1_52' title='bbox 1113 1113 1189 1186; x_wconf 94' lang='lat' dir='ltr'><strong>pro·</strong></span> 
     </span>
     <span class='ocr_line' id='line_1_8' title="bbox 66 1198 1190 1301; baseline 0.001 -27"><span class='ocrx_word' id='word_1_53' title='bbox 66 1217 235 1300; x_wconf 89' lang='lat' dir='ltr'><strong>posucrat.</strong></span> <span class='ocrx_word' id='word_1_54' title='bbox 261 1198 427 1287; x_wconf 84' lang='lat' dir='ltr'><strong>Quocirca</strong></span> <span class='ocrx_word' id='word_1_55' title='bbox 448 1202 513 1273; x_wconf 92' lang='lat' dir='ltr'><strong>hoc</strong></span> <span class='ocrx_word' id='word_1_56' title='bbox 534 1203 630 1300; x_wconf 90' lang='lat' dir='ltr'><strong>ipso,</strong></span> <span class='ocrx_word' id='word_1_57' title='bbox 654 1202 744 1301; x_wconf 89' lang='lat' dir='ltr'><strong>quod</strong></span> <span class='ocrx_word' id='word_1_58' title='bbox 771 1201 942 1301; x_wconf 88' lang='lat' dir='ltr'><strong>pharisaei</strong></span> <span class='ocrx_word' id='word_1_59' title='bbox 968 1202 1190 1298; x_wconf 84' lang='lat' dir='ltr'><strong>interrogave-</strong></span> 
     </span>
     <span class='ocr_line' id='line_1_9' title="bbox 65 1316 1186 1417; baseline 0 -27"><span class='ocrx_word' id='word_1_60' title='bbox 65 1334 138 1391; x_wconf 88' lang='lat' dir='ltr'><strong>mnt</strong></span> <span class='ocrx_word' id='word_1_61' title='bbox 163 1316 341 1389; x_wconf 83' lang='lat' dir='ltr'><strong>Christum</strong></span> <span class='ocrx_word' id='word_1_62' title='bbox 361 1316 404 1388; x_wconf 93' lang='lat' dir='ltr'><strong>de</strong></span> <span class='ocrx_word' id='word_1_63' title='bbox 430 1317 656 1392; x_wconf 82' lang='lat' dir='ltr'><strong>dissolutione</strong></span> <span class='ocrx_word' id='word_1_64' title='bbox 675 1317 824 1414; x_wconf 82' lang='lat' dir='ltr'><strong>coniugii</strong></span> <span class='ocrx_word' id='word_1_65' title='bbox 845 1317 960 1417; x_wconf 86' lang='lat' dir='ltr'><strong>quoad</strong></span> <span class='ocrx_word' id='word_1_66' title='bbox 989 1317 1186 1404; x_wconf 80' lang='lat' dir='ltr'><strong>vinculum,</strong></span> 
     </span>
     <span class='ocr_line' id='line_1_10' title="bbox 62 1430 1190 1532; baseline 0 -28"><span class='ocrx_word' id='word_1_67' title='bbox 62 1448 92 1504; x_wconf 88' lang='lat' dir='ltr'><strong>et</strong></span> <span class='ocrx_word' id='word_1_68' title='bbox 114 1432 254 1531; x_wconf 83' lang='lat' dir='ltr'><strong>hfoyses</strong></span> <span class='ocrx_word' id='word_1_69' title='bbox 275 1456 350 1504; x_wconf 83' lang='lat' dir='ltr'><strong>eam</strong></span> <span class='ocrx_word' id='word_1_70' title='bbox 377 1430 485 1528; x_wconf 78' lang='lat' dir='ltr'><strong>legem</strong></span> <span class='ocrx_word' id='word_1_71' title='bbox 511 1431 624 1532; x_wconf 92' lang='lat' dir='ltr'><strong>quoad</strong></span> <span class='ocrx_word' id='word_1_72' title='bbox 650 1432 823 1505; x_wconf 83' lang='lat' dir='ltr'><strong>vinculum</strong></span> <span class='ocrx_word' id='word_1_73' title='bbox 850 1431 1037 1505; x_wconf 84' lang='lat' dir='ltr'><strong>indulserat</strong></span> <span class='ocrx_word' id='word_1_74' title='bbox 1055 1431 1098 1506; x_wconf 92' lang='lat' dir='ltr'><strong>ob</strong></span> <span class='ocrx_word' id='word_1_75' title='bbox 1115 1457 1190 1506; x_wconf 92' lang='lat' dir='ltr'><strong>cor·</strong></span> 
     </span>
     <span class='ocr_line' id='line_1_11' title="bbox 63 1546 1189 1647; baseline 0.002 -29"><span class='ocrx_word' id='word_1_76' title='bbox 63 1546 112 1620; x_wconf 91' lang='lat' dir='ltr'><strong>dis</strong></span> <span class='ocrx_word' id='word_1_77' title='bbox 129 1546 318 1634; x_wconf 86' lang='lat' dir='ltr'><strong>duritiam,</strong></span> <span class='ocrx_word' id='word_1_78' title='bbox 340 1573 406 1621; x_wconf 93' lang='lat' dir='ltr'><strong>non</strong></span> <span class='ocrx_word' id='word_1_79' title='bbox 426 1547 533 1647; x_wconf 90' lang='lat' dir='ltr'><strong>potuit</strong></span> <span class='ocrx_word' id='word_1_80' title='bbox 550 1547 705 1621; x_wconf 91' lang='lat' dir='ltr'><strong>Christus</strong></span> <span class='ocrx_word' id='word_1_81' title='bbox 732 1547 800 1621; x_wconf 91' lang='lat' dir='ltr'><strong>illis</strong></span> <span class='ocrx_word' id='word_1_82' title='bbox 821 1547 954 1621; x_wconf 87' lang='lat' dir='ltr'><strong>verbis:</strong></span> <span class='ocrx_word' id='word_1_83' title='bbox 984 1551 1053 1621; x_wconf 84' lang='lat' dir='ltr'><strong>uisi</strong></span> <span class='ocrx_word' id='word_1_84' title='bbox 1068 1549 1106 1620; x_wconf 84' lang='lat' dir='ltr'><strong>oh</strong></span> <span class='ocrx_word' id='word_1_85' title='bbox 1123 1549 1189 1647; x_wconf 82' lang='lat' dir='ltr'><strong>sor·</strong></span> 
     </span>
     <span class='ocr_line' id='line_1_12' title="bbox 63 1662 1187 1762; baseline 0.003 -30"><span class='ocrx_word' id='word_1_86' title='bbox 63 1665 277 1746; x_wconf 71' lang='lat' dir='ltr'><strong>siculienses,</strong></span> <span class='ocrx_word' id='word_1_87' title='bbox 292 1662 459 1736; x_wconf 91' lang='lat' dir='ltr'><strong>eiusmodi</strong></span> <span class='ocrx_word' id='word_1_88' title='bbox 479 1662 644 1760; x_wconf 80' lang='lat' dir='ltr'><strong>flagitium</strong></span> <span class='ocrx_word' id='word_1_89' title='bbox 664 1678 833 1762; x_wconf 86' lang='lat' dir='ltr'><strong>tamquam</strong></span> <span class='ocrx_word' id='word_1_90' title='bbox 848 1662 1030 1761; x_wconf 76' lang='lat' dir='ltr'><strong>legitimam</strong></span> <span class='ocrx_word' id='word_1_91' title='bbox 1049 1688 1187 1737; x_wconf 88' lang='lat' dir='ltr'><strong>causam</strong></span> 
     </span>
     <span class='ocr_line' id='line_1_13' title="bbox 62 1776 1183 1880; baseline 0.004 -32"><span class='ocrx_word' id='word_1_92' title='bbox 62 1776 297 1851; x_wconf 85' lang='lat' dir='ltr'><strong>dissolutionis</strong></span> <span class='ocrx_word' id='word_1_93' title='bbox 321 1777 446 1851; x_wconf 79' lang='lat' dir='ltr'><strong>vinculi</strong></span> <span class='ocrx_word' id='word_1_94' title='bbox 469 1778 658 1876; x_wconf 82' lang='lat' dir='ltr'><strong>coniugalis</strong></span> <span class='ocrx_word' id='word_1_95' title='bbox 676 1778 872 1878; x_wconf 80' lang='lat' dir='ltr'><strong>assignare3</strong></span> <span class='ocrx_word' id='word_1_96' title='bbox 897 1779 1048 1880; x_wconf 92' lang='lat' dir='ltr'><strong>alioquin</strong></span> <span class='ocrx_word' id='word_1_97' title='bbox 1065 1796 1099 1854; x_wconf 89' lang='lat' dir='ltr'><strong>ct</strong></span> <span class='ocrx_word' id='word_1_98' title='bbox 1115 1779 1183 1854; x_wconf 91' lang='lat' dir='ltr'><strong>sibi</strong></span> 
     </span>
     <span class='ocr_line' id='line_1_14' title="bbox 64 1892 1180 1992; baseline 0.004 -30"><span class='ocrx_word' id='word_1_99' title='bbox 64 1892 125 1991; x_wconf 88' lang='lat' dir='ltr'><strong>ipsi</strong></span> <span class='ocrx_word' id='word_1_100' title='bbox 154 1892 278 1965; x_wconf 86' lang='lat' dir='ltr'><strong>fuisset</strong></span> <span class='ocrx_word' id='word_1_101' title='bbox 303 1894 490 1966; x_wconf 87' lang='lat' dir='ltr'><strong>contrarius</strong></span> <span class='ocrx_word' id='word_1_102' title='bbox 516 1908 550 1966; x_wconf 90' lang='lat' dir='ltr'><strong>et</strong></span> <span class='ocrx_word' id='word_1_103' title='bbox 575 1892 767 1992; x_wconf 86' lang='lat' dir='ltr'><strong>primaevae</strong></span> <span class='ocrx_word' id='word_1_104' title='bbox 797 1895 998 1968; x_wconf 90' lang='lat' dir='ltr'><strong>institutioni</strong></span> <span class='ocrx_word' id='word_1_105' title='bbox 1032 1894 1180 1968; x_wconf 85' lang='lat' dir='ltr'><strong>divinae.</strong></span> 
     </span>
     <span class='ocr_line' id='line_1_15' title="bbox 64 2005 1184 2107; baseline 0.004 -29"><span class='ocrx_word' id='word_1_106' title='bbox 64 2006 221 2080; x_wconf 83' lang='lat' dir='ltr'><strong>Permisit</strong></span> <span class='ocrx_word' id='word_1_107' title='bbox 246 2007 360 2107; x_wconf 88' lang='lat' dir='ltr'><strong>itaque</strong></span> <span class='ocrx_word' id='word_1_108' title='bbox 383 2005 427 2080; x_wconf 98' lang='lat' dir='ltr'><strong>ob</strong></span> <span class='ocrx_word' id='word_1_109' title='bbox 453 2008 705 2081; x_wconf 78' lang='lat' dir='ltr'><strong>fornicationem</strong></span> <span class='ocrx_word' id='word_1_110' title='bbox 732 2035 868 2083; x_wconf 85' lang='lat' dir='ltr'><strong>uxorem</strong></span> <span class='ocrx_word' id='word_1_111' title='bbox 894 2009 1083 2095; x_wconf 89' lang='lat' dir='ltr'><strong>dimittere,</strong></span> <span class='ocrx_word' id='word_1_112' title='bbox 1111 2009 1184 2083; x_wconf 84' lang='lat' dir='ltr'><strong>vin-</strong></span> 
     </span>
     <span class='ocr_line' id='line_1_16' title="bbox 59 2120 1187 2224; baseline 0.006 -30"><span class='ocrx_word' id='word_1_113' title='bbox 59 2120 133 2195; x_wconf 87' lang='lat' dir='ltr'><strong>culo</strong></span> <span class='ocrx_word' id='word_1_114' title='bbox 159 2138 274 2195; x_wconf 83' lang='lat' dir='ltr'><strong>tamen</strong></span> <span class='ocrx_word' id='word_1_115' title='bbox 300 2122 448 2219; x_wconf 78' lang='lat' dir='ltr'><strong>coniugii</strong></span> <span class='ocrx_word' id='word_1_116' title='bbox 475 2142 717 2222; x_wconf 90' lang='lat' dir='ltr'><strong>permanente,</strong></span> <span class='ocrx_word' id='word_1_117' title='bbox 753 2152 814 2198; x_wconf 90' lang='lat' dir='ltr'><strong>seu</strong></span> <span class='ocrx_word' id='word_1_118' title='bbox 839 2125 994 2224; x_wconf 88' lang='lat' dir='ltr'><strong>permisit</strong></span> <span class='ocrx_word' id='word_1_119' title='bbox 1020 2125 1187 2201; x_wconf 82' lang='lat' dir='ltr'><strong>dimittere</strong></span> 
     </span>
     <span class='ocr_line' id='line_1_17' title="bbox 61 2236 1182 2336; baseline 0.003 -27"><span class='ocrx_word' id='word_1_120' title='bbox 61 2239 158 2311; x_wconf 89' lang='lat' dir='ltr'><strong>unice</strong></span> <span class='ocrx_word' id='word_1_121' title='bbox 183 2236 299 2336; x_wconf 86' lang='lat' dir='ltr'><strong>quoad</strong></span> <span class='ocrx_word' id='word_1_122' title='bbox 323 2254 435 2311; x_wconf 90' lang='lat' dir='ltr'><strong>torum</strong></span> <span class='ocrx_word' id='word_1_123' title='bbox 464 2255 496 2312; x_wconf 94' lang='lat' dir='ltr'><strong>ct</strong></span> <span class='ocrx_word' id='word_1_124' title='bbox 520 2239 814 2314; x_wconf 85' lang='lat' dir='ltr'><strong>cohabitationem.</strong></span> <span class='ocrx_word' id='word_1_125' title='bbox 1178 2294 1182 2301; x_wconf 80' lang='lat'>·</span> 
     </span>
    </p>

    <p class='ocr_par' dir='ltr' id='par_1_3' title="bbox 57 2351 1185 3492">
     <span class='ocr_line' id='line_1_18' title="bbox 129 2351 1184 2454; baseline 0.004 -30"><span class='ocrx_word' id='word_1_126' title='bbox 129 2351 182 2424; x_wconf 76' lang='lat' dir='ltr'><strong>Ad</strong></span> <span class='ocrx_word' id='word_1_127' title='bbox 212 2352 297 2426; x_wconf 85' lang='lat' dir='ltr'><strong>haec</strong></span> <span class='ocrx_word' id='word_1_128' title='bbox 321 2354 470 2442; x_wconf 84' lang='lat' dir='ltr'><strong>accedit,</strong></span> <span class='ocrx_word' id='word_1_129' title='bbox 495 2355 587 2454; x_wconf 91' lang='lat' dir='ltr'><strong>quod</strong></span> <span class='ocrx_word' id='word_1_130' title='bbox 613 2356 642 2428; x_wconf 94' lang='lat' dir='ltr'><strong>si</strong></span> <span class='ocrx_word' id='word_1_131' title='bbox 661 2355 816 2429; x_wconf 90' lang='lat' dir='ltr'><strong>Christus</strong></span> <span class='ocrx_word' id='word_1_132' title='bbox 836 2356 880 2428; x_wconf 89' lang='lat' dir='ltr'><strong>dc</strong></span> <span class='ocrx_word' id='word_1_133' title='bbox 900 2357 1093 2429; x_wconf 88' lang='lat' dir='ltr'><strong>omnimoda</strong></span> <span class='ocrx_word' id='word_1_134' title='bbox 1109 2356 1184 2429; x_wconf 85' lang='lat' dir='ltr'><strong>vin-</strong></span> 
     </span>
     <span class='ocr_line' id='line_1_19' title="bbox 58 2467 1182 2570; baseline 0.002 -31"><span class='ocrx_word' id='word_1_135' title='bbox 58 2467 123 2539; x_wconf 88' lang='lat' dir='ltr'><strong>culi</strong></span> <span class='ocrx_word' id='word_1_136' title='bbox 135 2467 361 2541; x_wconf 91' lang='lat' dir='ltr'><strong>dissolutione</strong></span> <span class='ocrx_word' id='word_1_137' title='bbox 378 2468 509 2542; x_wconf 90' lang='lat' dir='ltr'><strong>locutus</strong></span> <span class='ocrx_word' id='word_1_138' title='bbox 528 2470 649 2543; x_wconf 91' lang='lat' dir='ltr'><strong>fuisset</strong></span> <span class='ocrx_word' id='word_1_139' title='bbox 662 2470 696 2542; x_wconf 92' lang='lat' dir='ltr'><strong>in</strong></span> <span class='ocrx_word' id='word_1_140' title='bbox 711 2471 820 2569; x_wconf 89' lang='lat' dir='ltr'><strong>primo</strong></span> <span class='ocrx_word' id='word_1_141' title='bbox 837 2471 995 2545; x_wconf 81' lang='lat' dir='ltr'><strong>versiculi</strong></span> <span class='ocrx_word' id='word_1_142' title='bbox 1011 2474 1045 2543; x_wconf 84' lang='lat'><strong>9.</strong></span> <span class='ocrx_word' id='word_1_143' title='bbox 1068 2471 1182 2570; x_wconf 55' lang='lat' dir='ltr'><strong>hemps</strong></span> 
     </span>
     <span class='ocr_line' id='line_1_20' title="bbox 59 2582 1183 2684; baseline 0.001 -30"><span class='ocrx_word' id='word_1_144' title='bbox 59 2583 208 2656; x_wconf 89' lang='lat' dir='ltr'><strong>stichio:</strong></span> <span class='ocrx_word' id='word_1_145' title='bbox 239 2582 443 2682; x_wconf 80' lang='lat' dir='ltr'><strong>Quicumque</strong></span> <span class='ocrx_word' id='word_1_146' title='bbox 463 2582 626 2656; x_wconf 76' lang='lat' dir='ltr'><strong>dt&#39;miserit</strong></span> <span class='ocrx_word' id='word_1_147' title='bbox 649 2612 785 2658; x_wconf 76' lang='lat' dir='ltr'><strong>osorem</strong></span> <span class='ocrx_word' id='word_1_148' title='bbox 813 2612 928 2669; x_wconf 85' lang='lat' dir='ltr'><strong>soom,</strong></span> <span class='ocrx_word' id='word_1_149' title='bbox 956 2588 1024 2657; x_wconf 72' lang='lat' dir='ltr'><strong>stet</strong></span> <span class='ocrx_word' id='word_1_150' title='bbox 1052 2586 1091 2656; x_wconf 87' lang='lat' dir='ltr'><strong>ob</strong></span> <span class='ocrx_word' id='word_1_151' title='bbox 1112 2587 1183 2684; x_wconf 70' lang='lat' dir='ltr'><strong>sor-</strong></span> 
     </span>
     <span class='ocr_line' id='line_1_21' title="bbox 59 2698 1185 2799; baseline 0.004 -33"><span class='ocrx_word' id='word_1_152' title='bbox 59 2700 273 2781; x_wconf 82' lang='lat' dir='ltr'><strong>oicotionem‚</strong></span> <span class='ocrx_word' id='word_1_153' title='bbox 301 2722 377 2769; x_wconf 90' lang='lat' dir='ltr'><strong>cum</strong></span> <span class='ocrx_word' id='word_1_154' title='bbox 404 2698 439 2769; x_wconf 91' lang='lat' dir='ltr'><strong>in</strong></span> <span class='ocrx_word' id='word_1_155' title='bbox 461 2698 526 2771; x_wconf 91' lang='lat' dir='ltr'><strong>hac</strong></span> <span class='ocrx_word' id='word_1_156' title='bbox 552 2699 734 2799; x_wconf 82' lang='lat' dir='ltr'><strong>hypothesi</strong></span> <span class='ocrx_word' id='word_1_157' title='bbox 753 2702 820 2773; x_wconf 93' lang='lat' dir='ltr'><strong>iam</strong></span> <span class='ocrx_word' id='word_1_158' title='bbox 846 2698 1185 2798; x_wconf 85' lang='lat' dir='ltr'><strong>comprehenderetur</strong></span> 
     </span>
     <span class='ocr_line' id='line_1_22' title="bbox 60 2812 1183 2916; baseline -0.001 -31"><span class='ocrx_word' id='word_1_159' title='bbox 60 2813 203 2887; x_wconf 89' lang='lat' dir='ltr'><strong>facultas</strong></span> <span class='ocrx_word' id='word_1_160' title='bbox 223 2812 363 2886; x_wconf 82' lang='lat' dir='ltr'><strong>alteram</strong></span> <span class='ocrx_word' id='word_1_161' title='bbox 383 2814 529 2887; x_wconf 87' lang='lat' dir='ltr'><strong>ducendi</strong></span> <span class='ocrx_word' id='word_1_162' title='bbox 548 2841 704 2903; x_wconf 81' lang='lat' dir='ltr'><strong>uxorem,</strong></span> <span class='ocrx_word' id='word_1_163' title='bbox 731 2817 900 2916; x_wconf 88' lang='lat' dir='ltr'><strong>superflue</strong></span> <span class='ocrx_word' id='word_1_164' title='bbox 924 2815 1130 2887; x_wconf 90' lang='lat' dir='ltr'><strong>addidisset:</strong></span> <span class='ocrx_word' id='word_1_165' title='bbox 1153 2827 1183 2885; x_wconf 87' lang='lat' dir='ltr'><strong>et</strong></span> 
     </span>
     <span class='ocr_line' id='line_1_23' title="bbox 58 2929 1184 3029; baseline 0 -28"><span class='ocrx_word' id='word_1_166' title='bbox 58 2931 162 3003; x_wconf 82' lang='lat' dir='ltr'><strong>olium</strong></span> <span class='ocrx_word' id='word_1_167' title='bbox 184 2929 344 3014; x_wconf 55' lang='lat' dir='ltr'><strong>duxerim</strong></span> <span class='ocrx_word' id='word_1_168' title='bbox 372 2956 450 3002; x_wconf 92' lang='lat' dir='ltr'><strong>nam</strong></span> <span class='ocrx_word' id='word_1_169' title='bbox 482 2931 515 3002; x_wconf 91' lang='lat' dir='ltr'><strong>id</strong></span> <span class='ocrx_word' id='word_1_170' title='bbox 542 2931 654 3029; x_wconf 89' lang='lat' dir='ltr'><strong>ipsum</strong></span> <span class='ocrx_word' id='word_1_171' title='bbox 682 2932 749 3004; x_wconf 90' lang='lat' dir='ltr'><strong>iam</strong></span> <span class='ocrx_word' id='word_1_172' title='bbox 771 2932 913 3004; x_wconf 78' lang='lat' dir='ltr'><strong>dixisset</strong></span> <span class='ocrx_word' id='word_1_173' title='bbox 934 2929 1184 3029; x_wconf 83' lang='lat' dir='ltr'><strong>aequivalenter</strong></span> 
     </span>
     <span class='ocr_line' id='line_1_24' title="bbox 59 3044 1182 3146; baseline -0.001 -28"><span class='ocrx_word' id='word_1_174' title='bbox 59 3045 229 3145; x_wconf 87' lang='lat' dir='ltr'><strong>prioribus</strong></span> <span class='ocrx_word' id='word_1_175' title='bbox 254 3044 379 3119; x_wconf 85' lang='lat' dir='ltr'><strong>verbis.</strong></span> <span class='ocrx_word' id='word_1_176' title='bbox 400 3047 449 3118; x_wconf 92' lang='lat' dir='ltr'><strong>Nc</strong></span> <span class='ocrx_word' id='word_1_177' title='bbox 473 3046 576 3143; x_wconf 85' lang='lat' dir='ltr'><strong>igitur</strong></span> <span class='ocrx_word' id='word_1_178' title='bbox 597 3073 848 3146; x_wconf 81' lang='lat' dir='ltr'><strong>supervacanea</strong></span> <span class='ocrx_word' id='word_1_179' title='bbox 867 3046 1031 3119; x_wconf 89' lang='lat' dir='ltr'><strong>eiusmodi</strong></span> <span class='ocrx_word' id='word_1_180' title='bbox 1053 3044 1182 3118; x_wconf 90' lang='lat' dir='ltr'><strong>additio</strong></span> 
     </span>
     <span class='ocr_line' id='line_1_25' title="bbox 58 3160 1181 3263; baseline 0 -30"><span class='ocrx_word' id='word_1_181' title='bbox 58 3161 274 3248; x_wconf 89' lang='lat' dir='ltr'><strong>admittatur,</strong></span> <span class='ocrx_word' id='word_1_182' title='bbox 302 3162 495 3236; x_wconf 86' lang='lat' dir='ltr'><strong>necessario</strong></span> <span class='ocrx_word' id='word_1_183' title='bbox 521 3164 674 3263; x_wconf 80' lang='lat' dir='ltr'><strong>sequitur</strong></span> <span class='ocrx_word' id='word_1_184' title='bbox 698 3165 809 3263; x_wconf 91' lang='lat' dir='ltr'><strong>prima</strong></span> <span class='ocrx_word' id='word_1_185' title='bbox 835 3163 936 3238; x_wconf 88' lang='lat' dir='ltr'><strong>verba</strong></span> <span class='ocrx_word' id='word_1_186' title='bbox 963 3160 1181 3259; x_wconf 83' lang='lat' dir='ltr'><strong>intelligendu</strong></span> 
     </span>
     <span class='ocr_line' id='line_1_26' title="bbox 57 3276 1182 3377; baseline -0.001 -26"><span class='ocrx_word' id='word_1_187' title='bbox 57 3304 131 3352; x_wconf 88' lang='lat' dir='ltr'><strong>csse</strong></span> <span class='ocrx_word' id='word_1_188' title='bbox 159 3276 206 3350; x_wconf 90' lang='lat' dir='ltr'><strong>de</strong></span> <span class='ocrx_word' id='word_1_189' title='bbox 225 3277 412 3350; x_wconf 84' lang='lat' dir='ltr'><strong>dimissione</strong></span> <span class='ocrx_word' id='word_1_190' title='bbox 430 3278 542 3377; x_wconf 89' lang='lat' dir='ltr'><strong>quoad</strong></span> <span class='ocrx_word' id='word_1_191' title='bbox 561 3296 669 3353; x_wconf 89' lang='lat' dir='ltr'><strong>torum</strong></span> <span class='ocrx_word' id='word_1_192' title='bbox 691 3298 725 3352; x_wconf 91' lang='lat' dir='ltr'><strong>et</strong></span> <span class='ocrx_word' id='word_1_193' title='bbox 750 3280 1017 3366; x_wconf 86' lang='lat' dir='ltr'><strong>habitationem,</strong></span> <span class='ocrx_word' id='word_1_194' title='bbox 1039 3304 1106 3352; x_wconf 89' lang='lat' dir='ltr'><strong>non</strong></span> <span class='ocrx_word' id='word_1_195' title='bbox 1124 3304 1182 3350; x_wconf 89' lang='lat' dir='ltr'><strong>au-</strong></span> 
     </span>
     <span class='ocr_line' id='line_1_27' title="bbox 57 3393 573 3492; baseline 0.002 -26"><span class='ocrx_word' id='word_1_196' title='bbox 57 3410 120 3467; x_wconf 88' lang='lat' dir='ltr'><strong>tem</strong></span> <span class='ocrx_word' id='word_1_197' title='bbox 148 3393 265 3492; x_wconf 89' lang='lat' dir='ltr'><strong>quoad</strong></span> <span class='ocrx_word' id='word_1_198' title='bbox 290 3393 462 3466; x_wconf 81' lang='lat' dir='ltr'><strong>vinculum</strong></span> <span class='ocrx_word' id='word_1_199' title='bbox 484 3398 573 3490; x_wconf 76' lang='grc'>(95).</span> 
     </span>
    </p>

    <p class='ocr_par' dir='ltr' id='par_1_4' title="bbox 51 3511 1179 4177">
     <span class='ocr_line' id='line_1_28' title="bbox 127 3511 1179 3609; baseline -0.002 -26"><span class='ocrx_word' id='word_1_200' title='bbox 127 3513 164 3583; x_wconf 82' lang='grc'><strong>3.</strong></span> <span class='ocrx_word' id='word_1_201' title='bbox 194 3511 319 3609; x_wconf 85' lang='lat' dir='ltr'><strong>Reipsa</strong></span> <span class='ocrx_word' id='word_1_202' title='bbox 345 3536 538 3607; x_wconf 80' lang='lat' dir='ltr'><strong>germanam</strong></span> <span class='ocrx_word' id='word_1_203' title='bbox 565 3511 651 3584; x_wconf 91' lang='lat' dir='ltr'><strong>hanc</strong></span> <span class='ocrx_word' id='word_1_204' title='bbox 673 3537 750 3585; x_wconf 91' lang='lat' dir='ltr'><strong>esse</strong></span> <span class='ocrx_word' id='word_1_205' title='bbox 775 3512 899 3586; x_wconf 86' lang='lat' dir='ltr'><strong>Christi</strong></span> <span class='ocrx_word' id='word_1_206' title='bbox 919 3511 1120 3585; x_wconf 88' lang='lat' dir='ltr'><strong>sententiam</strong></span> <span class='ocrx_word' id='word_1_207' title='bbox 1137 3535 1179 3582; x_wconf 84' lang='lat' dir='ltr'><strong>cx</strong></span> 
     </span>
     <span class='ocr_line' id='line_1_29' title="bbox 57 3626 1173 3728; baseline -0.001 -30"><span class='ocrx_word' id='word_1_208' title='bbox 57 3628 205 3713; x_wconf 88' lang='lat' dir='ltr'><strong>ratione,</strong></span> <span class='ocrx_word' id='word_1_209' title='bbox 234 3652 302 3725; x_wconf 90' lang='lat' dir='ltr'><strong>qua</strong></span> <span class='ocrx_word' id='word_1_210' title='bbox 326 3652 400 3698; x_wconf 90' lang='lat' dir='ltr'><strong>eam</strong></span> <span class='ocrx_word' id='word_1_211' title='bbox 426 3626 659 3699; x_wconf 82' lang='lat' dir='ltr'><strong>intellexerunt</strong></span> <span class='ocrx_word' id='word_1_212' title='bbox 682 3629 859 3728; x_wconf 91' lang='lat' dir='ltr'><strong>discipuli,</strong></span> <span class='ocrx_word' id='word_1_213' title='bbox 886 3628 1102 3702; x_wconf 91' lang='lat' dir='ltr'><strong>manifestum</strong></span> <span class='ocrx_word' id='word_1_214' title='bbox 1124 3627 1173 3698; x_wconf 86' lang='lat' dir='ltr'><strong>fit.</strong></span> 
     </span>
     <span class='ocr_line' id='line_1_30' title="bbox 57 3741 1178 3842; baseline 0.004 -32"><span class='ocrx_word' id='word_1_215' title='bbox 57 3741 138 3814; x_wconf 86' lang='lat' dir='ltr'><strong>Nem</strong></span> <span class='ocrx_word' id='word_1_216' title='bbox 165 3767 243 3815; x_wconf 92' lang='lat' dir='ltr'><strong>cum</strong></span> <span class='ocrx_word' id='word_1_217' title='bbox 266 3741 437 3814; x_wconf 86' lang='lat' dir='ltr'><strong>Christum</strong></span> <span class='ocrx_word' id='word_1_218' title='bbox 464 3743 529 3842; x_wconf 93' lang='lat' dir='ltr'><strong>ipsi</strong></span> <span class='ocrx_word' id='word_1_219' title='bbox 555 3744 730 3817; x_wconf 90' lang='lat' dir='ltr'><strong>audissent</strong></span> <span class='ocrx_word' id='word_1_220' title='bbox 751 3744 936 3818; x_wconf 87' lang='lat' dir='ltr'><strong>dicentem:</strong></span> <span class='ocrx_word' id='word_1_221' title='bbox 964 3744 1178 3841; x_wconf 82' lang='lat' dir='ltr'><strong>Quicumque</strong></span> 
     </span>
     <span class='ocr_line' id='line_1_31' title="bbox 52 3854 1178 3958; baseline 0 -31"><span class='ocrx_word' id='word_1_222' title='bbox 52 3854 156 3930; x_wconf 84' lang='lat' dir='ltr'><strong>aliam</strong></span> <span class='ocrx_word' id='word_1_223' title='bbox 182 3856 316 3930; x_wconf 85' lang='lat' dir='ltr'><strong>duxerit</strong></span> <span class='ocrx_word' id='word_1_224' title='bbox 340 3883 479 3929; x_wconf 84' lang='lat' dir='ltr'><strong>uxorem</strong></span> <span class='ocrx_word' id='word_1_225' title='bbox 505 3859 608 3956; x_wconf 91' lang='lat' dir='ltr'><strong>priori</strong></span> <span class='ocrx_word' id='word_1_226' title='bbox 635 3858 802 3945; x_wconf 89' lang='lat' dir='ltr'><strong>dimissa,</strong></span> <span class='ocrx_word' id='word_1_227' title='bbox 831 3876 864 3932; x_wconf 91' lang='lat' dir='ltr'><strong>et</strong></span> <span class='ocrx_word' id='word_1_228' title='bbox 889 3859 947 3958; x_wconf 88' lang='lat' dir='ltr'><strong>qui</strong></span> <span class='ocrx_word' id='word_1_229' title='bbox 969 3858 1103 3930; x_wconf 86' lang='lat' dir='ltr'><strong>duxerit</strong></span> <span class='ocrx_word' id='word_1_230' title='bbox 1127 3856 1178 3927; x_wconf 93' lang='lat' dir='ltr'><strong>di·</strong></span> 
     </span>
     <span class='ocr_line' id='line_1_32' title="bbox 52 3971 1178 4063; baseline -0.001 -19"><span class='ocrx_word' id='word_1_231' title='bbox 52 3973 196 4047; x_wconf 88' lang='lat' dir='ltr'><strong>missam</strong></span> <span class='ocrx_word' id='word_1_232' title='bbox 213 3973 314 4046; x_wconf 90' lang='lat' dir='ltr'><strong>etiam</strong></span> <span class='ocrx_word' id='word_1_233' title='bbox 332 3974 376 4047; x_wconf 90' lang='lat' dir='ltr'><strong>cb</strong></span> <span class='ocrx_word' id='word_1_234' title='bbox 398 3973 651 4047; x_wconf 87' lang='lat' dir='ltr'><strong>fornicationem</strong></span> <span class='ocrx_word' id='word_1_235' title='bbox 667 3975 861 4063; x_wconf 90' lang='lat' dir='ltr'><strong>moechari,</strong></span> <span class='ocrx_word' id='word_1_236' title='bbox 885 3975 975 4049; x_wconf 87' lang='lat' dir='ltr'><strong>illico</strong></span> <span class='ocrx_word' id='word_1_237' title='bbox 998 3973 1109 4046; x_wconf 90' lang='lat' dir='ltr'><strong>mirati</strong></span> <span class='ocrx_word' id='word_1_238' title='bbox 1129 3971 1178 4044; x_wconf 69' lang='lat' dir='ltr'><strong>di-</strong></span> 
     </span>
     <span class='ocr_line' id='line_1_33' title="bbox 51 4089 1178 4177; baseline -0.004 -12"><span class='ocrx_word' id='word_1_239' title='bbox 51 4104 200 4164; x_wconf 81' lang='lat' dir='ltr'><strong>xerunt:</strong></span> <span class='ocrx_word' id='word_1_240' title='bbox 230 4090 299 4160; x_wconf 75' lang='lat' dir='ltr'><strong>«Si</strong></span> <span class='ocrx_word' id='word_1_241' title='bbox 325 4089 373 4162; x_wconf 89' lang='lat' dir='ltr'><strong>ita</strong></span> <span class='ocrx_word' id='word_1_242' title='bbox 395 4105 448 4163; x_wconf 89' lang='lat' dir='ltr'><strong>est</strong></span> <span class='ocrx_word' id='word_1_243' title='bbox 471 4115 576 4163; x_wconf 85' lang='lat' dir='ltr'><strong>causa</strong></span> <span class='ocrx_word' id='word_1_244' title='bbox 601 4089 748 4165; x_wconf 89' lang='lat' dir='ltr'><strong>hominis</strong></span> <span class='ocrx_word' id='word_1_245' title='bbox 770 4117 847 4165; x_wconf 90' lang='lat' dir='ltr'><strong>cum</strong></span> <span class='ocrx_word' id='word_1_246' title='bbox 873 4116 996 4177; x_wconf 82' lang='lat' dir='ltr'><strong>uxore,</strong></span> <span class='ocrx_word' id='word_1_247' title='bbox 1026 4115 1093 4163; x_wconf 89' lang='lat' dir='ltr'><strong>uon</strong></span> <span class='ocrx_word' id='word_1_248' title='bbox 1118 4112 1178 4161; x_wconf 81' lang='lat' dir='ltr'><strong>ex·</strong></span> 
     </span>
    </p>
   </div>
   <div class='ocr_carea' id='block_1_3' title="bbox 128 4346 1043 4440">
    <p class='ocr_par' dir='ltr' id='par_1_5' title="bbox 128 4346 1043 4440">
     <span class='ocr_line' id='line_1_34' title="bbox 128 4346 1043 4440; baseline -0.003 -14"><span class='ocrx_word' id='word_1_249' title='bbox 128 4374 181 4438; x_wconf 75' lang='lat' dir='ltr'><strong>ros)</strong></span> <span class='ocrx_word' id='word_1_250' title='bbox 196 4374 429 4428; x_wconf 70' lang='lat' dir='ltr'><strong>casamentum</strong></span> <span class='ocrx_word' id='word_1_251' title='bbox 447 4373 676 4435; x_wconf 75' lang='lat' dir='ltr'><strong>cm.··rur.,oan.</strong></span> <span class='ocrx_word' id='word_1_252' title='bbox 691 4377 800 4428; x_wconf 82' lang='lat' dir='ltr'><strong>mun</strong></span> <span class='ocrx_word' id='word_1_253' title='bbox 813 4346 908 4428; x_wconf 72' lang='lat' dir='ltr'><strong>mut</strong></span> <span class='ocrx_word' id='word_1_254' title='bbox 921 4388 974 4440; x_wconf 68' lang='lat' dir='ltr'><strong>pag.</strong></span> <span class='ocrx_word' id='word_1_255' title='bbox 989 4377 1043 4426; x_wconf 79' lang='lat' dir='ltr'><strong>or.</strong></span> 
     </span>
    </p>
   </div>
   <div class='ocr_carea' id='block_1_4' title="bbox 0 0 1402 5064">
    <p class='ocr_par' dir='ltr' id='par_1_6' title="bbox 0 0 1402 5064">
     <span class='ocr_line' id='line_1_35' title="bbox 0 0 1402 5064; baseline 0 1"><span class='ocrx_word' id='word_1_256' title='bbox 0 0 1402 5064; x_wconf 95' lang='lat' dir='ltr'><strong> </strong></span> 
     </span>
    </p>
   </div>
  </div>
 </body>
</html>
