2796 5064
145 390 213 443 cur.
227 390 253 442 ι.
268 391 309 442 ou
327 390 439 443 iunias
451 389 547 440 narn.
561 389 667 441 aanor.
679 388 753 441 rnna
771 389 926 440 urrunnu.
940 391 1010 442 rur.
1024 392 1047 442 ι.
1109 371 1177 441 129

80 507 187 609 lltique
203 509 280 582 fieri
298 508 334 580 id
352 523 462 608 potest
478 509 513 580 in
530 509 574 581 iis
598 509 657 608 qui
682 508 754 582 solo
781 506 962 596 instinctu,
990 510 1182 609 cupiditati-

76 623 194 724 busque
219 640 401 721 raguntur‚
421 650 489 697 non
513 639 624 697 autem
651 623 799 710 inillis,
828 625 887 723 qui
914 624 1056 699 rationis
1083 626 1183 700 obse-

71 757 212 839 quuntur
227 739 420 826 dictamini,
444 757 542 841 prout
564 741 718 813 homines
741 742 852 828 decet,
878 743 935 840 qui
962 741 1035 838 lege
1061 742 1179 817 morali

70 870 226 930 tenentur.
249 856 339 943 Quot
355 857 555 930 tentationes
574 883 734 955 superare
753 855 908 929 homines
921 857 1044 930 debent
1062 859 1096 929 in
1115 874 1178 947 tot,

68 972 183 1070 quibus
213 988 427 1073 premuntur,
453 971 739 1045 difficultatibus?
756 972 914 1073 Alioquin
939 969 1030 1045 viam
1055 971 1182 1049 latissi-

66 1112 144 1159 nam
171 1087 332 1160 omnibns
358 1086 567 1161 facinoribus
594 1088 725 1187 aperire
755 1087 973 1174 deberemus,
1003 1113 1047 1161 ne
1072 1087 1181 1161 homi-

66 1228 114 1276 nes
138 1201 387 1276 tentationibus
413 1192 663 1277 obiicerentur:
690 1201 780 1302 quod
804 1228 903 1276 namo
928 1229 1033 1276 sanus
1059 1203 1182 1277 dixerit

64 1344 232 1419 nmquam.

125 1433 301 1508 Omnibus
326 1434 429 1531 igitur
453 1434 516 1506 rite
542 1435 718 1536 perpensis
737 1450 829 1534 patet
847 1436 1054 1508 matrimonii
1077 1435 1182 1510 indis·

64 1550 300 1625 solubilitatem
332 1577 400 1624 non
431 1576 508 1625 esse
536 1550 674 1651 quidem
705 1566 844 1625 naturae
870 1568 1084 1651 praeceptum
1112 1553 1181 1653 pri·

65 1668 231 1754 narium,
260 1667 322 1741 sed
348 1665 494 1741 naturali
526 1667 590 1738 iuri
616 1692 815 1764 congruere,
849 1668 948 1768 eique
979 1667 1079 1767 plane
1104 1694 1181 1742 esse

63 1781 280 1854 conformem:
308 1781 411 1853 immo
436 1795 469 1852 et
493 1780 536 1853 ab
562 1780 679 1854 eodem
710 1782 784 1854 iure
810 1782 1012 1856 secundario
1042 1783 1180 1857 omnino

64 1898 236 1994 pmllnere.
256 1897 292 1968 Si
311 1922 365 1969 res
382 1896 428 1969 ita
447 1911 671 1994 temperetur,
691 1897 847 1970 diuersae
867 1892 1120 1996 theologorum,
1142 1914 1180 1973 ut

62 2009 225 2097 diximus,
248 2012 436 2085 sententiae
454 2012 628 2086 conciliari
648 2029 810 2111 possunt:
832 2039 911 2085 nam
930 2014 1030 2086 etiam
1049 2014 1099 2101 ii,
1120 2014 1179 2113 qui

63 2125 186 2225 exlege
204 2127 354 2228 positiva
371 2127 704 2201 indissolubilitatem
717 2127 867 2225 coniugii
883 2145 1079 2230 arcessunt,
1099 2153 1180 2202 con-

61 2242 178 2315 cedunt
200 2242 340 2315 tandem
365 2243 481 2342 aliquo
497 2243 600 2316 modo
616 2235 691 2314 eam
709 2242 810 2315 etiam
829 2270 850 2315 a
869 2242 941 2340 lege
968 2259 1108 2318 naturae
1125 2245 1178 2316 di-

59 2381 203 2430 manare.
226 2357 315 2430 Sane
337 2357 489 2430 Sanchez
511 2359 584 2452 (40)
605 2382 672 2430 non
693 2355 795 2428 modo
813 2382 879 2429 non
900 2357 1090 2446 inficiatur,
1116 2356 1177 2431 sed

59 2488 167 2572 aperte
193 2471 295 2544 etiam
322 2471 667 2572 fateturueliqualem
695 2472 1017 2571 inseparabilitatem
1043 2473 1177 2547 essedo

57 2603 175 2661 notura
189 2589 409 2674 matrimonii,
431 2602 464 2662 et
480 2588 528 2660 ita
543 2605 732 2688 competere
750 2588 851 2660 etiam
871 2589 1088 2662 matrimonio
1104 2606 1175 2664 rato

57 2702 94 2776 de
120 2705 197 2777 iure
221 2704 338 2777 divino
364 2719 397 2776 et
422 2704 668 2777 naturali....ct
685 2705 732 2777 ita
751 2721 840 2777 tenet
857 2704 958 2775 etiam
976 2730 1005 2776 s.
1028 2704 1174 2778 Thomas

62 2820 92 2890 l.
112 2820 149 2892 d.
174 2821 233 2892 33.
255 2846 291 2919 q.
311 2822 345 2892 2.
362 2834 425 2892 art.
444 2822 479 2891 1.
496 2820 718 2893 bellarminus
744 2819 803 2891 lib.
821 2822 855 2891 l.
872 2821 921 2892 De
946 2834 1043 2891 matr.
1061 2846 1092 2892 c.
1113 2823 1171 2891 l.»

56 2933 101 3007 lta
122 2933 269 3035 quidem
297 2935 373 3033 ipse
398 2962 432 3006 n.
455 2936 490 3007 7.
514 2950 548 3008 et
571 2962 705 3008 rursum
725 2944 766 3006 n.
790 2936 848 3007 10.
874 2933 1007 3008 subdit:
1028 2965 1045 3003 a
1065 2936 1174 3008 llatri·

54 3049 201 3123 monium
228 3076 270 3122 ex
296 3075 333 3122 se
359 3066 411 3122 est
434 3048 605 3122 uinculum
638 3065 835 3149 perpetuum
862 3046 976 3121 nisia
1001 3050 1173 3148 superiore

53 3189 153 3239 causa
171 3164 388 3236 dirimatur»
400 3164 474 3237 Dici
493 3164 609 3264 itaque
626 3179 737 3263 potest
753 3164 1015 3264 discrepantiam
1039 3181 1173 3238 sentcn-

52 3280 113 3355 tiae
138 3280 228 3354 inter
254 3278 425 3376 theologos
450 3278 516 3352 hae
542 3278 585 3352 da
615 3306 650 3352 ro
683 3295 809 3352 tantam
841 3306 907 3352 non
939 3306 1016 3352 osse
1045 3297 1173 3379 quanta

52 3395 158 3495 prium
184 3395 294 3468 fronte
319 3410 468 3494 apparet.
491 3392 588 3479 Quod
614 3419 694 3467 vero
724 3395 841 3467 attinet
872 3395 915 3466 ad
946 3394 1172 3493 pseudo-phi·
1289 3403 1293 3412 ’

51 3509 227 3610 losoplios,
256 3510 315 3608 qui
342 3509 675 3583 indissolubilitatom
700 3509 811 3608 ipsam
837 3506 1055 3608 impugnant,
1086 3511 1170 3584 satis

50 3627 197 3699 uidimus
223 3624 439 3698 difficultates
465 3651 552 3726 quas
578 3624 627 3696 illi
656 3641 771 3697 contra
800 3624 948 3722 coniugii
977 3623 1169 3699 firmitatem

48 3754 243 3841 opponunt,
277 3767 344 3814 non
370 3767 390 3812 a
415 3757 506 3813 recta
539 3740 669 3813 rationo
702 3739 874 3838 depromi,
910 3737 970 3813 sed
1004 3766 1044 3812 ex
1074 3741 1170 3839 cupi-

48 3856 235 3943 ditatibus,
273 3872 331 3929 aut
363 3882 403 3928 ex
436 3870 616 3955 systemate
653 3855 894 3953 potissimum,
927 3854 1018 3953 quod
1050 3872 1170 3928 vocant

49 3971 227 4057 militando,
257 3995 347 4069 quae
373 3969 514 4069 proinde
547 3969 638 4042 nullo
671 3970 706 4040 in
741 3971 848 4067 pretio
880 3967 998 4041 haberi
1029 3967 1163 4041 debent.

49 4085 132 4161 Sane
148 4086 307 4160 uidemus
326 4083 402 4160 illos
419 4110 535 4158 omnes
554 4101 586 4158 ct
603 4082 694 4158 solos
713 4082 1008 4158 dissolubilitatem
1022 4083 1167 4156 maxime

52 4226 264 4298 pmmovere,
292 4200 351 4301 qui
377 4199 527 4275 moribus
560 4200 679 4301 perditi
715 4216 810 4285 sunt,
847 4198 1035 4285 increduli,
1070 4198 1165 4272 ratio

117 4350 168 4413 (to)
181 4350 236 4403 Lib.
250 4351 283 4401 11.
297 4348 360 4414 disp.
378 4357 415 4402 tt.

97 4447 134 4502 lll
1097 4451 1115 4502 9
