2842 5056
217 377 284 454 tot
358 399 422 452 uu.
434 400 483 452 ιιι.
499 398 587 450 sacr.
604 397 736 449 narrar.
751 397 792 448 or
809 396 922 448 inorsa
940 395 1036 448 uara.
1053 394 1179 448 ιιιιιι.

212 536 292 596 ante
309 545 489 621 corporum
510 515 801 602 commixtionem,
830 539 980 614 sponsus
1005 529 1064 588 aut
1088 539 1218 613 sponsa
1239 514 1340 614 profi·

214 635 276 713 teri
294 651 434 738 possem
446 631 701 722 continentiam,
717 658 757 707 ac
770 631 921 732 seperari
938 629 1094 718 invicem,
1111 629 1219 705 altero
1236 631 1338 706 etiarn

213 751 331 826 inrito.
352 749 507 825 Ecclesia
531 765 641 823 antem
667 774 851 848 numquam
876 747 924 820 ita
940 772 979 820 se
994 763 1150 845 gerentes
1166 747 1280 846 coegit
1295 747 1339 822 ad

214 864 497 940 cohabitationem
514 880 548 937 et
564 879 686 937 torum.
708 860 843 935 Nullum
861 860 978 935 salum
998 861 1033 933 in
1051 876 1120 935 tota
1136 861 1339 962 antiquitate

214 979 419 1054 contrarium
443 977 681 1051 documentum
700 975 863 1076 suppetit.
893 974 1055 1062 Quamds
1072 991 1186 1049 autern
1206 976 1339 1075 passim

213 1094 250 1168 in
266 1092 377 1168 allatis
394 1090 558 1191 exemplis
572 1118 637 1166 non
656 1090 787 1189 legatur
803 1091 998 1166 derelictum
1011 1092 1188 1189 coniugem
1207 1090 1255 1164 ad
1272 1091 1340 1165 alia

212 1222 290 1284 vota
318 1207 514 1295 transiisse,
549 1207 616 1281 imo
645 1206 689 1280 de
720 1205 925 1306 quibusdam
951 1207 1157 1281 contrarium
1182 1206 1337 1304 legatur,

214 1340 360 1399 attamen
385 1323 574 1427 potuissent
598 1338 686 1397 certe
704 1322 739 1394 id
758 1322 889 1411 lacere,
910 1321 1195 1424 quemadmodum
1224 1323 1341 1422 reipsa

213 1437 249 1511 id
275 1436 416 1525 lenisse,
439 1436 572 1511 nemine
588 1435 858 1526 contradicente,
881 1437 1037 1511 novimus
1057 1436 1257 1536 lloglridum
1274 1437 1341 1509 bn·

211 1552 302 1652 qliae
326 1579 458 1651 regem,
487 1552 547 1654 qui
578 1551 755 1626 lidildrida
780 1578 883 1627 uxore
908 1552 982 1626 eius
1005 1554 1253 1627 monasterium
1287 1554 1339 1625 in·

213 1658 351 1766 pesse,
376 1665 516 1742 alteram
538 1666 634 1741 duxit
657 1693 794 1742 uxorem
815 1667 1134 1765 Ermonmburgem,
1155 1684 1260 1768 prout
1279 1695 1341 1744 su-

213 1783 328 1884 perius
354 1782 529 1857 retulimus
553 1810 594 1857 ex
618 1783 709 1858 Beda
732 1799 767 1858 et
791 1784 919 1859 Thema
941 1783 1072 1858 Eliensi
1088 1785 1179 1880 (tt).

288 1896 397 1985 Quam
423 1898 637 1974 traditionem
664 1915 831 1973 sectames
860 1925 945 1972 rom.
966 1897 1145 1998 pontifices
1166 1898 1340 1973 eiusmodi

212 2011 471 2088 dissolutionem
495 2013 640 2088 decretis
662 2016 735 2089 suis
760 2012 964 2112 probavere,
989 2013 1186 2113 prolitentes
1209 2039 1249 2088 se
1274 2013 1341 2088 huc

212 2126 249 2201 in
274 2153 312 2202 re
328 2145 498 2227 permotos
516 2129 624 2203 luisse
640 2145 831 2203 sanctornm
855 2127 1039 2230 exemplis3
1059 2155 1101 2203 ac
1117 2128 1223 2204 verbe
1239 2128 1342 2202 Chri·

211 2241 278 2317 sti:
305 2241 381 2317 Noa
408 2244 483 2316 licet
510 2247 583 2317 ciro
613 2271 751 2319 acorem
770 2271 867 2318 auom
893 2245 963 2318 ot‘ei
981 2270 1083 2319 cause
1105 2247 1341 2345 sommotioat'e

211 2355 395 2443 dsiaitterc,
415 2357 461 2432 de
485 2360 700 2435 matrimonio
731 2376 965 2436 consummato
996 2360 1208 2462 interpretati
1233 2377 1336 2449 sunt,

211 2470 250 2548 ut
265 2471 415 2547 uidimus
432 2471 557 2548 lectum
574 2500 651 2549 essa
669 2476 713 2549 ab
730 2475 919 2550 Alexandro
937 2476 997 2548 lll.
1013 2499 1091 2574 cap.
1111 2475 1171 2548 En
1184 2476 1335 2574 publico,

215 2587 255 2660 da
280 2613 423 2662 moves.
451 2591 616 2688 coniupot.
644 2606 677 2663 et
705 2589 748 2664 ab
780 2591 975 2665 Innocentio
993 2590 1052 2662 lll.
1087 2590 1186 2663 cuius
1212 2591 1341 2690 pariter

209 2704 313 2779 uerba
337 2706 505 2780 dedimus.
533 2705 616 2779 Cum
645 2708 746 2805 igitur
767 2706 802 2778 hi
829 2708 1005 2808 pontifices
1030 2705 1115 2779 nihil
1139 2708 1218 2781 novi
1246 2708 1337 2780 intu-

210 2819 330 2907 lerint,
358 2822 419 2896 sed
443 2823 535 2922 qnod
560 2823 687 2896 iamdiu
715 2840 884 2925 receptum
909 2840 981 2898 crat
1008 2825 1108 2897 unice
1136 2824 1332 2908 sanxerint,

210 2937 330 3010 merito
356 2936 561 3010 infertores
586 2938 726 3037 antiqua
749 2938 948 3027 traditione,
970 2965 1079 3038 eaque
1103 2938 1241 3025 divina,
1273 2939 1337 3012 hoc

210 3050 425 3151 privilegium
453 3053 487 3124 in
510 3052 656 3126 levorem
675 3053 897 3153 professionis
919 3053 1118 3151 religiosae,
1144 3079 1206 3126 seu
1229 3053 1336 3153 perfe-

208 3164 332 3239 etionis
355 3165 569 3264 evangelicae
592 3167 635 3239 ad
661 3193 724 3241 nos
751 3194 860 3267 usque
885 3168 1076 3242 devenisse.

283 3279 320 3351 ld
343 3282 451 3377 magis
477 3309 518 3355 ex
545 3308 585 3356 eo
611 3284 846 3370 confirmatur,
868 3283 960 3382 quod
988 3298 1108 3381 agatur
1133 3282 1178 3355 de
1204 3309 1241 3355 re
1268 3309 1336 3355 ma·

208 3391 291 3466 nimi
309 3396 489 3482 momenti,
510 3423 598 3495 quae
621 3397 721 3471 fidem
740 3424 919 3496 moresque
943 3398 1096 3496 attingit3
1119 3397 1162 3471 dc
1184 3424 1221 3471 re
1247 3424 1336 3499 quae

209 3506 253 3581 ab
271 3507 528 3583 immemorabili
548 3513 582 3584 in
600 3513 743 3588 ecclesia
761 3515 919 3588 universa
936 3514 1102 3600 obtinuit,
1129 3540 1240 3614 eaque
1258 3541 1336 3614 pro-

208 3621 311 3697 bante
334 3640 435 3724 atque
460 3628 648 3715 sanciente,
670 3629 752 3728 quin
778 3628 868 3701 ullus
894 3630 1028 3728 uspiam
1054 3656 1123 3728 qua
1149 3628 1217 3702 late
1243 3645 1337 3729 patet

210 3735 416 3811 christianus
441 3739 554 3828 orbis,
580 3744 821 3817 reclamaverit.
851 3744 1018 3830 Quocirca
1042 3744 1160 3816 divina
1187 3746 1335 3818 auctori-

210 3865 277 3925 tate
298 3853 344 3926 ita
361 3853 468 3927 luisse
489 3858 707 3931 constitutum
726 3859 862 3932 concedi
883 3859 1035 3945 deberet,
1060 3860 1196 3932 etiamsi
1214 3886 1336 3932 monu-

210 3981 322 4039 menta
346 3967 524 4058 deessent,
549 3974 640 4046 iuxta
666 3975 906 4048 inconcussum
929 3974 1012 4046 illud
1038 3974 1222 4073 Augustini
1241 3974 1336 4074 prin·

277 4188 327 4249 (tt)
343 4189 382 4238 ct.
395 4191 453 4254 Pagi
471 4193 496 4242 in
517 4196 567 4244 not.
586 4195 618 4243 ed
632 4196 762 4245 baronium
782 4210 822 4246 en.
842 4201 897 4248 677.
914 4211 939 4246 n.
960 4204 999 4248 tt.
1019 4197 1068 4249 Ubi
1088 4197 1228 4250 notandum
1248 4199 1287 4249 est
1304 4197 1336 4248 ab

210 4262 289 4315 sudu
308 4267 431 4331 Stephano
451 4271 477 4321 in
497 4273 548 4323 rita
567 4286 587 4323 s.
607 4273 733 4334 wilfridi,
756 4277 897 4340 Ecgtddum
916 4279 1033 4329 reatum
1055 4291 1109 4329 ease
1131 4279 1215 4330 virum
1238 4278 1334 4343 reliaio·

209 4354 279 4405 sum,
299 4357 344 4395 nec
358 4346 390 4395 ab
408 4348 460 4398 ullo
481 4349 555 4401 tulase
586 4352 755 4404 insimulatum
776 4355 809 4405 ob
829 4355 951 4406 amodes
968 4355 1000 4406 ab
1017 4369 1048 4406 eo
1066 4356 1144 4408 laites
1163 4357 1273 4423 napea
