2796 5064
192 385 487 439 etennensium
504 387 671 440 ramora.
686 390 797 440 mores.
817 346 900 442 ιιιιιι
929 391 998 442 rar.
1017 391 1040 442 ι.
1107 369 1171 440 all

58 504 168 579 verbis
188 505 226 576 in
250 504 368 579 codice
387 505 536 579 africano
556 506 669 602 (tto).
698 508 760 580 llic
782 533 889 581 canon
913 510 970 607 qui
998 525 1049 582 cst
1073 510 1172 580 llVll.

58 619 193 693 concilii
220 619 404 695 milevitani
422 622 465 693 ll.
487 622 538 695 sic
555 622 709 695 effertur:
737 624 914 710 «Placuit,
935 640 973 696 ut
990 624 1176 697 secundum

58 735 287 834 evangelicam
302 754 336 812 et
352 738 570 837 apostolicam
584 739 811 838 disciplinam,
830 767 940 839 neque
957 741 1121 815 dimissus
1134 742 1177 814 ab

59 877 178 938 uxore,
199 877 311 951 neque
335 851 479 927 dimissa
503 854 685 939 amarito,
712 853 806 926 alteri
827 855 1095 951 coniungantur:
1119 857 1178 929 sed

59 967 102 1039 ita
115 981 299 1052 maneant,
316 982 374 1040 aut
386 967 521 1041 sibimet
534 967 800 1042 reconcilientur.
816 968 914 1054 Quod
927 969 958 1041 si
971 987 1181 1071 contempse-

60 1079 146 1166 rint,
168 1079 214 1151 ad
234 1080 474 1179 poeniteutiam
496 1081 701 1178 redigantur.
728 1083 767 1153 ln
785 1107 854 1179 qua
873 1107 977 1155 causa
992 1083 1098 1179 legem
1118 1085 1181 1156 irn-

60 1192 223 1292 perialem
249 1194 426 1292 petendam
452 1194 656 1294 promulgari
679 1198 826 1290 (ltt).»
943 1186 950 1201 ’

128 1304 285 1379 Celebris
310 1306 368 1380 liic
392 1332 519 1394 canon,
539 1309 598 1409 qui
625 1308 723 1382 nobis
749 1309 885 1383 exhibet
909 1311 1108 1384 sententiam
1136 1328 1181 1384 to
1277 1406 1278 1410 Ἰ

60 1422 124 1494 tius
151 1419 318 1495 ecclesiae
343 1421 511 1495 africanae
535 1423 625 1495 circa
647 1422 829 1521 perlectam
849 1424 1053 1499 matrimonii
1072 1425 1179 1499 indis-

21 1610 24 1616 ,
60 1535 301 1610 solubilitatem
313 1561 355 1610 eo
368 1536 475 1636 pluris
492 1536 667 1612 faciendus
686 1554 758 1624 est,
779 1537 869 1638 quod
887 1538 976 1612 hanc
992 1538 1180 1612 doctrinam

60 1666 190 1751 repetat
214 1677 255 1724 ex
279 1650 456 1749 ds'sctpliao
481 1653 670 1750 evangelico
694 1668 725 1725 et
752 1655 949 1751 apostolico,
977 1679 1017 1727 ac
1041 1654 1182 1753 proinde

61 1766 161 1840 nobie
187 1766 384 1866 suppeditat
406 1766 588 1865 genuinam
614 1784 684 1842 tum
710 1768 874 1865 evangelii
904 1767 1080 1855 Matthaei,
1108 1783 1179 1841 tum

60 1881 207 1982 apostoli
228 1881 323 1956 Pauli
342 1881 613 1980 intelligentiam,
629 1909 669 1956 ac
686 1909 823 1956 sensum
839 1900 1012 1982 praeterea
1029 1884 1181 1958 traditio-

61 1996 189 2084 nalem,
214 2012 249 2071 et
267 1996 432 2073 ecclesiae
460 1998 604 2098 praxim.
638 2000 759 2071 llrrum
790 1999 931 2098 proinde
956 2016 1122 2087 nonest,
1149 2002 1180 2074 si

62 2113 240 2188 machinas
261 2139 377 2189 omnes
402 2115 603 2190 admoveant
623 2115 828 2202 adversarii,
857 2132 894 2189 ut
916 2114 1014 2190 nobis
1035 2115 1182 2214 eripiant

61 2245 127 2302 tam
152 2228 370 2328 perspicuum
394 2228 601 2304 orthodoxae
629 2229 802 2304 doctrinae
827 2230 1076 2304 documentum.

131 2350 182 2417 Ac
208 2344 316 2444 primo
332 2345 473 2419 miratur
488 2345 656 2420 launoius
675 2361 788 2444 patres
805 2345 1018 2419 milevitanos
1042 2345 1180 2444 petiisse

60 2456 169 2554 legem
194 2457 425 2557 imperialem,
445 2484 522 2532 eum
547 2460 697 2532 nondum
722 2485 832 2532 annus
858 2460 1062 2533 centesimus
1088 2473 1180 2532 esset

59 2571 235 2670 expletus,
254 2596 296 2644 ex
319 2597 388 2673 quo
413 2570 521 2670 legem
544 2571 783 2647 Constantinus
801 2573 982 2673 imperator
997 2570 1063 2645 hac
1084 2571 1127 2644 de
1146 2598 1182 2644 re

60 2684 184 2758 tulerat
203 2686 320 2779 (192);
348 2684 490 2758 miratur
513 2685 605 2786 quod
632 2686 734 2760 iidem
757 2702 869 2786 patres
890 2684 1043 2758 camdem
1070 2684 1176 2781 legem

60 2826 127 2874 non
149 2799 317 2888 viderint,
345 2815 405 2873 aut
427 2800 457 2874 si
483 2800 644 2888 viderint,
665 2800 817 2874 eiusdem
839 2798 1004 2874 recordati
1022 2824 1089 2871 non
1110 2799 1181 2872 lue-

60 2913 140 2986 rint.
171 2915 276 3012 Negat
297 2929 469 3014 praeterea
486 2932 598 3014 patres
621 2914 830 2989 milevitanos
851 2914 950 2987 novis
977 2913 1049 2987 sive
1067 2929 1181 2987 aucto-

61 3028 219 3103 ritatibus
243 3029 316 3104 sive
341 3029 526 3105 rationibus
552 3055 680 3105 maone
710 3030 811 3103 citato
837 3027 1118 3114 communivisse,
1148 3044 1181 3101 et

61 3144 104 3217 ab
128 3145 222 3219 omni
240 3146 437 3243 impetitione
458 3145 792 3220 indissolubilitatem
818 3143 1004 3219 absolutam
1031 3144 1178 3243 coniugii

59 3259 267 3335 defendisse.
296 3260 469 3335 luvehitur
485 3261 621 3335 demum
640 3262 674 3334 in
693 3260 932 3335 Bellarminum
950 3285 990 3334 eo
1008 3260 1100 3361 quod
1124 3287 1180 3334 as-

60 3375 205 3449 seruerit
232 3400 378 3451 canones
403 3376 586 3452 milevitani
619 3377 751 3451 concilii
777 3375 964 3473 Augustino
996 3375 1179 3474 praecipue

60 3504 213 3576 auctore,
236 3489 440 3591 compositos
457 3491 632 3590 editosque
649 3490 774 3578 luisse,
794 3517 861 3589 qua
887 3490 923 3561 in
949 3513 984 3562 rc
1006 3488 1179 3562 Bellarmi-

61 3629 144 3691 nus,
176 3604 269 3677 iuxta
290 3604 419 3704 ipsum,
448 3605 561 3704 prodit
585 3631 622 3679 ee
642 3631 684 3677 nc
701 3604 804 3678 torvis
822 3603 959 3704 quidem
977 3603 1084 3677 oculis
1103 3603 1178 3678 illos

61 3718 243 3817 Augustini
272 3721 528 3794 commentarios
557 3720 750 3821 aspexisse,
779 3745 820 3792 ιιι
845 3719 969 3818 quibus
989 3719 1177 3794 testimonia

137 4012 206 4077 (teo)
221 4013 260 4064 ct.
275 4013 386 4066 adnotat.
399 4015 478 4066 Mami
488 4015 514 4065 in
533 4014 640 4066 collect.
653 4026 725 4066 men.
739 4014 873 4066 concilior.
891 4014 1027 4065 Florentiae
1037 4026 1079 4064 seu
1096 4012 1178 4076 potius

60 4095 144 4144 verret
160 4097 232 4145 176⁰.
245 4095 306 4145 torn.
319 4096 362 4145 lv.
375 4095 423 4146 eol.
437 4102 490 4146 tlt.
503 4097 528 4146 et
538 4095 588 4145 col.
602 4101 655 4146 stt.

132 4173 203 4237 (lat)
217 4173 289 4237 apud
298 4173 418 4226 llarduln
429 4177 495 4226 Acta
504 4188 576 4227 conc.
587 4176 647 4226 torn.
657 4177 677 4225 l.
688 4176 735 4227 ml.
751 4183 819 4227 tato.
832 4175 981 4227 celebratum
989 4176 1027 4226 est
1036 4175 1118 4224 autern
1129 4174 1176 4224 troc

57 4254 193 4305 concilium
212 4264 253 4304 an.
266 4258 320 4306 tlt.

130 4333 202 4396 (ιιι)
217 4335 264 4396 Op.
281 4333 324 4384 cit.
341 4336 379 4384 De
394 4336 468 4398 recto
484 4335 531 4385 etc.
544 4347 598 4398 pag.
613 4341 666 4386 8³5.
