2796 5064
239 395 621 457 'ctr.v1.nrmss.uara.
635 405 794 470 nuruum
812 405 974 457 cousouu.
992 406 1061 457 ier.
1079 405 1127 458 ur.
1182 384 1248 455 lii

135 521 225 610 Dum
252 539 363 606 autem
382 522 416 594 id
434 522 601 611 dicimus,
622 521 713 595 haud
732 522 938 597 intendimus
956 523 1070 597 omnia
1091 520 1251 622 probare,

135 663 226 736 quae
251 637 433 712 identidem
452 637 671 735 atheologis,
689 638 887 738 praesertim
900 637 1159 725 vetustioribus,
1178 663 1256 715 con·

134 766 233 850 gesta
259 769 357 839 sunt3
379 737 512 827 critices
542 753 633 826 enim
659 770 731 825 erte
763 754 911 826 nondum
943 754 985 827 ad
1016 754 1254 855 perfectionem

135 866 306 953 adducta,
340 892 408 940 uon
433 868 545 942 minus
572 866 728 941 catholici
755 894 857 968 quam
883 882 1129 968 protestantes,
1157 883 1255 967 prout

135 982 290 1082 ipsorum
301 980 550 1056 lucubrationes
563 997 736 1056 anteactae
750 982 843 1056 illius
856 982 975 1055 aetatis
988 982 1099 1083 palam
1112 981 1251 1071 faciunt,

135 1096 306 1171 interdum
336 1097 561 1172 offenderunt.
591 1099 709 1198 ltaque
734 1099 790 1171 his
816 1098 929 1172 minus
958 1099 1058 1172 certis
1085 1098 1251 1186 omissis,

134 1238 199 1286 uos
217 1213 409 1288 insistimus
422 1212 532 1287 allatis
545 1214 708 1313 exemplis
721 1240 864 1314 quorum
878 1213 1132 1288 fundamentum
1151 1213 1253 1290 histo

134 1327 243 1401 ricum
270 1329 344 1402 iure
368 1328 402 1401 in
424 1328 565 1403 dubium
592 1355 748 1404 revocare
770 1329 886 1430 nequit
908 1332 997 1425 (ta).

133 1517 134 1520 ,
210 1444 365 1518 Secundo
393 1470 459 1517 non
484 1445 645 1518 deficiunt
662 1472 702 1518 ex
721 1461 814 1545 parte
839 1446 905 1531 rei;
929 1445 1010 1545 quia
1028 1445 1160 1519 etiamsi
1184 1471 1251 1519 non

133 1559 290 1658 legamus
316 1587 521 1662 quemquam
548 1561 700 1649 illorum,
728 1561 787 1662 qui
814 1561 850 1633 in
877 1560 991 1634 seculo
1016 1559 1123 1633 relicti
1149 1578 1247 1648 sunt,

121 1661 242 1751 'novas
268 1677 387 1752 iniisse
413 1675 567 1779 nuptias,
593 1704 660 1750 non
686 1677 766 1750 inde
790 1676 964 1777 sequitur,
986 1675 1021 1748 id
1040 1701 1099 1750 eos
1118 1689 1185 1779 non
1203 1674 1252 1750 le-

132 1792 238 1866 cisse.
255 1793 443 1892 Scriptores
466 1793 558 1866 enim
585 1791 805 1866 ecclesiastici
831 1791 966 1865 solliciti
993 1791 1093 1865 unice
1117 1791 1252 1867 luerunt

133 1907 177 1980 de
208 1909 395 1983 referendis
420 1909 550 1982 actibus
574 1907 709 1981 virtutis
733 1932 871 1993 eorum,
900 1906 960 2005 qui
986 1906 1112 1979 Christi
1137 1933 1251 1981 amore

133 2023 299 2097 nuncium
317 2024 517 2098 remiserunt
530 2022 644 2097 seculo
657 2023 700 2096 ad
713 2022 939 2098 continentiae
956 2023 1164 2122 propositum
1182 2049 1252 2097 ser·

132 2138 305 2226 vandum,
333 2139 416 2240 quin
442 2155 723 2238 persequerentur
746 2164 807 2225 ea,
836 2165 924 2237 quae
947 2137 1033 2240 parti
1055 2137 1151 2211 alteri
1169 2164 1250 2213 oon·

132 2253 294 2351 tigerunt.
310 2254 463 2328 Ceterum
484 2254 631 2329 vidimus
644 2254 839 2351 Ecglridum
861 2255 1036 2353 anglorum
1059 2263 1171 2353 regem
1189 2281 1250 2330 no-

131 2393 213 2440 vum
240 2369 352 2468 reipsa
377 2369 498 2443 iniisse
521 2371 716 2468 coniugium
739 2396 807 2443 sec.
826 2370 989 2444 ecclesiae
1008 2372 1061 2442 vt.
1079 2386 1245 2457 exeunte,

131 2498 195 2556 aut
219 2484 355 2558 ineunte
379 2484 450 2556 vtl.
474 2486 607 2559 nemine
632 2487 754 2560 nedum
781 2486 1004 2574 reclamante,
1034 2487 1093 2560 sed
1124 2513 1166 2559 ne
1190 2485 1247 2559 ad-

131 2598 279 2670 mirante
298 2599 454 2698 quidem;
476 2600 577 2673 immo
602 2626 681 2673 vero
707 2600 862 2673 eumdem
887 2601 1020 2673 virtutis
1046 2626 1086 2673 ac
1112 2600 1247 2698 pietatis

131 2713 236 2786 laude
264 2716 416 2789 novimus
442 2715 722 2789 commendatum.
752 2717 956 2811 Argumento
985 2715 1165 2812 igiturest
1191 2715 1245 2812 agi

131 2829 169 2902 in
197 2830 261 2904 hoc
293 2833 436 2905 transitu
462 2831 506 2905 sd
531 2832 699 2906 secundas
723 2833 860 2932 nuptias
885 2833 929 2904 de
949 2858 985 2904 re
1006 2847 1187 2917 consueta,
1213 2847 1246 2904 et

130 2946 356 3020 communiter
382 2964 527 3047 recepta.

208 3061 353 3135 Concedi
377 3065 493 3163 utiquc
511 3080 619 3165 potest
637 3066 671 3136 in
689 3064 860 3137 nonnullis
882 3080 1074 3137 sanctorum
1096 3078 1245 3136 veterum

129 3177 296 3278 exemplis
324 3179 486 3252 incertum
510 3206 605 3266 esse,
627 3206 706 3252 num
729 3179 1007 3278 desponsalibus
1032 3182 1180 3265 tantum,
1201 3204 1245 3250 an

129 3317 213 3366 uero
237 3291 280 3365 de
306 3294 436 3393 nuptiis
462 3295 596 3394 proprie
616 3311 754 3390 egatur3
777 3294 811 3366 in
830 3293 907 3367 aliis
926 3312 1035 3367 umen
1053 3292 1097 3367 de
1115 3293 1244 3393 nuptiis

130 3434 253 3507 presse
276 3410 421 3509 sumptis
447 3410 562 3508 procul
586 3410 689 3483 dubio
714 3437 824 3483 sermo
847 3426 909 3483 est.
928 3411 1048 3483 Notum
1067 3427 1177 3485 autem
1195 3426 1247 3484 est

131 3549 239 3622 penes
263 3541 391 3597 veteres
417 3544 585 3624 receptum
616 3527 744 3626 passim
770 3526 895 3612 luisse,
928 3543 966 3599 ut
995 3527 1156 3625 coniuges
1191 3553 1247 3599 no

129 3639 225 3711 mine
251 3641 367 3738 sponsi
395 3658 452 3713 aut
473 3667 620 3739 sponsae
646 3659 929 3740 nuncuparentur.

203 3872 254 3933 (72)
270 3875 306 3922 De
321 3874 387 3923 Actis
405 3888 426 3924 s.
438 3874 542 3923 Theclae
559 3876 591 3924 ct.
606 3890 669 3938 quac
689 3876 786 3938 scripsit
804 3877 944 3925 ttunoratus
961 3888 975 3924 a
991 3888 1011 3924 s.
1027 3875 1105 3924 Maria
1115 3874 1139 3924 iu
1150 3888 1190 3938 op.
1201 3878 1243 3925 lte·

121 3948 246 4014 flexione
255 3964 303 4000 tur
313 3951 349 4001 les
360 3951 442 4015 reples
454 3955 479 4001 et
489 3952 587 4016 l'auuqc
599 3953 631 4003 dc
643 3953 672 4002 la
687 3957 807 4017 critique.
822 3954 899 4004 Paris.
914 3958 981 4004 titt.
991 3957 1050 4003 turn.
1063 3955 1081 4004 1.
1095 3969 1118 4017 p.
1134 3959 1242 4005 tis-29¹³.

125 4031 225 4080 strom
238 4032 269 4080 il.
283 4044 308 4094 p.
322 4039 349 4082 ts
360 4045 430 4096 seqq.
441 4035 501 4083 Acta
513 4047 570 4082 rere
580 4035 727 4084 semidae
738 4048 785 4084 non
798 4034 832 4084 ite
843 4035 937 4098 pridem
954 4034 1100 4097 vulgaritas
1111 4034 1246 4086 vindicavit
1279 4060 1286 4075 ·

127 4111 160 4160 D.
174 4111 317 4173 Gueranger
333 4111 358 4160 in
375 4126 416 4175 op.
435 4114 550 4162 Histoire
565 4111 598 4162 de
612 4115 699 4162 sainte
717 4113 808 4164 ciclis.
821 4116 900 4164 Derim
910 4113 950 4163 ed.
963 4113 1032 4164 Paris
1047 4121 1110 4164 tuot.
1125 4113 1163 4164 ci.
1174 4127 1242 4178 pree·

126 4188 216 4239 sertim
226 4189 268 4239 eb.
281 4191 369 4240 xxxv
378 4204 430 4254 seq.
443 4193 563 4241 Examen
579 4193 604 4241 et
618 4189 765 4252 resolution
780 4191 825 4242 des
841 4193 993 4255 arcuments
1009 4190 1041 4242 de
1058 4191 1144 4242 l'dcote
1153 4191 1243 4254 janse-

124 4270 198 4319 ntrte
211 4271 303 4319 contre
315 4269 351 4320 tce
360 4273 435 4322 Actes
444 4270 570 4321 desetnte
586 4270 681 4332 Cecilc,
693 4284 748 4334 pag.
760 4279 805 4324 soa
819 4285 887 4334 seqq.
900 4273 935 4321 De
947 4272 1013 4322 Aetia
1027 4286 1048 4321 s.
1060 4271 1137 4322 iterii
1149 4273 1181 4322 et.
1190 4273 1242 4322 uot-

124 4347 259 4398 isudiancs
280 4349 326 4398 loc.
337 4349 379 4399 cit.
