2796 5064
213 371 283 445 tto
357 390 419 443 ιιι.
435 389 484 443 ιιι.
500 387 589 441 secr.
604 388 736 440 ιιιιιι.
753 387 794 438 ns
811 383 926 440 murm.
941 387 1039 440 ms.
1054 386 1186 439 enarer.

211 509 372 608 ligiosum
384 505 631 607 profitendum,
649 521 707 578 aut
717 519 795 579 voto
808 529 847 577 se
858 502 1104 590 obstrinxisse;
1120 528 1214 604 quaa
1227 519 1329 578 tamen

211 621 408 699 necessaria
430 635 566 707 essent,
588 636 628 694 ut
645 620 688 693 ad
711 618 952 694 catholicorum
982 643 1133 692 causam
1149 644 1333 695 accommo-

212 738 286 813 dari
311 736 414 812 allata
439 735 593 836 exempla
624 749 774 836 possent.
803 734 975 807 Deficiunt
1002 734 1154 834 denique
1178 760 1221 807 ex
1246 752 1334 835 parte

212 852 434 930 solemnitatis
460 850 637 949 religiosae
667 849 913 951 professionis,
942 875 1031 950 quae
1059 850 1147 924 iuris
1178 850 1335 925 molesia-

135 950 139 957 *
212 968 309 1056 stici,
338 966 491 1067 adeoque
517 965 656 1040 humani
682 981 756 1052 est,
784 981 819 1040 et
840 964 980 1065 quidem
1005 965 1142 1040 nonnisi
1171 967 1334 1066 sequiori·

213 1083 279 1157 bus
301 1080 428 1156 seculis
450 1081 621 1168 instituta3
645 1107 714 1181 quo
739 1081 776 1152 fit
799 1097 838 1155 ut
865 1081 974 1155 sancti
993 1080 1042 1153 illi
1062 1081 1198 1181 antiqui
1216 1081 1283 1156 hac
1297 1081 1334 1154 da

214 1224 320 1273 causa
334 1195 548 1297 nequiverint
560 1222 624 1269 sua
636 1195 796 1293 coniugia
809 1194 1008 1270 dissolvere.
1017 1194 1237 1296 Quapropter
1248 1223 1334 1270 num

214 1340 317 1415 quam
336 1312 522 1413 reperimus
541 1311 576 1384 io
596 1309 710 1385 seculo
729 1310 885 1400 relictos,
905 1313 1039 1386 vivente
1056 1312 1162 1412 priori
1180 1313 1331 1411 coniuge,

212 1455 318 1505 noras
344 1428 481 1528 nuptias
507 1427 716 1514 celebrasse,
743 1425 836 1527 quod
857 1443 970 1500 mmen
995 1427 1178 1502 ostendere
1202 1453 1334 1502 necesso

213 1544 318 1632 foret,
339 1559 377 1617 ut
391 1544 445 1618 ris
463 1543 579 1644 aliqua
596 1543 805 1644 probationis
823 1542 946 1616 exinde
964 1558 1152 1617 erueretur.
1169 1540 1332 1617 Omnibus

212 1658 316 1757 igitur
341 1659 539 1760 perpensis,
563 1685 673 1759 aequo
693 1685 804 1733 rerum
830 1658 1036 1733 aestimatori
1059 1657 1193 1759 patebit
1208 1657 1332 1732 nullum

213 1777 307 1853 oliud
332 1777 590 1853 handamentum
615 1793 795 1879 suppetere
819 1777 995 1852 catholicis
1016 1775 1061 1850 ad
1084 1775 1216 1850 thesim
1242 1801 1331 1851 suam

213 1893 419 1968 fulciendam
441 1909 575 1995 praeter
599 1919 683 1968 rom.
702 1893 899 1993 pontificum
918 1892 1071 1979 decreta,
1092 1918 1187 1990 quae
1203 1890 1332 1966 nonnisi

215 2007 331 2082 seculo
355 2008 430 2081 llll.
452 2007 588 2082 mndem
613 2008 704 2082 edita
730 2025 822 2082 sunt.
841 2008 968 2108 llequis
992 2032 1073 2081 vero
1099 2007 1158 2082 his
1181 2006 1268 2080 fidat
1288 2031 1333 2079 re

213 2123 367 2197 centibus
385 2123 595 2198 documentis
613 2124 657 2197 ad
675 2124 891 2199 traditionem
908 2123 1057 2199 divinam
1076 2122 1330 2207 adstruendam,

213 2262 288 2314 eum
307 2239 505 2337 praesertim
532 2256 740 2340 compertum
762 2241 808 2315 sit
824 2266 865 2314 ex
882 2239 1094 2315 decretorum
1120 2239 1267 2314 istorum
1290 2256 1332 2311 te·

213 2379 295 2427 nore
308 2353 487 2453 pontifices
501 2353 577 2428 illos
591 2372 761 2454 permotos
775 2355 882 2431 luisse
896 2355 939 2428 ad
953 2381 994 2429 ea
1005 2354 1221 2430 conficienda
1233 2380 1333 2428 exem·

213 2467 281 2564 plis
305 2488 454 2544 veterum
481 2485 694 2558 sanctorum,
720 2498 827 2571 qnae,
849 2471 899 2545 uti
917 2489 1090 2546 ostensum
1110 2487 1181 2557 est,
1202 2471 1271 2543 hoc
1287 2496 1332 2541 re

213 2584 292 2660 lerri
315 2602 506 2686 nequeunt,
528 2586 621 2660 etde
639 2587 763 2685 quibus
786 2587 941 2662 dubitare
957 2587 1071 2660 adhuc
1088 2586 1171 2660 licet
1186 2614 1232 2660 an
1253 2603 1332 2659 reete

212 2728 250 2776 se
274 2703 457 2800 gesserint,
486 2729 563 2775 cum
590 2729 655 2774 non
673 2703 788 2775 omnia
807 2720 999 2776 sanctorum
1022 2719 1136 2800 gesta,
1165 2720 1205 2776 ut
1225 2718 1330 2776 notum

212 2832 280 2903 est,
306 2833 429 2891 rectam
456 2818 662 2915 agendorum
688 2817 838 2913 regulam
865 2817 1075 2917 praebeant?

284 2933 403 3006 Verum
433 2933 592 3034 pleraque
620 2933 760 3006 istorum
779 2951 1050 3030 argumentorum
1077 2934 1220 3007 anobis
1243 2959 1330 3034 prae·

211 3065 374 3148 occupata
392 3065 488 3137 sunt,
504 3048 593 3123 etad
611 3075 651 3122 ea
668 3048 870 3122 disiicicnda
882 3050 965 3124 satis
978 3066 1030 3123 est
1041 3050 1237 3124 constitutis
1250 3050 1330 3150 prin·

212 3161 312 3261 cipiis
340 3165 508 3238 insistere.

285 3277 406 3352 Contra
441 3306 575 3352 omnem
604 3281 779 3354 veritatem
813 3280 999 3354 assumitur
1028 3279 1247 3353 traditionem
1277 3304 1331 3351 no

211 3408 315 3466 stram
341 3394 509 3468 infirmam
527 3423 567 3470 ac
584 3396 721 3470 labilem
739 3423 835 3483 esse,
857 3424 961 3497 quum
979 3423 1053 3469 eam
1072 3396 1243 3496 auspicati
1266 3395 1330 3467 lue

210 3507 316 3581 rimus
342 3535 363 3581 a
388 3509 558 3608 prioribus
585 3511 748 3585 ecelesiae
778 3511 922 3597 seculis,
948 3528 982 3585 et
1005 3512 1271 3611 protraxerimus
1291 3509 1329 3582 ad

210 3622 360 3696 seculum
391 3651 500 3723 usque
530 3626 605 3696 llll.
640 3644 674 3698 et
705 3626 866 3724 deinceps
895 3652 915 3697 a
945 3651 1013 3698 seo.
1041 3625 1116 3696 llll.
1149 3653 1262 3726 usque
1292 3623 1329 3696 ad

210 3739 425 3814 tridentinam
452 3740 637 3840 synodum,
658 3769 678 3813 a
697 3769 765 3841 qua
792 3741 855 3814 boc
880 3740 958 3814 fidei
981 3741 1104 3836 dogma
1130 3741 1268 3814 demum
1286 3765 1331 3813 so

210 3852 312 3927 lemni
338 3857 471 3930 decreto
501 3873 668 3931 assertum
694 3874 758 3931 est.

281 3970 431 4043 Deficere
458 3998 557 4070 porro
583 3972 762 4073 multiplici
790 3998 830 4044 ex
855 3971 964 4070 capite
996 3988 1192 4044 sanctorum
1223 3996 1329 4044 exem·

209 4081 266 4179 pla
291 4083 474 4159 adversarii
501 4086 638 4185 quidem
664 4086 853 4171 affirmant,
875 4101 928 4159 ast
945 4109 1012 4157 non
1033 4084 1215 4172 evincunt,
1237 4097 1329 4184 prout

209 4196 425 4296 exipsorum
452 4200 662 4300 inspectione
688 4199 788 4273 lacile
805 4200 1005 4274 ostenditur.

282 4311 328 4384 Ac
354 4315 461 4412 primo
485 4342 551 4388 oon
574 4315 737 4389 deficiunt
761 4342 801 4388 ex
821 4333 915 4416 parte
932 4315 1142 4389 fundamenti
1163 4313 1322 4390 historici.
