2796 5064
176 391 245 443 cir.
257 391 302 442 rr.
315 391 355 442 ne
367 391 447 442 mss.
461 389 555 442 narn.
570 392 653 457 narr,
670 391 735 444 non
748 391 908 444 consuas.
926 393 997 444 aar.
1011 366 1056 450 rr.
1111 373 1180 444 tot

63 511 108 586 ab
126 510 226 586 initio
241 537 281 585 ac
298 511 461 612 deinceps
476 512 529 586 usi
548 529 678 602 essent;
700 513 795 613 atqui
813 538 995 613 numquam
1013 514 1182 613 usquead

64 628 244 701 Martinam
269 628 307 699 V.
328 630 401 724 (ll'l)
421 653 463 701 ea
479 629 635 702 facultate
656 628 741 703 adeo
767 628 977 717 necessaria,
1005 629 1185 704 ecclesiae-

62 769 131 843 que
155 743 231 816 utili
257 760 338 817 sunt
360 744 434 832 usi3
463 771 584 844 nempe
609 743 787 845 usquead
814 744 919 818 seculi
944 745 1012 817 xv.
1030 744 1179 832 initium;

61 874 262 956 argumento
281 858 385 956 igitur
408 875 460 932 est
484 857 709 946 ineluctabili,
730 885 771 931 ea
788 858 958 959 praeditos
976 885 1043 935 non
1060 859 1180 933 luisse.

136 975 173 1046 2.
203 975 245 1046 Ut
267 975 495 1048 adstruerctur
520 1001 603 1049 rom.
628 974 779 1074 pontifici
813 973 979 1047 eiusmodi
1010 981 1181 1075 potestas,

61 1087 166 1164 verbo
190 1091 252 1163 Dei
278 1090 424 1192 scripto,
455 1107 513 1164 aut
537 1091 657 1165 tradito
682 1091 717 1163 id
742 1090 878 1163 deberet
910 1091 1051 1177 confici;
1085 1116 1184 1190 porro

62 1201 175 1306 nequa
199 1233 239 1278 ex
264 1207 458 1306 Scriptura,
493 1233 602 1307 neque
626 1232 666 1279 ex
692 1207 870 1280 traditione
895 1205 1032 1306 aliquod
1059 1231 1185 1305 suppe-

60 1322 104 1395 tit
124 1321 365 1396 testimonium.
387 1324 460 1397 Non
486 1349 526 1395 ex
551 1323 745 1421 Scriptura,
774 1348 862 1422 quae
887 1322 931 1395 de
956 1321 1030 1394 hoc'
1046 1321 1184 1395 omnino

60 1435 161 1523 silet3
183 1437 351 1536 siquidem
365 1436 490 1510 Christi
509 1437 612 1511 verba
625 1438 667 1509 ad
683 1440 815 1511 Petrum
833 1438 977 1510 directa:
1001 1434 1184 1522 Quodcum-

61 1578 124 1652 que
148 1553 307 1639 solveris,
341 1553 561 1653 quodcumque
589 1556 744 1653 liqooeris
768 1554 880 1652 urgeri
908 1569 1101 1654 nequeunt;
1131 1552 1184 1624 ni·

60 1667 128 1741 mis
148 1669 238 1742 enim
260 1669 459 1769 probarent,
483 1697 585 1771 posse
601 1671 759 1745 videlicet
778 1669 1064 1772 rompontificem
1082 1669 1183 1742 etiam

61 1782 193 1858 solvere
225 1784 376 1858 fidelium
407 1785 601 1884 coniugium
638 1802 928 1873 consummatum,
962 1785 1054 1886 quod
1086 1808 1184 1857 nemo

60 1898 198 1974 dixerit.
218 1901 292 1976 Nou
318 1929 358 1974 ex
384 1901 583 1991 traditione;
612 1902 742 1975 nullum
768 1902 858 1976 enim
883 1902 1018 2004 uspiam
1044 1916 1185 2002 apparat

60 2014 167 2089 huius
193 2020 367 2117 potestatis
386 2020 565 2117 vestigium
584 2035 643 2092 aut
660 2019 695 2090 in
715 2019 868 2119 patribus
886 2034 945 2091 aut
961 2019 995 2090 in
1014 2017 1199 2106 conciliis,

59 2131 173 2204 autin
190 2131 268 2206 aliis
289 2133 480 2208 traditionis
505 2134 653 2208 lontibus
672 2133 833 2234 equibus
859 2133 988 2206 hauriri
1007 2131 1042 2204 id
1060 2132 1180 2233 possit.

137 2247 172 2319 3.
201 2248 337 2337 Verum,
359 2250 437 2324 dato
454 2251 572 2340 etiam,
589 2251 680 2352 quod
700 2276 784 2325 rom.
796 2249 944 2351 pontifex
961 2275 1036 2323 sam
1053 2275 1074 2322 a
1090 2247 1185 2322 Chri·

60 2375 117 2433 sto
141 2376 339 2460 potestatem
364 2366 550 2465 acceperit,
577 2365 642 2439 hac
667 2366 702 2438 in
728 2365 911 2466 hypothesi
937 2364 1105 2439 eiusmodi
1124 2390 1184 2465 po·

59 2491 166 2550 testas
191 2494 282 2553 esset
298 2480 455 2554 humana
480 2482 552 2554 sive
577 2480 826 2569 ecclesiastica,
847 2480 1037 2553 cuiusmodi
1055 2496 1108 2553 est
1124 2478 1185 2553 illa

59 2617 131 2691 qua
156 2593 232 2691 ipse
255 2593 355 2669 solvit
384 2597 578 2696 quempiam
604 2622 625 2668 a
648 2610 746 2683 voto,
776 2595 1011 2681 iureiurando,
1039 2593 1184 2693 aliisque

58 2705 97 2778 id
114 2732 222 2804 genus
240 2708 416 2810 plurimis;
439 2710 506 2784 iam
526 2736 607 2785 vero
624 2736 685 2810 per
701 2708 964 2782 ecclesiasticam
983 2723 1182 2807 potestatem

58 2820 255 2920 dispensari
285 2825 402 2926 nequit
427 2826 462 2897 in
488 2851 549 2915 eo,
579 2826 670 2926 quod
696 2840 749 2899 est
772 2825 907 2899 divinae
932 2823 1179 2911 institutionis,

57 2935 174 3036 qualis
199 2953 251 3010 est
276 2939 559 3014 indissolubilitas
585 2938 790 3013 matrimonii
818 2939 893 3012 rati.

137 3051 170 3124 i.
199 3053 288 3126 Sane
316 3055 567 3128 matrimonium
600 3070 707 3127 ratum
739 3054 851 3155 quoad
884 3054 1065 3127 essentiam
1092 3052 1182 3126 idam

56 3184 113 3243 est
127 3195 169 3243 ac
186 3170 436 3245 matrimonium
455 3188 724 3247 consummatum
738 3172 831 3245 iuxta
848 3171 958 3243 tritam
977 3169 1183 3244 matrimonii

57 3283 314 3360 definitionem:
350 3289 421 3360 ciri
452 3314 491 3361 oc
508 3288 674 3379 ,mutiero
709 3287 855 3386 leqitimo
884 3287 1065 3359 coniunctio
1094 3285 1184 3359 iodi-

56 3399 196 3472 viduum
211 3404 300 3474 citae
316 3404 499 3474 societatem
515 3404 680 3474 retinens:
699 3401 853 3501 adeoque
871 3401 1062 3475 firmitatem
1080 3400 1185 3474 habet

56 3514 331 3590 indissolubilem
350 3533 422 3590 tum
440 3518 513 3590 iure
529 3516 644 3591 divino
671 3535 741 3590 tum
769 3518 842 3590 iure
866 3515 1026 3591 naturali.
1043 3516 1093 3588 lix
1110 3516 1183 3589 iure

57 3631 199 3731 quidem
221 3629 359 3722 divino,
387 3630 468 3733 quia
491 3650 529 3708 ut
549 3632 700 3734 loquitur
724 3633 942 3707 tridentinum
962 3658 1049 3706 sess.
1064 3631 1178 3703 xxiv.

60 3746 310 3846 «Perpetuum,
332 3746 673 3849 indissolubilemque
689 3775 811 3822 nexum
831 3746 1034 3822 matrimonii
1053 3744 1182 3843 primus

57 3862 201 3935 humani
226 3862 360 3961 generis
395 3888 519 3962 parens
545 3863 653 3938 diuini
679 3864 825 3964 Spiritus
851 3864 1012 3937 instinctu
1033 3884 1183 3962 pronun·

57 3975 183 4064 ciavit,
205 4003 281 4051 cum
303 3976 408 4051 dixit:
429 3977 502 4052 Hoc
526 4002 616 4052 nunc
642 4005 682 4052 os
708 4004 749 4052 ex
774 3977 911 4054 ossibus
937 3977 1023 4050 meis
1033 3974 1183 4049 'etcaEt

133 4172 185 4234 (ot)
198 4174 268 4230 Quae
285 4174 352 4226 enirn
363 4175 421 4225 ante
433 4173 566 4225 namnum
582 4175 614 4223 v.
627 4185 641 4223 a
655 4173 781 4225 nonnullis
796 4172 953 4237 proteruntur
969 4171 1042 4222 huius
1056 4168 1180 4235 dispensa·
1215 4156 1217 4159 ’

55 4252 136 4303 tionis
145 4254 272 4317 exempla,
286 4255 322 4307 uti
337 4269 358 4306 s.
369 4255 479 4320 Gregorii
494 4256 549 4306 vti.
561 4253 644 4318 quoad
654 4255 769 4306 comitem
781 4252 937 4316 idemtidem,
952 4255 977 4304 ct
992 4249 1125 4304 Alexandri
1137 4251 1181 4301 tit.

54 4334 128 4384 extra
139 4345 192 4385 rem
207 4336 274 4385 sunt.
