2796 5064
241 346 310 420 202
372 367 434 432 nm.
449 363 498 419 ιιι.
515 363 602 419 sees.
619 367 750 418 aurum.
767 365 808 418 nu
824 365 936 420 utores
955 366 1050 425 ura.
1067 366 1194 425 tumr.

237 486 343 562 semel
368 486 538 583 admissa,
557 471 603 558 'ut
625 484 827 560 recentiores
853 484 889 558 hi
914 487 1112 588 interpretes
1138 489 1344 590 profitentur,

239 599 332 677 nulla
355 602 493 678 omuino
514 616 640 676 uetaret
661 601 697 673 in
720 600 790 676 illis
814 600 928 677 verbis
951 602 1145 704 difssmltes.

313 717 594 820 Quandoquidem
620 742 699 792 voro
730 717 869 793 unicum
896 735 1130 817 argumentum
1153 721 1199 796 ad
1233 747 1347 798 novam

240 833 328 908 hano
345 835 651 934 interpretationem
667 833 938 934 persuadendam
953 835 1077 935 petitur
1091 862 1132 910 ex
1151 836 1346 938 philologia,

239 949 336 1050 quia,
368 948 543 1050 inquiunt,
570 948 673 1023 uerba
695 948 754 1022 illa
778 964 913 1049 sumpte
937 975 1038 1023 euuau
1061 951 1346 1049 sommetmuis....

237 1066 308 1137 uisi
326 1065 365 1137 od
385 1066 630 1164 fornicationem
652 1089 715 1138 nee
739 1065 952 1163 significant,
976 1091 1040 1140 neo
1062 1066 1260 1166 significare
1277 1095 1349 1168 pus

239 1196 319 1254 sunt
341 1179 506 1279 flagitium
532 1181 576 1254 ab
601 1179 761 1256 altemtro
783 1180 1010 1280 legitimorum
1033 1182 1218 1281 coniugum
1244 1199 1349 1282 patra

239 1312 311 1370 tum
329 1321 406 1370 eum
423 1310 601 1385 extraneo;
626 1297 691 1372 hoe
711 1296 801 1370 euim
825 1323 893 1372 non
916 1297 1001 1372 forat
1023 1284 1184 1395 πορνεία
1210 1299 1349 1398 [moue

239 1414 307 1497 tio,
337 1413 511 1514 inquiunt,
536 1411 597 1487 sed
621 1398 788 1508 μοιχιία
813 1412 1036 1499 adulterium,
1071 1438 1141 1514 qua
1172 1438 1260 1490 noue
1290 1412 1350 1489 tale

237 1527 402 1629 flagitium
431 1528 587 1603 Christus
616 1543 806 1604 constanter
830 1528 1022 1628 designavit
1042 1528 1079 1603 iu
1100 1527 1172 1605 illis
1193 1531 1350 1606 sermoni

237 1639 321 1731 bns3
349 1659 498 1744 praestat
521 1643 646 1732 modo,
673 1660 713 1718 ut
736 1670 776 1718 ex
801 1644 878 1745 ipsa
902 1643 1089 1744 philologia
1119 1662 1349 1744 argumentum

239 1757 332 1858 quod
361 1758 501 1834 affertur
524 1775 726 1834 evertamus.
1143 1771 1146 1776 ’

312 1875 383 1948 lam
406 1899 486 1949 vem
509 1899 625 1949 vocem
640 1859 818 1973 rropmr'ut
835 1876 1024 1974 genoricum
1048 1901 1150 1966 esse,
1178 1891 1217 1952 et
1239 1875 1286 1952 ad
1307 1876 1349 1959 si

131 2068 133 2071 ,
238 1990 468 2089 guifioandum
493 1989 686 2090 promiscue
699 1993 924 2077 ,scortationis
949 1992 1076 2068 crimen
1102 1991 1176 2068 sire
1202 2017 1280 2066 enm
1304 2015 1349 2066 so

239 2103 331 2194 luta,
360 2103 432 2179 sive
455 2130 533 2179 eum
558 2104 699 2179 muliere
722 2105 936 2183 matrimonio
960 2105 1118 2206 uopulata
1141 2105 1282 2180 tradunt
1302 2103 1349 2180 vol

239 2218 306 2320 ipsi
323 2218 435 2318 graeei
455 2234 621 2295 aucturus.
638 2222 725 2295 Sane
738 2221 860 2297 Svidae
872 2247 962 2297 uuus
979 2248 1020 2296 en
1037 2222 1124 2323 ipsis
1144 2249 1163 2292 r
1181 2205 1349 2322 topatio,

239 2334 368 2435 inquit,
391 2335 492 2410 etiam
516 2350 569 2411 est
588 2338 859 2436 intemperentia,
880 2337 972 2438 quod
992 2340 1247 2434 (suortatores)
1267 2361 1350 2410 mou

238 2464 306 2523 tem
331 2448 478 2525 habeant
507 2450 696 2524 induratum
713 2480 758 2539 ‚n
786 2452 822 2524 in
852 2478 921 2552 qua
953 2451 1202 2551 significatione
1233 2451 1350 2552 paritur

239 2590 269 2639 s.
286 2564 490 2639 Athanasius
512 2566 650 2640 scribit:
671 2552 862 2666 «πορνεία
887 2568 1031 2656 dieitur,
1050 2568 1138 2668 quod
1152 2584 1233 2642 erut
1249 2571 1350 2642 iusso

241 2696 358 2769 tutem·
373 2696 408 2756 et
419 2681 510 2782 quod
527 2681 688 2781 depravet
707 2681 760 2756 vel
781 2683 879 2813 puasi
901 2700 1055 2758 excaecet
1073 2698 1223 2758 mentam
1238 2685 1347 2780 (80).n

239 2796 302 2871 Est
319 2813 431 2871 autem
454 2822 478 2873 a
500 2781 645 2897 neptuim
670 2796 723 2871 vel
746 2818 922 2894 πιρνημι,
946 2799 1039 2901 quod
1055 2814 1109 2873 est
1123 2797 1243 2872 orode.
1259 2799 1349 2872 Seor-

239 2927 326 2988 tator
349 2913 440 2987 enim
466 2939 589 3013 eorpus
615 2938 713 3009 suum
739 2913 929 3011 prostituit,
953 2928 988 2988 et
1003 2912 1107 2987 veluti
1132 2912 1252 2987 vendit
1266 2929 1301 2987 et
1314 2936 1348 2985 er

239 3053 280 3104 eo
298 3044 475 3129 quaestum
493 3028 585 3102 feeit.
606 3027 784 3128 Adeoque,
800 3043 839 3103 ut
850 3029 1018 3116 diximus,
1034 3054 1101 3104 vox
1114 3028 1347 3126 generieaeat,

238 3169 328 3244 quae
350 3144 519 3241 signifieat
538 3145 799 3243 prostitutionem
823 3161 857 3219 et
880 3146 1116 3218 scortationem.
1133 3143 1186 3216 Ex
1204 3143 1349 3218 subiseta

240 3275 351 3332 autem
368 3260 509 3333 materia
531 3259 791 3346 determinatur,
818 3258 957 3333 ubinam
981 3244 1140 3356 πορνεία
1163 3257 1212 3333 de
1236 3260 1350 3360 prosti-

239 3373 367 3448 tutione
387 3399 464 3449 unm
485 3372 596 3449 soluta
613 3399 656 3446 au
673 3400 754 3449 uero
775 3401 852 3449 eum
873 3376 1085 3451 matrimonio
1109 3374 1229 3450 iuncta
1249 3373 1349 3474 aueipi

240 3489 381 3579 debeat,
410 3515 529 3591 nempe
553 3489 596 3562 de
620 3490 765 3591 simplici
791 3492 1010 3568 fornicatione
1033 3508 1092 3566 aut
1107 3492 1151 3566 do
1174 3491 1346 3566 adulterio.

313 3607 401 3679 Sans
432 3605 585 3679 videmus
617 3605 752 3679 notione
785 3605 942 3680 adulterii
973 3593 1147 3708 troparium
1173 3634 1195 3682 a
1226 3608 1350 3708 graecis

240 3722 419 3821 usurpari;
448 3721 499 3795 sie
523 3720 678 3796 Clemens
705 3719 790 3794 alen.
815 3720 898 3795 dicit
921 3708 1096 3820 πορνείαν
1121 3748 1201 3798 esse
1226 3725 1271 3799 eb
1293 3748 1349 3796 um

238 3839 445 3912 matrimomo
478 3836 523 3910 ud
553 3838 656 3936 plura
685 3837 926 3937 prolapsionem
949 3841 1063 3936 (81).s
1081 3841 1118 3911 ln
1147 3839 1217 3914 hae
1242 3840 1348 3915 eadem

313 4096 605 4160 (mmmmm

312 4176 362 4238 (tt)
377 4177 502 4226 stromat.
523 4174 567 4225 tio.
589 4177 633 4225 111.
656 4189 710 4240 pag.
730 4179 784 4227 tot.
803 4176 846 4240 qui
870 4178 996 4240 praeterea
1015 4177 1058 4229 tth.
1074 4181 1141 4247 vlu.
1159 4192 1216 4244 pag.
1228 4179 1346 4231 resuta

239 4248 361 4326 πορνείας
379 4269 421 4308 seu
443 4256 613 4308 fornicationis
631 4257 724 4321 species
743 4258 818 4309 etiam
835 4259 948 4309 numerat
966 4250 1285 4324 praetorianorum
1301 4258 1345 4307 stt·

240 4335 329 4398 dium,
347 4336 506 4399 Insertum,
523 4337 608 4390 eoduu
626 4348 699 4390 sensu
717 4337 823 4389 snmttnr
842 4339 912 4390 nom.
925 4341 945 4390 t.
961 4344 1011 4402 tt,
1024 4339 1054 4391 ut
1067 4339 1171 4404 exponit
1180 4337 1345 4406 uenustus·
