2796 5064
139 333 210 405 272
287 354 350 406 urs.
372 356 418 408 ιιι.
435 356 524 408 sacr.
546 356 678 408 rursm.
702 357 742 408 ns
767 356 880 409 runnu.
902 352 997 411 nunt.
1016 357 1141 413 aanor.

138 500 284 573 eumque
305 473 400 546 aliud
417 474 580 572 flagitium
607 491 738 576 praeter
761 473 965 550 adulterium
988 476 1201 553 concessisse
1214 477 1253 549 ti-

139 587 265 664 bellum
292 590 444 688 repudii;
467 590 566 691 quasi
589 618 710 691 nempe
726 618 767 665 ex
784 607 895 666 mente
919 591 1079 691 Origenis
1103 592 1253 667 Obristus

139 703 339 777 solutionem
371 705 518 803 coniugii
547 706 660 806 quoad
689 706 861 781 vinculum
895 709 1086 808 permiserit
1111 709 1157 782 ad
1183 735 1254 782 eum

140 818 289 904 modum,
311 846 378 919 quo
396 820 531 919 Moyses
559 820 651 892 illam
676 838 889 895 concesserat
904 821 948 896 ob
965 821 1050 896 alios
1078 823 1154 896 siue
1179 821 1256 922 phy·

141 929 230 1004 sieos
246 931 317 1004 sive
331 932 474 1006 morales
496 933 659 1007 defectus.
676 935 759 1007 Nam
777 962 854 1008 eum
878 936 1091 1035 praemiserit
1108 935 1254 1010 sclavini

140 1064 245 1119 morte
270 1045 443 1119 mulierem
471 1046 610 1119 liberam
637 1048 727 1121 effici
753 1048 794 1121 ad
821 1049 907 1121 alias
933 1050 1100 1123 ineundas
1127 1051 1255 1150 nuptias

140 1161 313 1236 adducens
342 1163 569 1236 testimonium
583 1163 753 1263 Apostoli3
774 1191 919 1264 cumque
941 1165 1123 1264 episcopos
1143 1165 1256 1237 dixerit

139 1275 252 1373 egisse
277 1295 392 1350 contra
413 1277 605 1375 scripturae
628 1278 735 1375 legem
755 1305 795 1350 en
812 1305 852 1352 eo
869 1277 960 1377 quod
980 1279 1199 1378 permiserint
1213 1279 1256 1350 vi·

138 1408 236 1465 vente
262 1391 375 1465 adbuc
400 1392 472 1466 viro
499 1392 698 1466 mulieribus
725 1393 851 1466 nubere
875 1393 969 1467 alteri
993 1393 1087 1482 uiro3
1110 1419 1190 1467 cum
1207 1393 1255 1466 de

139 1506 243 1604 nique
268 1506 523 1604 ingeminaverit
546 1506 672 1580 Christi
699 1506 838 1580 effatum
857 1508 899 1580 ab
916 1508 1011 1581 initio
1028 1535 1094 1580 uon
1111 1509 1180 1608 suit
1194 1511 1250 1589 εἰσ,

141 1622 212 1694 fueri
239 1621 356 1721 nequit
383 1639 420 1694 ut
446 1621 610 1720 Origenes
636 1622 896 1724 comparaverit,
918 1649 978 1696 seu
997 1623 1113 1721 potius
1139 1648 1255 1724 aequa-

140 1735 225 1809 verit
240 1735 428 1809 facultatem
444 1763 464 1808 a
479 1735 614 1810 Christo
628 1737 740 1809 datam
754 1735 945 1810 dimittendi
965 1761 1102 1811 uxorem
1118 1737 1154 1808 in
1167 1762 1254 1809 ceusu

140 1852 367 1951 fornicationis
393 1878 469 1925 cum
490 1851 646 1925 facultate
666 1878 827 1925 concessa
845 1878 865 1924 a
882 1853 997 1952 Moyse
1014 1851 1059 1925 ob
1077 1851 1254 1951 foeditatem

140 1966 351 2050 dissoluendi
385 1966 578 2065 coniugium
603 1967 715 2066 quoad
739 1965 924 2040 vinculum.
954 1967 1071 2040 Restat
1102 1966 1204 2065 igitur
1223 1981 1254 2038 ut

141 2083 386 2181 comparaverit
412 2099 542 2156 tantum
568 2083 680 2183 quoad
708 2083 962 2171 dimissionem,
993 2109 1055 2156 scu
1081 2081 1252 2157 divortium

137 2225 161 2271 ,a
188 2214 259 2272 toro
285 2216 318 2272 ct
342 2198 616 2286 cohabitatione,
645 2198 797 2298 alioquin
829 2198 896 2272 sibi
921 2198 1012 2271 haud
1039 2198 1248 2273 constitisset.

141 2312 228 2386 Hinc
253 2312 407 2385 dicamus
434 2339 573 2386 neeesse
599 2331 652 2387 est
670 2312 849 2411 Origenem
877 2311 1147 2412 parallelismum
1172 2309 1250 2385 baud

141 2426 331 2500 instituisse
348 2427 438 2499 eirca
455 2429 585 2525 effectus
601 2427 737 2500 diuortii
752 2428 903 2501 concessi
919 2428 1069 2527 alloysc
1086 2443 1120 2501 et
1138 2424 1250 2501 aChri·

141 2555 214 2626 sto,
244 2539 303 2613 sed
330 2540 439 2614 solum
466 2541 552 2613 inter
576 2567 692 2614 causes
711 2541 865 2625 diuortii,
887 2568 976 2640 quae
997 2541 1114 2638 plures
1137 2539 1247 2614 consti-

141 2670 232 2728 tutae
256 2683 277 2728 a
295 2657 409 2756 lloyse
431 2657 581 2741 fuerant,
602 2658 700 2728 unico
721 2683 800 2730 voro
826 2684 846 2730 a
869 2657 1003 2728 Christo
1021 2655 1178 2731 Domino.
1204 2653 1247 2724 Sic

141 2771 255 2843 omnia
279 2787 525 2868 componuntur
553 2796 593 2842 ac
619 2771 744 2870 optima
769 2769 963 2844 cohaerent.

213 2886 322 2986 Atque
350 2886 413 2959 hnc
443 2887 572 2959 ratione
602 2886 667 2958 inm
702 2885 848 2959 solutum
879 2886 1005 2984 pariter
1034 2903 1090 2959 est
1120 2884 1246 2959 dubium

142 3003 304 3102 primum,
327 3030 394 3103 quo
420 3029 544 3102 auceps
572 3003 679 3076 factus
697 3018 747 3075 est
764 3001 987 3100 Tournelyus.

215 3118 266 3189 Ad
292 3117 433 3191 alterum
448 3144 527 3190 uero
546 3116 685 3189 dubium
708 3117 847 3215 petitum
865 3143 905 3188 ex
924 3116 1074 3216 eoquod
1096 3115 1245 3214 Origenes

143 3232 326 3330 ancipitem
353 3259 390 3306 se
416 3232 608 3331 praebuerit
633 3232 745 3331 quoad
772 3231 858 3304 alias
884 3257 1008 3305 causas
1033 3230 1181 3305 faciendi
1207 3226 1247 3299 di·

141 3348 306 3434 vortium,
323 3348 512 3420 cuiusmodi
528 3363 606 3420 sunt
619 3347 818 3419 veneficium
834 3347 969 3445 aliaque
983 3345 1136 3444 flagitia,
1153 3340 1245 3446 quod,

143 3462 258 3548 aiunt,
288 3462 397 3535 locum
424 3463 549 3535 habere
574 3489 641 3535 non
668 3478 802 3562 posset,
832 3463 861 3535 si
889 3462 963 3560 ipse
989 3460 1032 3534 de
1051 3461 1126 3535 sola
1147 3459 1247 3534 dimis-

142 3576 239 3649 siouo
264 3577 375 3675 quoad
402 3593 510 3651 torum
536 3594 569 3649 et
594 3575 835 3649 habitationem
868 3576 1000 3649 locutus
1032 3576 1181 3662 fuisset,
1208 3595 1247 3643 rc

142 3691 293 3791 spondeo
319 3691 438 3763 exinde
464 3691 572 3789 magis
600 3690 751 3790 patefieri
771 3690 951 3787 Origenem
979 3716 1046 3762 non
1067 3690 1246 3787 assignasse

143 3805 394 3880 fornicationem
422 3805 493 3878 sive
518 3805 720 3878 adulterium
748 3805 795 3877 uti
823 3831 961 3897 eausam
988 3803 1168 3878 solutionis
1189 3801 1246 3875 rin·

143 3921 210 3995 culi
229 3921 431 4018 coniugalis.
453 3921 649 4020 Siquidem,
672 3922 700 3992 si
720 3921 763 3994 ita
784 3921 949 3994 sensisset
966 3918 1147 4017 Origenes,
1168 3913 1247 3992 facile

143 4038 210 4138 ipsi
238 4038 357 4111 fuisset
382 4037 456 4110 sine
480 4036 549 4110 ulla
575 4034 783 4110 dubitatione
809 4036 843 4107 in
869 4033 1006 4110 casibus
1025 4034 1092 4108 sibi
1111 4028 1256 4136 proposi·

143 4152 187 4225 tis
212 4151 339 4224 licitam
364 4151 542 4225 ostendere
566 4150 800 4226 dimissionem
826 4176 865 4223 ac
884 4149 1135 4248 separationem
1152 4138 1246 4248 quood

143 4265 331 4345 vinculum,
363 4266 533 4364 simulque
558 4280 674 4339 notare
703 4266 886 4338 discrimen
917 4263 1009 4364 qued
1042 4261 1246 4365 interponitur
