2796 5064
239 238 312 313 ult
384 254 751 317 nmrnsrurmurrm.
771 255 812 308 nr
828 253 943 308 mnes.
962 252 1060 309 mre.
1080 252 1210 308 curor.

238 377 282 455 ad
301 402 457 479 poenam.
471 373 646 476 Siquidem
671 373 911 450 interveniente
931 372 1094 461 diuortio,
1115 399 1186 449 non
1210 372 1353 451 aboletur

240 491 299 566 illa
315 489 563 566 confoederatio
580 488 759 591 nuptialis,
774 488 822 562 ita
832 504 872 562 nt
883 487 950 563 sibi
968 488 1130 588 coniuges
1147 489 1242 579 sint,
1260 491 1352 566 etian

239 606 408 709 separati;
437 631 514 680 oum
540 604 610 678 illis
628 620 741 678 autem
763 603 964 679 adulterium
981 605 1215 693 committant,
1236 606 1355 707 quibus

241 722 366 797 luerint
389 722 490 795 etiam
517 735 594 822 post
619 746 718 794 suum
744 719 921 820 repudium
946 719 1114 819 copulati,
1133 719 1190 794 vel
1215 720 1278 796 illa
1291 723 1355 797 uiro

240 837 293 912 vel
319 836 376 911 ille
400 836 545 910 mulieri.
570 837 638 910 Nec
665 851 775 909 tamen
801 834 868 909 nisi
894 836 931 907 in
956 835 1165 909 civitatellei
1185 837 1306 924 nostri,
1326 837 1354 911 in

242 967 354 1026 monte
380 968 498 1026 sancto
523 952 618 1037 eine,
647 949 725 1024 talis
750 965 804 1023 est
826 976 932 1025 cansa
957 975 1033 1023 cum
1058 975 1176 1025 uxore.
1208 950 1353 1026 cotenu

240 1067 338 1141 aliter
362 1092 400 1139 se
426 1064 551 1139 habere
578 1065 652 1138 iura
676 1063 870 1163 gentilium,
898 1064 977 1165 quie
1002 1065 1154 1162 ignorat,
1174 1065 1237 1139 ubi
1263 1068 1354 1142 inter-

241 1183 353 1281 posito
378 1179 518 1281 repudio
536 1181 610 1255 sine
628 1195 721 1255 reatu
746 1178 860 1281 aliquo
885 1179 1024 1255 ultionis
1048 1179 1233 1270 humanae,
1255 1198 1291 1256 et
1304 1182 1354 1256 illa

240 1297 295 1372 cui
312 1297 457 1372 voluerit
480 1296 595 1384 nubit,
617 1309 651 1369 et
676 1294 734 1370 ille
754 1321 858 1396 quam
883 1293 1045 1403 voluerit,
1066 1295 1174 1370 ducit.
1196 1296 1261 1371 Cui
1283 1324 1353 1373 con·

242 1411 413 1486 suetudini
432 1409 545 1485 simile
558 1408 702 1509 aliquid,
724 1425 860 1511 propter
876 1407 1100 1484 israelitarum
1117 1408 1297 1500 duritiam,
1311 1412 1352 1487 ri·

239 1526 339 1602 detur
355 1526 551 1627 permisisse
577 1526 711 1626 Moyses
732 1525 776 1599 de
793 1523 909 1600 libello
930 1523 1075 1625 repudii.
1097 1524 1176 1612 Qua
1194 1525 1232 1599 in
1251 1553 1288 1601 re
1306 1554 1352 1601 er·

240 1641 394 1743 probatio
414 1668 516 1742 quam
538 1639 759 1743 approbatio,
775 1640 911 1716 divortii
932 1640 1041 1737 magis
1060 1659 1205 1742 apparet
1219 1645 1349 1741 (lille

242 1759 324 1833 ltem
349 1758 441 1859 quod
466 1758 515 1833 ait
542 1759 651 1830 Troct.
672 1757 729 1829 lx.
750 1758 786 1830 iu
810 1757 946 1831 domin
970 1783 1040 1858 qua
1062 1759 1352 1858 responsiono,si

241 1872 465 1961 meministis,
487 1872 552 1947 hoo
569 1871 616 1947 ait
632 1870 830 1970 (Christus):
844 1871 939 1960 Quod
955 1873 1043 1947 Deua
1055 1874 1250 1961 coniunxit,
1275 1876 1353 1949 leno

240 2014 305 2060 coc
329 2001 468 2087 separet.
488 1987 531 2061 Et
555 1987 615 2089 qui
647 1985 735 2062 bene
759 1986 881 2062 eruditi
908 2003 989 2063 sunt
1017 1987 1053 2061 in
1081 1987 1151 2063 lide
1176 1990 1351 2075 catholiea,

243 2119 406 2179 noverunt
424 2103 515 2204 quod
540 2104 632 2178 Deus
656 2104 774 2178 lecerit
798 2104 953 2205 nuptias,
973 2119 1008 2180 et
1024 2105 1113 2180 sicut
1129 2108 1354 2183 coniunctius

241 2218 324 2308 Deo,
337 2219 385 2294 ita
397 2220 578 2295 divortium
594 2246 616 2295 a
631 2220 767 2297 diabolo
785 2222 841 2295 sit.
851 2221 916 2296 Sed
935 2236 1112 2322 propterea
1128 2221 1167 2296 in
1184 2224 1354 2300 causalor

245 2335 425 2411 nicationis
439 2334 516 2410 licet
529 2362 667 2410 uxorem
682 2336 866 2423 dimittere,
883 2336 965 2437 quin
982 2337 1059 2437 ipsa
1078 2363 1160 2413 esse
1176 2365 1266 2414 uxor
1278 2339 1355 2442 pn‘or

242 2452 368 2539 noluit,
385 2477 473 2552 quae
487 2452 588 2526 fidem
603 2450 814 2550 coniugalem
829 2451 949 2528 marito
967 2480 1034 2528 non
1051 2455 1204 2529 servavit
1225 2458 1352 2553 (illle

312 2568 433 2641 Verum
448 2594 557 2667 neque
569 2567 750 2667 ancipitem
765 2594 803 2642 ee
816 2568 852 2641 in
867 2568 932 2643 hac
946 2568 1098 2643 deumne
1116 2597 1147 2643 s.
1157 2572 1294 2646 Ductor
1307 2586 1354 2644 aut

241 2682 382 2756 dubium
408 2682 561 2756 exhibuit
577 2682 611 2754 in
628 2682 770 2757 obiectis
792 2681 897 2772 locis,
918 2683 1023 2757 multo
1045 2709 1127 2759 vero
1152 2685 1271 2762 minus
1288 2683 1354 2761 sibi

241 2797 377 2896 metipsi
404 2796 621 2871 eontrarium.

314 2912 447 2986 Etenim
472 2911 657 2986 adversarii
683 2911 717 2984 in
742 2911 844 3013 priori
871 2926 960 2986 textu
985 2938 1026 2986 ex
1055 2912 1115 2986 lib.
1142 2914 1194 2989 De
1220 2914 1351 2989 odultm

241 3028 422 3124 conlapsis,
452 3044 627 3126 procerte
654 3042 833 3101 assumunt
863 3052 892 3100 s.
915 3026 1139 3125 Augustinum
1167 3030 1353 3103 nominatim

242 3140 285 3213 ad
314 3141 546 3239 quaestionem
573 3143 615 3215 de
648 3142 814 3217 solutione
847 3141 1034 3240 coniugalis
1066 3143 1197 3217 vinculi
1231 3160 1355 3244 propter

242 3253 443 3327 adulterium
471 3252 650 3343 allusisse3
674 3273 842 3343 attamen,
865 3257 912 3330 uti
939 3272 1029 3356 patet
1053 3282 1095 3330 ex
1120 3259 1276 3333 recitatis
1292 3259 1353 3332 eins

242 3369 377 3456 verbis,
400 3370 473 3468 ipse
491 3368 550 3443 illa
572 3371 710 3471 protulit
733 3372 915 3469 generatim
933 3372 975 3445 de
992 3373 1193 3472 quaestione
1217 3370 1352 3470 coniugii

242 3484 412 3572 universa,
434 3512 536 3584 quarn
556 3513 652 3561 nemo
671 3486 845 3584 negaverit
860 3512 1021 3587 umquam
1040 3485 1168 3561 talibus
1185 3486 1351 3563 obnoxiam

242 3624 319 3672 csse
347 3598 623 3688 difficultatibus,
661 3628 749 3702 quae
780 3600 916 3675 nonnisi
943 3626 1042 3698 aegre
1075 3600 1276 3689 solvuntur,
1302 3623 1350 3673 nec

243 3714 405 3787 hactenus
424 3716 507 3789 lorte
526 3716 656 3790 solutae
669 3732 759 3791 sunt.
777 3716 913 3789 Materia
930 3716 1020 3789 enim
1038 3715 1298 3791 matrimonialis
1309 3713 1349 3786 di·

243 3829 342 3905 ficilis
360 3845 412 3904 est
429 3831 513 3905 iuris
532 3832 709 3931 utriusque
727 3832 863 3930 peritis,
879 3829 1029 3904 difficilis
1052 3829 1193 3905 moralis
1209 3826 1347 3928 discipli-

243 3971 307 4020 nae
332 3946 601 4034 institutoribus,
625 3945 776 4021 difficilis
799 3946 983 4022 bibliorum
1008 3945 1276 4047 expositoribus,
1293 3939 1345 4016 dil·

314 4133 380 4196 (176)
395 4136 456 4198 cap.
471 4136 525 4185 Vll.
537 4136 563 4186 el
578 4136 643 4185 vul.
657 4135 703 4185 loc.
714 4133 756 4184 cit.
768 4147 823 4198 pag.
832 4140 877 4185 ott
888 4146 956 4196 seqq.

313 4211 378 4272 (177)
394 4215 457 4275 opp.
468 4215 528 4263 torn.
540 4215 582 4262 ru.
596 4226 621 4263 n.
634 4220 656 4263 2.
666 4213 714 4263 col.
728 4220 773 4263 too
788 4226 839 4275 seq.
