2796 5064
236 347 305 418 tat
368 366 430 420 ιιι.
447 367 496 418 ιιι.
512 365 599 418 sacr.
618 365 748 417 aarum.
765 366 806 416 na
823 365 936 418 mnrss.
958 365 1054 418 nra.
1071 362 1196 417 causa.

235 487 300 562 lice
326 503 384 560 aut
408 484 612 573 concubium
641 511 702 558 nec
729 484 831 559 aliam
864 510 1001 559 causam
1035 483 1182 557 admittit
1214 481 1348 557 divortii

235 620 367 706 praeter
384 592 657 690 fornicationem,
673 627 762 702 quae
778 602 1008 702 supervenerit
1017 626 1098 674 vero
1109 599 1270 698 coniugio
1282 599 1347 673 iam

236 719 332 793 inito.
353 719 445 792 Idem
471 719 526 792 dic
552 718 594 792 de
618 718 723 793 altero
754 732 845 791 textu
876 717 993 791 Matth.
1013 717 1101 790 xlx.
1123 717 1158 788 8.
1178 731 1214 789 et
1231 718 1268 787 9.
1290 713 1347 787 ubi

236 833 392 908 Christus
411 833 562 908 eamdem
580 833 698 936 repetit
711 833 911 906 sententiam
925 831 1125 907 clarioribus
1144 830 1262 905 adhuc
1276 856 1349 904 vcr-

237 947 293 1023 his
318 948 455 1023 dicens:
470 948 667 1035 «Quoniam
693 949 827 1049 Moyses
852 949 896 1021 ad
920 947 1078 1022 duritiam
1106 945 1222 1020 cordis
1247 945 1347 1020 vestri

237 1064 392 1163 permisit
411 1063 508 1139 vohis
534 1063 702 1138 dimittere
726 1090 846 1138 errores
877 1078 1026 1137 vestras:
1047 1048 1089 1134 ah
1114 1061 1213 1135 initio
1238 1076 1347 1134 autem

238 1205 305 1253 nou
332 1179 395 1253 luit
412 1165 473 1252 sio.
494 1179 577 1252 Dico
594 1196 705 1252 autem
723 1179 840 1268 vohis,
861 1178 944 1278 quia
959 1178 1166 1278 quicumque
1183 1175 1349 1249 dimiserit

236 1318 375 1366 uxorem
397 1318 515 1380 suam,
544 1293 610 1366 nisi
633 1292 676 1367 oh
703 1293 976 1380 fornicationem,
1004 1306 1037 1364 et
1066 1290 1168 1365 aliam
1197 1290 1343 1376 duxerit,

236 1406 448 1495 moechatur,
474 1421 507 1479 et
531 1407 589 1507 qui
616 1406 792 1481 dimissam
825 1407 977 1494 duxerit,
1005 1405 1348 1491 moechatur.»Quis·

237 1548 316 1596 uam
340 1548 421 1596 raro
448 1523 534 1597 haec
555 1523 669 1620 legens
696 1525 923 1623 suspicaretur
946 1522 990 1595 de
1011 1521 1214 1596 dimissione
1232 1546 1348 1596 concu-

238 1638 341 1713 binae
363 1639 541 1713 cuiusdam
567 1657 625 1713 aut
650 1639 781 1739 pellicis
807 1655 900 1713 extra
928 1638 1114 1737 legitimum
1145 1636 1347 1712 connubium

237 1771 271 1830 et
295 1782 362 1829 non
388 1755 431 1828 de
455 1782 534 1830 vera
556 1782 659 1830 uxore
683 1782 871 1830 sermonem
896 1753 1037 1828 haberi?

277 1867 280 1871 ’
312 1874 346 1944 2.
368 1871 489 1947 Obstat
514 1872 595 1947 huie
619 1874 819 1974 expositioni
839 1871 1051 1972 subsequens
1068 1869 1195 1943 Christi
1222 1883 1350 1944 senten·

204 2029 205 2032 π
237 1985 296 2059 tia.
318 1985 449 2057 Etenim
475 1987 629 2061 Christus
654 2004 797 2087 utroque
823 1987 857 2058 in
887 1986 960 2059 loco
989 1984 1175 2059 decretoria
1208 2011 1351 2084 pronun·

240 2101 320 2185 ciat,
331 2126 407 2173 eum
421 2102 480 2203 qui
494 2101 672 2174 dimissam
690 2101 841 2189 duxerit,
857 2101 1055 2174 adulterare.
1069 2101 1172 2174 Porro
1190 2099 1352 2173 adulterat

238 2214 376 2315 quidem
394 2215 453 2315 qui
471 2241 607 2288 uxorem
626 2216 763 2290 alterius
780 2216 893 2289 adhuc
910 2215 1053 2290 viventis
1071 2214 1151 2288 licet
1161 2215 1349 2304 dimissam,

239 2328 353 2416 ducit,
375 2328 466 2402 nullo
482 2354 562 2412 roro
577 2331 677 2403 modo
696 2330 862 2404 adulterat
878 2330 936 2430 qui
951 2329 1173 2404 concubinam
1191 2327 1240 2402 ah
1257 2328 1353 2402 altero

238 2442 415 2517 dimissam
446 2445 482 2515 in
508 2445 756 2519 matrimonium
782 2445 847 2518 sihi
873 2444 1044 2544 copularet
1071 2446 1161 2540 (bh).
1193 2444 1301 2518 lmmo
1326 2441 1350 2515 si

238 2559 387 2656 legitime
412 2559 446 2631 id
472 2559 571 2632 laciat
595 2586 638 2631 ne
664 2575 780 2659 peccat
805 2558 953 2658 quidem.
975 2557 1128 2632 Attamen
1143 2584 1185 2631 ex
1202 2557 1348 2630 Christo:

240 2676 302 2775 qui
325 2675 495 2748 dimissam
520 2675 669 2759 decerit,
691 2674 872 2760 adulterat·
892 2700 973 2772 ergo
989 2690 1106 2773 aperta
1132 2673 1246 2748 lronte
1270 2673 1352 2747 eius·

240 2790 332 2865 modi
357 2790 522 2888 expositio
547 2789 746 2863 adversatur
770 2788 896 2861 Christi
923 2789 1121 2862 sententiae.

313 2907 346 2980 3.
368 2905 489 2982 Obstat
514 2906 567 2979 vis
594 2907 669 3005 ipsa
693 2931 733 2978 ac
763 2920 911 3004 potestas
939 2905 1031 2980 vocis
1055 2887 1243 3003 πορνεία,
1271 2928 1349 3004 quae

238 3021 283 3094 ab
309 3022 353 3095 iis
375 3021 422 3095 ita
449 3021 667 3118 intelligitur,
694 3035 732 3092 ut
755 3020 926 3120 duplicem
951 3035 1077 3093 tantum
1099 3019 1348 3094 fornicationem

239 3136 391 3233 designet
404 3136 477 3209 sine
491 3135 665 3231 coniugio,
683 3135 822 3207 minime
834 3162 913 3210 vero
931 3134 1133 3208 adulterium
1151 3151 1233 3234 post
1245 3134 1346 3238 ipsum

240 3250 425 3348 legitimum
452 3249 657 3347 coniugium.

313 3365 434 3437 Notum
453 3388 553 3461 porro
570 3379 621 3436 est
638 3390 679 3436 ex
697 3363 867 3436 cummuni
885 3363 1078 3462 Scripturas
1103 3363 1271 3464 loquendi
1290 3387 1346 3436 usu

239 3503 354 3552 vocem
378 3462 552 3577 πορνείαν
568 3478 814 3577 fornicationem
843 3481 1033 3580 promiscue
1059 3480 1148 3552 sumi
1176 3479 1223 3552 ad
1248 3477 1346 3580 quod·

240 3617 383 3692 cumque
404 3592 567 3688 flagitium
594 3593 852 3690 significandum
878 3609 971 3666 extra
989 3593 1174 3690 legitimum
1193 3594 1347 3690 coniuga-

239 3705 306 3780 lem
323 3707 535 3780 concubitum
557 3709 628 3780 sive
652 3733 727 3779 cum
754 3708 881 3794 soluta,
910 3709 981 3781 sive
1006 3709 1106 3781 etiam
1131 3732 1212 3781 cum
1237 3706 1346 3782 coniu-

239 3838 317 3918 gata
335 3839 512 3920 patratum.
527 3822 601 3907 Quo
615 3820 789 3921 posteriori
807 3849 909 3896 sensu
924 3821 1104 3895 adhibetur
1115 3849 1181 3896 vox
1196 3805 1345 3920 πορνεία

239 3935 283 4009 ah
312 3936 471 4034 Apostolo
500 3937 526 4008 1.
548 3936 624 4009 Cor.
652 3938 690 4011 v.
721 3941 756 4010 l.
789 3937 972 4013 «Omnino
1003 3937 1140 4010 auditur
1171 3938 1261 4012 inter
1294 3957 1344 4009 vos

312 4141 362 4204 (to)
377 4142 449 4190 Iusta
465 4141 617 4193 adversarios
630 4142 672 4192 ille
684 4143 838 4194 solummodo
853 4156 904 4194 nort
921 4143 1081 4204 adulteraret,
1094 4142 1138 4206 qui
1151 4141 1284 4194 dimissam
1295 4149 1344 4192 cor·

239 4217 364 4271 tubtnam
374 4219 481 4270 duxerit.
493 4222 598 4284 optime.
612 4223 655 4272 Ast
666 4223 790 4284 quomodo
801 4223 826 4271 id
838 4225 928 4273 eruunt
938 4238 967 4273 ea
980 4223 1071 4274 christi
1081 4221 1179 4286 verbis,
1189 4223 1235 4288 qui
1245 4228 1345 4288 capr&

239 4298 271 4350 de
286 4313 371 4352 uxore
382 4303 478 4352 tantum
491 4302 602 4367 disserit,
616 4304 640 4355 et
651 4303 758 4355 affirmat
768 4303 922 4356 adulterim
933 4305 976 4369 qui
990 4317 1045 4356 eam
1054 4300 1171 4354 duxerit?
