2796 5064
252 399 325 452 ω.
341 399 379 452 a.
395 398 566 452 arsames.
583 400 678 451 asra.
697 401 730 452 m
748 400 837 453 cios.
855 397 968 451 mour.
983 402 1053 453 aar.
1067 402 1105 454 rr.
1175 379 1245 451 itt

203 518 296 592 Saue
319 517 355 590 in
381 542 485 592 causa
502 518 634 591 XXXll.
651 545 691 594 ex
713 518 838 593 Christi
863 518 975 594 verbis
999 519 1116 594 blattb.
1131 519 1169 594 v.
1187 523 1245 594 et.

134 649 164 707 et
184 633 278 707 iiix.
301 635 336 704 9.
359 631 549 707 declaratur
573 659 674 735 posse
697 634 855 708 maritum
871 648 1004 734 propter
1024 636 1249 734 fornicationis

133 774 284 834 mamm,
302 748 357 824 vel
381 749 417 822 in
441 776 541 825 conso
565 752 791 851 fornicationis
816 777 953 825 uxorem
979 751 1167 839 dimittere,
1188 776 1249 825 nec

132 864 235 938 aliam
249 864 403 952 interim,
419 864 571 939 adultera
582 866 732 953 vivente,
748 866 870 940 ducere
886 869 959 964 (73)
969 925 975 939 .
985 868 1067 940 ltem
1081 867 1115 938 in
1132 866 1250 940 eadem

133 1005 237 1054 caasa
255 979 472 1080 qu.ll.capp.
485 983 544 1053 it.
562 984 620 1054 21.
638 983 696 1055 22.
718 984 807 1078 (ii);
824 1007 887 1056 nec
904 1008 971 1056 non
984 981 1247 1055 causaXllell.

134 1109 267 1194 quaest.
295 1095 323 1166 i.
347 1120 423 1194 cap.
449 1097 476 1168 Ι.
500 1095 592 1168 ldem
619 1098 776 1170 statuitur
806 1097 841 1171 iu
871 1097 930 1169 lib.
951 1098 1003 1169 iv.
1029 1097 1250 1170 Decretalium

133 1207 287 1308 Gregorii
312 1209 369 1282 ix.
392 1209 444 1283 tit.
466 1211 493 1282 i.
516 1236 593 1311 cap.
610 1214 645 1282 9.
671 1211 722 1283 tit.
741 1213 800 1283 it.
826 1237 901 1312 cap.
919 1213 953 1283 8.
971 1211 1030 1283 abi
1056 1212 1170 1285 luaoc.
1188 1211 1236 1282 lll

134 1352 161 1401 c.
178 1325 371 1400 Genderros
395 1325 439 1399 ad
465 1325 707 1400 adstruendum
734 1353 802 1401 noa
823 1326 923 1401 licere
941 1326 1055 1427 plures
1073 1327 1175 1401 simul
1192 1327 1252 1400 ba-

135 1440 211 1516 bere
233 1466 359 1515 uxores
378 1440 509 1541 inquit:
529 1442 647 1515 «Sane
662 1442 811 1516 veridica
835 1443 919 1516 baec
945 1442 1110 1516 sententia
1131 1440 1252 1541 probe·

135 1571 185 1630 tar
208 1555 315 1629 etiam
341 1553 384 1628 de
409 1555 600 1630 testimonio
624 1557 778 1631 Veritatis
805 1557 958 1631 testantis
982 1558 1018 1629 in
1036 1555 1247 1653 Evangelio:

135 1669 338 1769 Quicumque
361 1668 523 1744 dimiserit
553 1697 689 1745 onorem
711 1698 825 1757 onom,
859 1673 898 1745 ob
924 1674 1193 1772 fornicationem,
1221 1685 1252 1743 et

135 1786 240 1860 olicm
269 1783 423 1871 donarit,
455 1787 650 1860 mocobotnr.
675 1788 707 1860 Si
739 1813 819 1885 ergo
847 1811 950 1860 uxore
980 1786 1143 1873 dimissa,
1173 1785 1251 1858 duci

135 1901 200 1977 alia
222 1900 269 1975 de
294 1901 368 1975 iure
391 1926 459 1976 non
484 1918 612 2004 potest,
641 1903 760 1976 lortius
777 1904 901 2003 etipsa
922 1917 1086 1976 retenta.»
1102 1901 1165 1975 Ubi
1183 1901 1254 1974 evi-

133 2016 220 2092 dane
236 2031 293 2090 est
305 2016 537 2091 Innocentium
554 2043 671 2092 vocem
687 2019 913 2118 fornicationis
929 2018 973 2091 de
989 2043 1068 2092 aero
1089 2016 1254 2091 adulterio

136 2133 306 2232 accipere.
335 2131 387 2204 Ex
412 2157 515 2207 sensu
541 2134 642 2232 igitur
667 2150 700 2206 ct
724 2133 876 2209 doctrina
904 2133 1095 2221 ecclesiae,
1126 2130 1253 2205 Christi

136 2246 239 2322 rerba
262 2272 332 2320 non
357 2246 402 2321 de
425 2247 572 2348 simplici
597 2240 834 2338 lomicatione,
856 2249 917 2324 sed
934 2249 977 2323 de
993 2274 1073 2324 vero
1089 2246 1254 2322 adulterio

137 2361 281 2460 intelligi
314 2361 455 2451 debent,
484 2364 576 2464 quod
603 2381 784 2465 perpetuae
810 2393 831 2438 a
855 2381 927 2441 toro
951 2381 985 2439 et
1007 2364 1254 2439 cohabitatione

138 2477 343 2579 separationi
369 2477 492 2552 iustam
518 2504 656 2552 oausam
675 2480 758 2580 parti
777 2480 947 2554 innocenti
969 2479 1096 2553 tribuit.
1118 2479 1190 2552 Hac
1207 2478 1254 2549 in·

139 2593 377 2693 terpretatioue
393 2592 546 2683 sublata,
571 2593 700 2667 nullum
727 2595 793 2668 iam
819 2595 899 2670 huic
921 2595 1093 2670 doctrinae
1109 2609 1143 2666 et
1160 2593 1254 2692 praxi

139 2704 394 2781 laudamentum
421 2708 571 2808 suppetit
586 2710 676 2805 (it).

208 2822 297 2896 Cum
318 2838 489 2921 praeterea
500 2823 537 2896 in
551 2825 667 2898 eodem
683 2824 756 2898 iure
768 2824 947 2913 canonico,
963 2850 1003 2898 ex
1016 2822 1131 2897 relatis
1144 2849 1175 2895 s.
1187 2822 1255 2895 iiu-

139 2938 268 3036 gustini
302 2937 510 3039 aliorumque
538 2955 669 3040 patrum
699 2939 918 3027 testimoniis,
955 2938 1072 3013 deceat
1097 2938 1254 3011 meritum

140 3053 235 3130 mori
262 3078 347 3128 suae
369 3052 578 3155 delinquenti
611 3057 784 3153 ignoscere
808 3080 952 3157 eamque
978 3056 1088 3155 potine
1113 3054 1253 3127 sustino-

212 3361 267 3425 (ia)
283 3360 321 3412 ct.
337 3362 481 3413 Gratianum
498 3362 525 3413 ia
542 3365 838 3428 norcomannorum
852 3365 950 3417 mil.
963 3378 989 3428 q.
1000 3366 1057 3414 vil.
1068 3364 1111 3414 ubi
1122 3377 1145 3415 o.
1161 3371 1170 3416 1
1184 3376 1253 3428 seqq.

143 3440 225 3506 piures
234 3439 394 3492 &ducantur
402 3442 560 3493 auctoritates
569 3455 598 3492 ex
611 3442 720 3507 patribus
729 3442 880 3508 etoonciiiis,
889 3442 915 3493 iu
925 3442 1015 3507 quibus
1023 3442 1054 3494 ad
1064 3442 1109 3494 hos
1116 3444 1197 3495 textus
1206 3455 1258 3506 pro

142 3525 262 3585 mian
280 3522 423 3586 manaim
434 3535 495 3574 sero
504 3535 576 3587 capp.
590 3531 611 3573 ι.
627 3531 649 3575 a.
661 3528 686 3575 t.
697 3529 724 3576 a.
736 3528 760 3576 7.
776 3531 813 3576 io.

213 3602 267 3664 (ii)
281 3600 345 3652 ibid.

214 3680 268 3744 (75)
285 3681 330 3731 iiis
341 3679 400 3731 addi
412 3683 493 3745 potet
502 3680 569 3746 quod
580 3682 654 3732 eiiam
666 3682 692 3732 in
704 3681 886 3746 capitularibus
895 3681 978 3732 caroli
988 3683 1022 3732 ii.
1030 3680 1131 3746 iegitur:
1146 3681 1262 3733 ·Placuit

141 3761 168 3810 st
181 3761 238 3811 nist
252 3758 550 3825 conrosorntrottontr,
567 3774 619 3812 noa
635 3763 670 3812 stt
686 3773 757 3812 uxor
771 3759 917 3812 remndnm
932 3755 1039 3811 Domini
1050 3763 1211 3812 sententiam
1220 3760 1259 3812 dt·

142 3841 293 3905 munda,
308 3842 351 3893 sed
369 3842 451 3906 potius
467 3843 634 3894 sustinenda.»
644 3843 687 3893 lib.
699 3846 741 3894 vi.
754 3857 808 3908 cap.
824 3851 879 3894 215.
891 3843 961 3894 iuxta
979 3843 1172 3894 emendationem
1189 3844 1259 3894 cote·

142 3920 204 3972 terii.
214 3921 255 3971 ct.
267 3922 325 3971 car.
337 3920 431 3972 sebast.
443 3921 543 3972 berardi
561 3923 755 3972 commentario
770 3928 798 3973 in
816 3925 858 3972 ins
874 3921 963 3972 moles.
975 3924 1051 3972 nato.
1068 3921 1171 3972 Taurini
1189 3924 1257 3971 itai.

142 4002 201 4052 ioan
213 4003 258 4052 111.
269 4013 324 4065 cap.
333 4003 366 4051 ii.
374 4001 417 4051 ubi
428 4000 527 4052 scribit:
541 4021 553 4045 ι
562 4004 598 4051 iix
609 4002 689 4052 causis
698 4002 864 4066 (dissolvendi
874 4003 1058 4052 matrimonium
1070 4000 1152 4065 quoad
1160 3998 1258 4049 cohabi-

141 4080 279 4143 tationem)
293 4081 346 4145 lese
361 4081 588 4146 probatis...i³rima
602 4083 640 4132 est
657 4095 730 4133 causa
744 4082 877 4145 adulterii,
896 4082 995 4146 quodsi
1010 4081 1097 4131 mulier
1116 4079 1257 4140 admiserit,

145 4161 235 4224 poterit
244 4173 260 4210 a
270 4161 325 4210 riro
336 4162 420 4225 repelli
432 4162 501 4213 iuxta
515 4161 681 4225 coonoeltoaa
696 4163 803 4228 reputor
814 4163 938 4214 Matini.
947 4163 1075 4225 amiteque
1088 4160 1114 4208 in
1129 4159 1258 4222 harperto

142 4237 242 4292 diverat
255 4239 394 4291 estanoris
407 4239 518 4291 conditio
526 4277 536 4305 ,
550 4243 636 4305 utpote
653 4241 806 4305 quaeadm
822 4242 922 4306 propter
936 4240 984 4290 riri
1001 4238 1149 4290 adulterium
1164 4237 1258 4300 seiungi

143 4331 170 4372 se
180 4319 237 4372 iure
253 4318 390 4384 postulabit
402 4331 459 4371 cau.
473 4325 510 4372 tt.
524 4325 563 4371 tt.
573 4321 600 4372 et
610 4325 649 4372 tt
661 4332 729 4372 caus.
741 4327 780 4373 m.
792 4333 818 4385 q.
831 4326 866 4383 aa
875 4331 931 4370 can.
945 4322 969 4370 t.
978 4320 1005 4371 et
1020 4324 1044 4370 ⁵.
1055 4329 1123 4369 caus
1132 4322 1205 4380 tau.
1217 4322 1257 4368 o.-
