2796 5064
226 373 295 442 tro
372 392 752 447 nannetensium.
774 393 815 442 nr
837 391 949 442 rnnrss.
971 392 1068 443 ιιιιιι.
1085 391 1211 448 crater,

226 524 361 584 ceatur:
392 507 582 585 adulterum
607 534 710 596 esse,
738 508 796 608 qui
821 535 843 582 a
866 509 987 583 marito
1016 511 1158 583 eiectam
1189 509 1342 595 durent,

226 641 386 711 etcum,
420 624 480 724 qui
509 639 642 722 praeter
667 626 789 696 crineen
819 622 979 696 adulterii
1006 651 1144 697 uxorem
1169 623 1342 707 dimiserit,

225 756 262 813 ut
287 740 426 815 alteram
450 740 561 813 ducat.
582 740 768 814 Dissoeiari
787 740 876 812 enirn
896 766 1019 838 corpus
1036 755 1070 813 et
1085 740 1237 816 distrahi
1259 742 1344 814 Deus

227 855 335 928 noluit
354 857 427 951 (tt)
444 883 476 941 3»
489 855 538 928 sic
556 855 590 927 in
609 855 757 954 Epitotoe
775 856 881 928 divin.
903 858 1045 928 institut.
1062 882 1139 956 cap.
1154 856 1267 928 val.
1284 883 1347 929 mr·

226 997 302 1044 sum
320 969 458 1046 scribit:
471 970 563 1043 «Sed
582 970 671 1044 sicut
689 970 836 1045 foemina
855 971 1020 1046 eastitatis
1037 971 1185 1046 vinculis
1204 971 1347 1070 obligata

89 1169 101 1187 ,
225 1103 296 1173 est,
325 1113 368 1160 ne
392 1084 484 1159 aliud
510 1086 749 1185 concupiscat:
771 1087 818 1160 ita
842 1086 895 1160 rir
924 1087 1042 1161 eadem
1073 1085 1148 1185 lege
1174 1103 1344 1172 teneatur,

226 1200 318 1302 quod
343 1202 436 1274 Deus
461 1229 501 1275 ex
527 1201 598 1276 viro
624 1227 762 1274 uxorem
788 1201 891 1274 unius
916 1201 1067 1301 corporis
1097 1227 1265 1302 compage
1298 1227 1347 1276 so-

225 1315 355 1390 lidavit.
377 1317 458 1391 ldeo
483 1316 676 1418 praecepit,
707 1343 773 1390 non
800 1316 923 1389 dimitti
955 1342 1113 1403 uxorem,
1144 1317 1213 1391 nisi
1245 1318 1348 1392 orinia

227 1458 269 1506 ne
299 1431 457 1506 adulterii
489 1434 671 1519 revictam,
700 1449 737 1505 ut
766 1458 950 1532 numquam
983 1431 1173 1530 coniugalis
1207 1431 1347 1506 foederis

227 1545 421 1634 vinculum,
448 1548 518 1620 nisi
540 1546 627 1647 quod
647 1547 956 1646 perfidiaruperit,
988 1547 1173 1620 resoluatur
1192 1550 1309 1644 (58).»

300 1664 391 1739 Haeo
408 1662 546 1764 quidam
566 1661 631 1738 hoc
643 1661 686 1735 de
699 1680 898 1760 argumento
910 1662 1125 1750 lactantius,
1141 1689 1184 1737 ex
1204 1661 1344 1764 quibus,

227 1793 264 1853 ut
281 1778 476 1865 innuimus,
497 1777 651 1879 plerique
666 1777 894 1863 contendunt,
915 1804 992 1851 eum
1006 1804 1084 1852 vere
1096 1777 1343 1876 exceptionem,

227 1919 316 1994 quae
341 1893 488 1967 occurrit
511 1892 603 1992 apud
629 1892 834 1966 Matthaeum
860 1892 904 1966 de
928 1891 1055 1967 vinculi
1080 1892 1275 1992 coniugalis
1303 1891 1346 1966 di

228 2009 428 2109 remptione,
448 2008 614 2110 accipere.
635 2007 810 2108 Siquidem
824 2009 859 2081 in
874 2009 978 2108 priori
997 2024 1088 2082 textu
1105 2026 1226 2110 aperte
1245 2008 1347 2111 loqui·

230 2141 284 2196 tur
307 2124 351 2196 de
376 2123 489 2197 uxoris
516 2123 716 2198 dimissione
742 2123 776 2196 in
802 2124 921 2197 ordine
947 2124 990 2197 ad
1015 2123 1116 2198 aliam
1135 2123 1343 2210 ducendam

230 2239 279 2312 ait
303 2238 415 2325 enim,
445 2240 505 2337 qui
528 2238 690 2313 dimiserit
714 2264 753 2314 ur
778 2240 917 2312 ultorem
943 2238 1062 2324 ducet,
1092 2266 1170 2313 eum
1196 2266 1277 2314 vero
1293 2239 1346 2341 qui

231 2353 295 2428 hac
320 2354 448 2428 ratione
475 2379 511 2428 se
536 2353 642 2453 gerit,
671 2353 912 2428 interveniente
929 2354 1086 2428 adulterii
1105 2354 1272 2445 crimine,
1291 2356 1347 2429 rite

230 2466 264 2541 id
291 2469 400 2542 iacere
425 2468 615 2544 lactantius
642 2470 853 2569 pronunciat.
878 2469 914 2542 ld
941 2470 1050 2567 magis
1076 2470 1297 2544 confirmatur
1310 2497 1346 2545 ex

228 2610 268 2659 eo
293 2583 384 2684 quod
412 2582 511 2682 paulo
537 2599 615 2657 ante
641 2583 699 2656 illa
725 2582 797 2657 sola
823 2585 968 2658 divortia
997 2585 1236 2674 damnaverit,
1266 2612 1345 2687 quae

227 2726 390 2773 excausa
409 2699 687 2800 intemperantiae
704 2715 737 2772 et
753 2699 906 2773 libidinis
925 2700 1046 2775 fierent
1063 2703 1153 2797 (tt).
1171 2702 1242 2776 Nec
1259 2702 1346 2775 aliter

228 2815 410 2889 dicendum
437 2814 480 2889 de
506 2814 684 2914 posteriori
711 2815 857 2889 adducto
884 2832 995 2902 textu,
1028 2816 1086 2888 ubi
1117 2815 1211 2890 idem
1238 2836 1345 2892 auctor

227 2929 376 3004 affirmat
397 2956 583 3032 numquam
605 2929 706 3003 licere
733 2929 920 3027 coniugalis
947 2929 1092 3005 foederis
1113 2932 1287 3007 vinculum
1301 2957 1346 3004 re

228 3045 333 3131 solvi,
363 3046 430 3119 nisi
457 3045 548 3145 quod
575 3043 737 3144 perfidia,
759 3072 820 3117 seu
839 3045 917 3117 fidei
937 3044 1126 3144 coniugalis
1153 3045 1263 3122 laesio
1286 3047 1344 3120 iam

230 3160 369 3259 ruperit.

301 3272 343 3344 Hi
363 3273 504 3373 proinde
521 3274 667 3348 fatentur
684 3274 750 3348 hac
767 3275 802 3347 in
816 3274 983 3349 sententia
996 3276 1209 3350 lactantium
1227 3277 1341 3359 luisse,

228 3405 282 3462 ast
309 3414 375 3460 non
398 3390 509 3487 magni
537 3389 724 3463 faciendam
751 3417 827 3464 esse
844 3390 998 3464 eiusdem
1016 3390 1275 3481 auctoritatem,
1298 3409 1343 3465 ut·

229 3520 307 3604 pote
335 3502 427 3576 illius
457 3531 557 3604 quem
593 3504 828 3603 pronunciavit
853 3532 882 3577 s.
905 3505 1132 3605 Hieronymus
1165 3505 1202 3578 in
1235 3533 1344 3608 super-

229 3618 423 3696 stitionibus
445 3619 620 3716 gentilium
647 3619 839 3694 refellendis
865 3620 1060 3694 solidiorem
1087 3620 1216 3709 luisse,
1251 3647 1342 3722 φιιιιιι

231 3735 263 3806 in
291 3733 463 3833 religionis
489 3735 694 3808 christianae
719 3734 932 3833 dogmatibus
958 3735 1201 3811 confirmandis
1224 3741 1310 3836 (60).

304 3957 354 4019 (57)
371 3959 434 4021 Opp.
453 3956 492 4008 ed.
508 3960 579 4009 Rom.
593 3963 661 4009 1757.
674 3973 728 4022 pag.
741 3964 786 4010 278
795 3973 846 4022 seq.

301 4036 351 4098 (58)
368 4037 484 4088 Eiusdem
496 4038 536 4087 ed.
552 4043 619 4089 1758.
631 4053 686 4103 pag.
700 4047 745 4090 tot
756 4053 808 4102 seq.

303 4118 353 4180 (59)
371 4121 398 4168 lu
419 4119 473 4168 eod.
487 4122 580 4183 capite,
595 4133 670 4181 segni.
691 4127 717 4170 15
730 4133 782 4183 seq.

301 4198 350 4261 (tto)
368 4199 408 4249 Sic
427 4200 493 4251 enirn
510 4199 597 4250 scribit
615 4214 636 4251 s.
651 4203 743 4251 Doctor
754 4201 785 4251 de
797 4202 925 4251 Lactantio
936 4204 1097 4253 uLaotantius
1108 4205 1182 4267 quasi
1196 4205 1298 4269 quidam
1307 4202 1344 4254 tn·

231 4278 287 4328 rius
303 4279 459 4342 eloquentiae
474 4279 616 4342 Tullianae,
630 4280 724 4332 utinam
739 4284 789 4332 tam
803 4284 887 4332 nostra
902 4282 1025 4333 aitirmnre
1039 4283 1177 4347 potuisset,
1193 4298 1270 4350 quain
1284 4281 1344 4335 nete

229 4357 308 4409 atiena
318 4357 548 4423 destruxit-Epist.
559 4361 634 4411 [ΝΗ.
645 4359 677 4411 ad
687 4362 816 4412 Paulinum
829 4374 853 4410 n.
863 4368 899 4412 to.
911 4367 973 4426 opp.
985 4361 1139 4414 edvium
1148 4365 1288 4417 tondeat.
1297 4365 1341 4416 itt·
