2796 5064
151 340 221 414 382
295 360 358 414 nr.
379 359 428 415 m.
450 356 538 413 sacr.
558 359 869 415 rursmnrnmus.
889 359 987 416 urs.
1004 359 1133 415 omrsr.

148 493 290 567 nerunt,
318 505 428 579 neque
452 493 596 578 possunt
617 476 764 554 adulteri
788 505 858 555 non
880 477 1010 556 videri:
1031 480 1067 555 in
1085 493 1214 557 tantum
1230 498 1265 557 ut

147 595 249 669 etism
274 616 335 667 eae
359 615 543 692 munnae,
570 591 698 692 quibus
721 591 806 668 tales
832 592 1004 669 coniuncti
1036 609 1138 682 sunt,
1169 594 1264 669 etiam

146 710 242 811 ipsae
267 705 468 782 adulterium
500 706 714 784 commisisse
737 708 937 796 rideantur,
968 710 1163 783 secundum
1186 709 1264 783 illud

146 824 238 925 qnod
261 823 405 922 legimus
430 823 465 897 in
490 821 691 921 Evangelio:
721 825 782 924 qui
803 822 969 900 dimiserit
990 848 1134 900 camna
1155 851 1261 913 marn,

145 956 177 1015 et
195 941 300 1015 oliam
317 939 470 1026 duxerit,
488 940 685 1014 mmchotur.
700 938 745 1013 Et
761 938 839 1015 ideo
858 964 978 1015 omnes
995 965 1017 1016 a
1033 943 1265 1019 communione

145 1052 405 1131 abstinendos.»
512 1065 514 1069 ’

219 1170 303 1270 Gap.
325 1169 393 1243 llI.'
414 1198 432 1242 c
452 1167 487 1243 Si
513 1169 593 1268 quis
618 1167 654 1243 in
678 1165 792 1245 aliena
816 1168 925 1270 patria
949 1167 1114 1245 ancillam
1139 1169 1264 1247 duxeri

144 1285 180 1359 i'n
198 1285 424 1372 consortium,
445 1297 562 1384 postea
579 1283 616 1357 in
633 1284 805 1386 propriam
822 1309 991 1373 reversus,
1015 1285 1201 1385 ingenuam
1215 1312 1261 1365 ac

144 1401 295 1501 ceperit;
327 1400 508 1475 etiterum
538 1398 733 1498 contigerit,
760 1415 800 1475 ut
821 1398 867 1477 ad
891 1399 1002 1500 ipsam
1032 1427 1105 1501 qua
1135 1403 1260 1479 inantea

144 1515 254 1591 luerat
278 1515 420 1617 patriam
445 1527 645 1602 revertatur,
666 1528 702 1587 ot
721 1511 782 1589 illa
804 1513 930 1591 ancilla
953 1540 1058 1616 quam
1086 1516 1184 1617 prius
1206 1517 1259 1595 lta·

143 1630 238 1720 buit,
273 1630 332 1705 alii
356 1629 430 1706 viro
454 1628 581 1707 sociata
605 1627 732 1718 fuerat3
761 1628 819 1704 hio
843 1629 922 1705 talis
947 1645 1059 1730 potest
1082 1631 1189 1707 aliam
1210 1658 1258 1709 uo·

143 1745 258 1845 cipere
272 1744 424 1841 (scilicet
435 1757 572 1845 proptor
588 1741 867 1841 impedimentum
884 1743 1092 1821 conditionis
1105 1748 1135 1843 );
1156 1762 1256 1829 minen

144 1886 212 1936 non
231 1859 290 1934 illa
309 1861 444 1935 vivente
460 1859 627 1958 ingenua,
647 1883 751 1959 quam
767 1858 805 1933 in
822 1859 932 1960 patria
948 1860 1090 1962 propria
1106 1860 1254 1937 habuit.»

215 1975 299 2074 Cap.
319 1975 407 2049 xlx.
426 1975 504 2049 «lto
521 1988 677 2074 separate
694 1974 870 2063 emorita,
890 1975 921 2049 si
936 1975 991 2053 sir
1007 1975 1085 2053 eins
1103 1976 1139 2051 in
1155 1976 1255 2055 alicua

143 2087 318 2189 provincia
342 2089 455 2163 rivere
483 2086 680 2188 putabatur,
709 2085 746 2161 in
770 2087 915 2189 epistola
943 2114 977 2167 r.
1000 2089 1126 2169 Leonis
1158 2115 1255 2192 papae

143 2200 272 2275 directa
294 2199 340 2275 ad
362 2200 512 2275 Nicetam
537 2197 781 2300 aquileiensem
805 2200 1021 2304 episcopum,
1045 2202 1098 2279 itu
1120 2205 1255 2281 conune

143 2331 216 2392 tur:
239 2315 324 2391 Cum
348 2341 429 2415 ergo
454 2340 516 2415 per
538 2313 696 2391 bellicam
719 2313 932 2403 cladem,.et
956 2343 1018 2418 per
1040 2318 1252 2417 gravissimos

142 2429 339 2507 hostilitatis
357 2430 534 2518 incursus,
555 2430 602 2505 ita
618 2429 786 2530 quaedam
812 2431 934 2507 dicatis
959 2432 1075 2508 divisa
1092 2462 1171 2511 esse
1184 2459 1253 2511 oon·

142 2546 254 2646 iugis,
273 2561 314 2619 nt
329 2545 483 2620 abductis
501 2544 537 2617 in
553 2545 779 2645 captivitatem
797 2546 879 2622 viris
898 2546 1065 2623 foeminae
1082 2576 1198 2625 eorum
1212 2575 1252 2624 rc·

141 2662 328 2736 manserint
344 2661 542 2749 destitutae,
562 2686 653 2761 quae
665 2659 759 2736 siros
777 2661 952 2761 proprios,
966 2678 1026 2737 aut
1043 2664 1250 2767 interemptos

142 2777 309 2879 putarint,
338 2792 398 2850 aut
426 2802 611 2876 numquam
635 2802 658 2850 a
682 2774 910 2853 dominatione
941 2777 1152 2856 crediderint
1179 2779 1250 2855 libe

141 2894 283 2980 candos,
300 2908 333 2966 et
344 2892 389 2966 ad
400 2890 545 2966 aliorum
556 2890 751 2990 coniugium
766 2890 949 2967 solitudine
966 2910 1111 2992 cogente
1126 2896 1250 2971 transie

141 3008 220 3080 rint.
248 3007 400 3107 Cumque
424 3033 514 3080 nunc
539 3021 629 3081 statu
660 3033 790 3096 rerum,
824 3006 1008 3084 auxiliante
1031 3009 1229 3098 Domino,
1221 3036 1249 3083 ιιι

139 3121 281 3196 meliora
296 3147 475 3208 converso,
496 3120 649 3196 nonnulli
666 3147 799 3207 eorum,
816 3148 875 3222 qur
866 3122 1103 3223 putabantur
1120 3125 1249 3226 periisse

141 3238 379 3311 remeaverint:
408 3238 526 3312 meritc
554 3238 678 3312 caritas
706 3254 762 3311 tua
784 3237 917 3312 videtur
948 3238 1149 3369 ambigere,
1177 3236 1249 3340 quid

141 3352 185 3426 de
208 3351 427 3440 mulieribus,
448 3380 537 3454 quae
560 3352 672 3427 aliis
664 3370 797 3427 iunctae
821 3370 903 3427 sunt
924 3353 1026 3443 viris,
1047 3355 1186 3431 anobis
1201 3355 1250 3428 de·

140 3468 219 3542 beat
244 3468 407 3542 ordinari.
433 3469 498 3542 Sed
524 3471 607 3570 quia
631 3469 786 3544 novimus
812 3470 1000 3570 scriptum,
1029 3471 1125 3571 quod
1150 3471 1251 3547 alteo

140 3584 290 3683 iungitur
318 3584 440 3657 mulier
461 3584 554 3658 viro:
583 3585 763 3659 etiterum
791 3600 1008 3685 praeceptum
1035 3587 1247 3684 agnovimus,

140 3716 178 3774 ut
202 3700 293 3800 quod
318 3701 410 3773 Deus
437 3700 562 3789 iunxit,
591 3700 693 3774 homo
717 3704 785 3775 non
811 3716 964 3800 separet:
992 3726 1139 3778 necesse
1157 3716 1250 3777 estut

139 3814 363 3912 legitimarum
390 3814 524 3889 loedere
554 3816 745 3915 nuptiarum
772 3814 1033 3912 redintegranda
1057 3817 1246 3899 credamus;

139 3946 173 4004 et
189 3931 325 4005 remotis
343 3930 459 4018 malis,
479 3958 564 4031 quae
583 3930 751 4005 hostilitas
765 3930 892 4019 intulit,
909 3930 1099 4031 unicuique
1116 3932 1152 4005 id
1167 3927 1247 4033 qnod

138 4046 288 4145 legitime
304 4046 443 4135 habuit,
465 4047 678 4121 reformetur:
700 4046 860 4148 omnique
876 4047 989 4121 studio
1006 4045 1246 4147 procurandum

139 4177 211 4249 est,
240 4178 277 4234 ut
302 4161 443 4261 recipiat
467 4162 705 4263 unusquisque
730 4161 821 4263 quod
847 4160 1022 4262 proprium
1040 4178 1108 4236 est.
1124 4164 1190 4235 Nec
1204 4175 1247 4233 tu·

140 4301 217 4350 men
237 4275 417 4375 culpabilis
442 4276 630 4364 iudicetur,
650 4292 683 4350 et
700 4292 871 4375 tamquam
896 4275 1000 4351 alieni
1026 4276 1114 4353 iuris
1139 4298 1246 4378 pervu-
