2842 5056
186 343 258 419 tit
331 369 392 421 nu.
409 368 457 421 m.
474 366 560 420 srcr.
577 367 707 418 mrrua.
724 366 1002 420 remansura.
1019 366 1143 419 caarsr.

184 490 242 564 bet
257 489 407 588 recipere
424 487 643 587 peccatricem
671 511 759 588 quae
783 485 1021 585 poenitentiam
1044 486 1128 584 egit:
1155 483 1217 559 sed
1234 509 1304 558 non

189 629 302 703 saepe.
322 605 434 676 Servis
462 603 551 675 enim
573 602 634 674 Dei
655 601 861 701 poenitentia
884 627 952 674 una
976 616 1039 674 est.
1062 603 1199 701 Propter
1223 625 1308 700 poe-

184 718 357 792 nitentiam
380 743 460 815 ergo
485 743 552 791 non
573 716 686 804 debet,
703 714 845 790 dimissa
865 715 1007 813 coniuge
1032 741 1107 802 sua,
1127 716 1181 789 vir
1201 714 1304 788 aliam

185 831 321 905 ducere.
346 831 409 904 llio
434 847 530 905 actus
552 830 676 905 similis
700 828 811 903 estin
835 830 909 904 viro
936 845 970 905 et
992 829 1029 902 in
1050 828 1202 902 muliere.
1228 829 1305 903 Non

102 1027 113 1045 .
184 945 293 1022 solum
313 947 501 1021 moechatio
525 962 577 1020 est
598 945 679 1032 illis,
696 946 754 1045 qui
782 971 915 1018 carnem
943 971 1040 1019 suam
1066 944 1299 1045 coinquinant:

185 1061 246 1135 sed
272 1077 306 1134 et
327 1062 370 1148 is,
391 1061 451 1161 qui
481 1061 699 1135 simulacrum
727 1061 831 1145 lacit,
852 1060 1061 1135 moechatur.
1089 1059 1186 1145 Quod
1212 1058 1240 1132 si
1268 1058 1305 1130 in

185 1174 243 1248 his
266 1175 363 1249 lactis
389 1191 592 1277 perseverat,
614 1193 647 1249 et
666 1175 904 1275 poenitentiam
931 1202 996 1248 non
1018 1177 1104 1272 agit,
1126 1174 1244 1247 recede
1261 1173 1307 1247 ab

184 1289 267 1376 illa,
288 1307 322 1363 et
346 1290 413 1364 noli
440 1293 615 1365 convivere
641 1317 718 1365 cum
744 1290 821 1378 illa,
845 1289 995 1388 alioquin
1013 1307 1047 1363 et
1071 1306 1106 1363 tu
1133 1289 1306 1389 particeps

183 1405 253 1480 eris
280 1406 407 1505 peccati
426 1408 511 1479 eius.
529 1408 664 1506 Propter
682 1406 747 1480 hoc
761 1423 976 1506 praeceptum
994 1420 1045 1478 est
1062 1404 1159 1478 vobis
1177 1420 1215 1476 ut
1232 1429 1306 1476 cae

184 1519 270 1594 libes
295 1521 473 1608 maneatis,
495 1537 566 1594 tum
590 1520 654 1606 vir,
677 1537 748 1594 tum
773 1520 909 1593 mulier:
931 1535 1040 1619 potest
1064 1519 1153 1593 enim
1179 1517 1215 1590 in
1240 1518 1306 1592 hu-

187 1636 334 1711 iusmodi
360 1637 564 1735 poenitentia
582 1661 668 1709 esse
690 1639 780 1731 (8).»

257 1750 429 1824 Hactenus
453 1751 607 1838 Hermas,
629 1776 669 1821 ex
686 1776 755 1848 quo
780 1749 887 1823 habes
904 1748 1089 1822 doctrinam
1107 1749 1143 1820 in
1160 1747 1307 1822 ecclesia

187 1890 326 1940 romana
352 1882 539 1966 receptam,
570 1881 669 1964 prout
694 1865 848 1937 instituta
870 1864 933 1937 luit
958 1891 978 1938 a
1002 1866 1038 1936 B.
1061 1864 1147 1937 Petri
1170 1863 1307 1962 praedi-

188 1981 322 2057 catione
346 1998 379 2054 et
403 1981 504 2054 llaroi
530 1979 716 2077 evangelio.
737 1981 866 2080 Nempe
888 1979 996 2053 habes
1017 2006 1076 2078 per
1104 1977 1308 2052 adulterium

185 2122 253 2171 non
271 2095 356 2169 solvi
376 2096 580 2168 matrimonii
597 2095 786 2182 vinculum;
808 2095 914 2168 habes
931 2094 1175 2194 separationem
1192 2094 1307 2194 quoad

185 2225 294 2286 turum
309 2227 342 2284 et
353 2211 594 2285 habitationem
607 2241 614 2297 ;
631 2211 738 2284 habes
751 2237 820 2310 quo
833 2237 936 2285 sensu
950 2211 1058 2309 accipi
1077 2211 1198 2284 debeat
1213 2210 1309 2284 clau-

187 2323 264 2399 sula
295 2325 532 2425 exceptionalis
556 2326 645 2426 apud
672 2353 702 2399 s.
724 2326 948 2412 Matthaeum3
969 2325 1075 2400 habes
1093 2326 1227 2399 demum
1246 2350 1309 2424 pa·

189 2464 261 2514 rem
285 2440 510 2515 conditionem
528 2443 563 2512 in
590 2440 756 2515 eiusmodi
776 2468 858 2516 casu
877 2440 940 2514 uiri
958 2457 991 2515 ot
1006 2441 1134 2515 uxoris.
1160 2442 1202 2515 iit
1219 2440 1308 2514 haec

188 2554 325 2655 quidem
351 2554 535 2628 luculenter
559 2583 732 2655 expressa.

262 2669 352 2756 Quid
379 2671 421 2742 ad
449 2671 532 2745 haec
557 2672 616 2771 qui
647 2671 749 2744 huius
771 2672 836 2745 uiri
861 2672 1057 2745 auctoritate
1081 2667 1309 2770 premuntur?

188 2784 247 2858 elii
275 2785 438 2885 impetunt
463 2786 565 2860 huius
587 2787 732 2859 Hermae
757 2814 954 2886 personam,
976 2786 1034 2860 alii
1052 2786 1305 2872 auctoritatem

188 2898 247 2972 alii
273 2900 421 2999 denique
447 2901 632 2973 sententiae
647 2901 834 2975 ueritatem:
857 2901 916 2974 sed
944 2901 1081 2973 lrustra.

258 3015 342 3087 Nam
367 3014 410 3087 de
437 3041 581 3114 persona
616 3041 790 3115 perperam
821 3014 973 3088 nonnulli
999 3012 1205 3087 contendunt
1228 3039 1308 3086 eum

187 3128 359 3204 diversum
378 3157 455 3203 esse
472 3131 516 3202 ab
534 3157 574 3203 eo
592 3132 644 3204 oui
664 3131 807 3202 salutem
833 3129 915 3202 dicit
939 3129 1132 3227 Apostolus,
1154 3129 1213 3200 sed
1240 3128 1310 3201 lra-

66 3312 72 3325 ,
188 3259 272 3316 trem
297 3269 373 3315 esse
399 3243 517 3316 dicunt
544 3245 593 3315 Pii
626 3245 653 3314 l.
688 3244 840 3343 adeoque
865 3271 885 3316 a
911 3244 1019 3341 primo
1048 3242 1091 3315 ad
1121 3242 1309 3315 secundum

189 3355 354 3430 ecclesiae
369 3358 520 3431 seculum
534 3358 608 3431 eius
625 3358 815 3431 documenti
835 3359 1040 3431 transierunt
1057 3359 1305 3456 antiquitatem,

187 3471 294 3543 innixi
327 3472 468 3544 carmini
501 3489 617 3546 contra
653 3473 856 3546 Marcionem
890 3472 975 3544 libro
1006 3475 1065 3544 lll.
1099 3471 1189 3572 quod
1221 3471 1310 3546 salso

189 3585 392 3660 Tertulliano
410 3587 626 3675 adscribitur,
644 3604 678 3661 et
695 3588 880 3685 fragmento
893 3589 1118 3661 Muratoriano
1132 3592 1196 3684 (9),
1208 3588 1309 3661 cuius

261 3823 296 3887 (a)
311 3825 345 3874 Er
356 3823 396 3875 ed.
413 3827 546 3877 cotelerii:
564 3829 678 3878 Petrum
690 3825 799 3890 apostol.
818 3828 878 3876 torn.
894 3827 914 3875 1.
934 3827 1058 3890 antwerp.
1071 3840 1125 3890 pag.
1139 3832 1219 3877 stt-sa.

261 3903 296 3966 (a)
305 3904 347 3953 uti
358 3906 507 3957 bioslremius
521 3909 665 3957 Comatcnt.
679 3905 711 3955 de
727 3905 806 3955 rebus
822 3905 965 3956 christion.
978 3910 1040 3957 anta
1054 3909 1258 3957 Constantinum
1268 3909 1308 3959 M.

188 3994 244 4048 pag.
261 3989 314 4034 ita.
326 3984 467 4036 sobricirius
481 3987 506 4036 in
521 3989 641 4037 Historia
658 3985 835 4037 ecclcsiostica
855 3987 1023 4050 christiana,
1040 3989 1102 4049 part.
1127 3989 1160 4037 u.
1178 4000 1234 4050 pag.
1249 3991 1307 4038 art.

188 4061 255 4126 Lips.
277 4066 344 4114 1775.

266 4143 319 4192 Boc
340 4142 501 4206 fragmentum
514 4144 657 4210 acephalum
674 4146 745 4196 nobis
760 4147 859 4197 exhibet
871 4146 1021 4196 Muratorius
1032 4149 1120 4210 Antip.
1132 4144 1216 4196 italic.
1228 4146 1312 4198 medii

186 4223 254 4272 oevi.
272 4221 372 4274 bladini.
395 4229 462 4277 tito.
476 4227 589 4276 tomiil.
603 4226 650 4275 col.
663 4231 716 4276 854.
737 4228 762 4276 in
783 4241 852 4290 quo,
875 4227 1017 4290 suppositus
1029 4227 1103 4277 caius
1127 4226 1186 4276 baec
1209 4226 1307 4279 scribit:

188 4320 201 4345 α
215 4304 341 4355 Pastorem
355 4318 414 4357 rero
427 4308 569 4372 nuperrime
580 4307 731 4370 temporibus
751 4307 842 4358 nostris
864 4306 888 4357 in
902 4306 969 4358 Urbe
991 4309 1067 4357 iioura
1092 4308 1181 4357 Herma
1201 4309 1309 4358 oonscrt
