2796 5064
139 377 187 451 ii
323 398 385 450 nn.
403 398 451 455 ur.
468 397 558 450 saer.
574 399 599 450 r.
615 398 655 450 na
673 397 770 451 arra.
785 396 909 450 maier.
926 395 1073 450 uenire.

139 519 226 594 laeto
250 543 326 593 eum
352 517 456 617 priori
474 544 596 607 uxore,
616 517 803 619 etquidem
820 516 987 616 legitimo,
1008 532 1047 591 nt
1064 517 1141 616 ipse
1157 523 1256 592 autu·

138 633 273 721 mahat,
293 631 431 707 alteram
457 632 617 721 duxerat;
639 646 737 733 prout
755 632 883 733 passim
901 632 940 705 iit
956 631 1047 732 apud
1066 648 1260 733 protestan-

139 765 210 836 tes,
231 765 269 823 et.
282 774 387 849 penes
404 748 568 847 gubernia
585 748 643 822 illa
661 747 839 850 inquibus
865 748 1019 823 obtinent
1041 749 1260 823 matrimonia

140 891 232 942 mere
248 865 364 941 civilia
380 892 441 965 per
457 865 565 965 legem
583 867 732 941 sancita:
753 892 863 966 neque
880 881 992 940 tamen
1010 864 1161 966 pontifex
1179 892 1262 966 pas·

140 1008 200 1059 sus
225 999 279 1056 est
301 980 518 1056 waldradam
543 1008 679 1057 uxorem
704 982 832 1056 voeari.

192 1115 195 1121 ’
213 1097 325 1185 Quum
347 1113 428 1173 'vero
452 1097 521 1172 duo
546 1097 631 1173 haee
648 1097 735 1173 laeta
751 1099 805 1172 vel
823 1097 896 1173 sola
913 1097 983 1172 sint
998 1097 1051 1172 vel
1069 1098 1259 1198 praecipua

139 1214 280 1301 saltem,
315 1214 465 1315 quaein
491 1215 638 1290 levorem
670 1213 883 1315 polygamiae
913 1204 1138 1288 simultaneae
1170 1215 1259 1287 inter

139 1330 343 1405 christianos
364 1330 477 1405 allerri
495 1330 745 1418 consueverint,
766 1329 834 1404 alia
851 1330 992 1403 minoris
1009 1329 1257 1404 momentinon

139 1470 347 1545 persequar,
375 1462 548 1546 quaeant
573 1446 615 1521 ad
641 1471 711 1520 rem
736 1472 803 1520 non
836 1445 982 1532 iaciunt,
1015 1461 1075 1518 aut
1104 1443 1259 1519 fabulosa

139 1560 278 1637 omnino
295 1575 375 1635 sunt
398 1564 512 1657 (188),
529 1586 591 1635 nee
612 1560 736 1634 seriam
758 1560 1032 1659 disquisitionem
1056 1577 1255 1659 exposcunt.

140 1677 252 1751 lieeat
276 1701 357 1774 ergo
381 1675 582 1752 ooneludere
606 1677 766 1751 unitatem
784 1677 832 1749 ita
848 1701 925 1750 esse
941 1676 1116 1750 christiani
1144 1677 1259 1750 matri·

140 1791 245 1868 monii
258 1792 494 1891 proprietatem
508 1807 545 1867 ut
560 1791 753 1892 polygamia
770 1791 973 1866 simultanea
991 1818 1130 1892 prorsus
1148 1792 1259 1868 exolu-

141 1905 253 1981 datur.

576 2064 740 2124 CAPUT
762 2065 817 2122 11.

468 2238 508 2286 DE
533 2237 709 2288 ronioiuia
736 2237 931 2288 successiva.

573 2398 782 2455 antiatinus
801 2399 824 2455 1.

297 2551 443 2614 Eeeiesiae
463 2551 597 2613 doctrina
612 2570 647 2613 ae
660 2552 813 2630 disciplina
826 2554 903 2613 eirea
918 2553 1099 2633 bigamiam,

331 2667 381 2711 sen
391 2651 531 2712 secundas
544 2654 672 2730 nuptias,
688 2655 842 2728 exponitur
852 2659 882 2712 et
896 2653 1071 2713 vindicatur.

218 2817 256 2888 ln
282 2815 346 2890 boe
371 2833 566 2914 argumento
583 2841 706 2916 operae
723 2815 869 2914 pretium
886 2831 940 2889 est
955 2815 1074 2889 sedulo
1096 2816 1261 2892 ecelesiae

143 2930 331 3005 doctrinam
348 2959 369 3004 a
386 2931 569 3032 disciplina
594 2957 786 3018 secernere,
807 2958 895 3032 quae
920 2931 1066 3006 diversis
1091 2933 1261 3007 aetatibus

144 3046 291 3122 obtinuit
315 3049 350 3120 in
375 3047 520 3124 eeclesia
544 3049 618 3122 sive
643 3074 762 3146 graeca
788 3047 860 3120 sive
884 3046 1002 3121 latina.

216 3163 376 3237 Doctrina
396 3164 561 3238 catholica
579 3190 712 3263 semper
730 3164 813 3237 haee
831 3163 912 3250 luit,
932 3162 1063 3237 validas
1080 3162 1262 3265 licitasque

144 3300 222 3350 esse
239 3277 408 3351 secundas
426 3293 459 3351 et
476 3278 652 3353 ulteriores
670 3280 819 3377 nuptias.
840 3278 964 3352 Contra
979 3304 1058 3352 vero
1077 3304 1144 3352 non
1162 3280 1262 3380 pauei

145 3389 306 3465 haeretiei
333 3393 541 3493 antiquiores
567 3395 734 3468 secundas
760 3394 913 3493 nuptias,
934 3394 1038 3468 multo
1054 3419 1134 3467 vero
1152 3396 1262 3494 magis

145 3504 343 3595 ulteriores,
372 3508 529 3583 defuneto
556 3510 666 3610 priore
691 3511 849 3609 coniuge,
871 3527 1043 3610 tamquam
1068 3509 1207 3586 illicitae
1224 3537 1263 3585 ao

146 3621 240 3697 nullo
262 3624 362 3698 modo
384 3625 540 3700 serendas
566 3626 818 3726 improbarunt,
838 3643 872 3701 ot
896 3626 1038 3701 execrati
1057 3643 1149 3700 sunt.
1166 3628 1265 3702 Hune

145 3763 293 3815 errorem
319 3739 383 3813 sub
408 3741 585 3815 cuiusdam
611 3742 826 3841 perfeetionis
852 3742 987 3816 obtentu
1015 3742 1159 3840 prolessi
1186 3757 1265 3817 sunt

32 3890 41 3911 ·
144 3855 388 3943 montanistae3
417 3857 515 3931 euius
540 3859 588 3930 rei
615 3876 866 3933 monumentum
885 3872 976 3933 extat
993 3857 1211 3931 ineluctabile
1226 3859 1265 3931 in

144 3968 247 4063 uariis
273 3969 467 4045 Tertulliani
494 3971 608 4060 libris,
635 3972 832 4072 praesertim
858 3999 937 4047 vero
962 3973 999 4044 in
1024 3972 1110 4047 libro
1126 3973 1177 4046 De
1192 4000 1262 4047 mo-

144 4088 310 4185 uopnmr'o.
327 4087 617 4174 Quemadmodum
642 4116 721 4165 vero
748 4091 782 4162 in
807 4089 885 4163 aliis
910 4087 1080 4163 erroribus
1107 4089 1160 4164 sio
1177 4105 1212 4165 et
1226 4090 1262 4161 in

146 4368 170 4418 a
184 4367 192 4418 Ι
219 4288 284 4420 (rep)
299 4289 445 4343 cuiusmodi
455 4293 514 4345 sunt
524 4291 657 4357 eeoseuda,
669 4305 734 4358 quae
744 4306 774 4355 rr
786 4292 922 4344 loboriioo
932 4291 1005 4344 reiert
1014 4295 1033 4344 i.
1043 4294 1072 4344 i.
1082 4291 1210 4344 Fabricius
1221 4304 1261 4356 op.

193 4380 258 4419 oee
280 4406 287 4420 .
