2796 5064
140 358 187 437 ’18
320 378 381 438 nu,
394 378 452 440 111.
473 377 561 429 sacr.
581 378 606 429 1.
624 378 665 429 nr
683 376 779 431 aare.
791 376 915 435 aanor.
933 377 1079 436 narrare.

210 499 326 598 Neque
350 495 394 570 ab
418 495 484 568 hac
507 495 674 570 senentis
702 495 934 572 discesserunt
964 497 1169 595 posteriores
1195 525 1248 599 pa·

139 630 220 687 tres.
242 614 327 692 Nam
344 640 373 686 s.
396 610 542 686 Basilius
567 636 727 712 expresse
748 636 910 685 canonem
938 611 1030 687 hunc
1056 640 1153 687 num.
1169 616 1245 689 xnt.

139 729 264 812 edidit:
288 728 417 815 «Quae
433 727 467 800 in
484 727 645 801 uiduitate
663 726 764 800 habet
780 726 833 800 sui
853 743 1069 827 potestatem,
1091 756 1162 804 una
1179 757 1249 810 cum

140 844 214 918 uiro
232 842 387 917 habitare
404 858 513 943 potest
530 842 605 916 sine
627 841 909 940 reprehensione,
930 843 960 916 si
979 861 1169 933 nemoest,
1197 846 1249 946 qni

139 959 331 1056 coniugium
358 957 515 1044 diuellat,
537 983 612 1030 cum
631 955 813 1056 Apostolus
831 956 939 1032 dicat:
964 958 1006 1030 Si
1019 973 1169 1033 mortuus
1185 960 1251 1059 [ue-

138 1077 184 1147 rit
207 1076 346 1151 monitus
373 1073 477 1147 libero
499 1088 565 1157 est,
589 1087 626 1145 ot
650 1072 752 1144 nubat
777 1073 833 1146 cui
848 1072 947 1157 uelit,
980 1077 1171 1147 tantumno
1191 1075 1251 1148 Dc

139 1191 226 1265 mino
246 1192 335 1287 (11).
356 1219 375 1260 a
394 1190 431 1262 S.
453 1188 633 1287 Gregorius
658 1189 887 1262 nazianzenus
911 1189 1077 1263 Nouatum
1103 1215 1167 1265 seu
1192 1191 1252 1266 llo·

137 1292 311 1385 vatianum
341 1290 510 1379 infensum
547 1304 707 1379 secundis
737 1303 866 1403 nuptiis
900 1304 948 1377 ita
980 1304 1128 1378 refellit:
1158 1335 1177 1375 n
1203 1306 1251 1378 An

138 1448 182 1497 ne
206 1420 392 1499 iuvenibus,
415 1421 551 1520 quidem
584 1420 718 1507 viduis,
747 1436 884 1521 propter
912 1421 1030 1495 aetatis
1061 1420 1249 1510 lubricum,

140 1535 278 1613 ineundi
300 1536 505 1611 matrimonii
524 1552 722 1636 potestatam
741 1533 851 1609 facis?
862 1534 905 1609 tlt
919 1534 1043 1610 Paulos
1061 1536 1129 1612 hoc
1146 1537 1251 1613 facere

138 1652 279 1727 minime
303 1652 485 1726 dubitavit.
504 1652 587 1725 ..dt
603 1651 687 1725 haec
704 1652 843 1726 minime
861 1669 936 1753 post
953 1652 1183 1752 baptismum,
1203 1654 1251 1727 in·

137 1768 229 1868 quis,
259 1766 333 1853 Quo
358 1783 555 1865 argumento
580 1767 615 1840 id
639 1765 844 1841 confirmas?
868 1768 935 1841 Aut
958 1794 1028 1841 rem
1057 1768 1105 1841 ita
1132 1794 1172 1842 se
1192 1768 1253 1843 ha-

139 1882 220 1959 bere
235 1884 356 1985 proba,
376 1899 436 1957 aut
456 1882 486 1957 si
503 1882 540 1955 id
564 1883 702 1983 nequis,
722 1882 1001 1979 napcnndemnes.
1023 1883 1122 1970 Quod
1145 1884 1176 1958 si
1201 1910 1253 1959 res

138 1998 244 2071 dubia
267 2015 337 2083 est,
364 1997 478 2071 vincat
502 1996 695 2071 humanitas
720 2014 754 2070 et
779 1997 924 2071 facilitas
949 1999 1065 2096 (12).»
1122 2007 1126 2013 ’

218 2113 286 2187 Nec
309 2112 406 2186 alitor
429 2113 527 2188 docet
552 2139 582 2185 a.
612 2113 660 2186 lo.
689 2112 969 2214 Chrysostomus,
996 2114 1057 2214 qui
1082 2141 1256 2215 exponens

138 2224 288 2325 Apostoli
302 2226 415 2301 verba:
431 2226 553 2300 Mulier
571 2227 713 2326 altipeta
737 2241 785 2300 est
805 2227 890 2327 lapi,
903 2227 988 2302 haec
1000 2228 1114 2303 hahet:
1131 2230 1256 2318 «Quas

9 2358 12 2363 ’
138 2367 217 2417 varo
241 2359 294 2417 est
317 2341 439 2430 libera,
468 2341 638 2442 siquidem
663 2343 807 2417 voluerit
835 2343 985 2418 secundo
1010 2344 1159 2433 nubere,
1187 2372 1254 2421 non

138 2457 336 2557 simpliciter
360 2483 469 2558 neque
488 2473 612 2532 temere
635 2460 700 2534 hoc
719 2458 815 2547 facit,
832 2459 892 2533 sed
909 2486 987 2534 cum
1006 2459 1140 2558 legibus
1165 2489 1255 2563 quae

138 2588 219 2646 sunt
243 2598 263 2644 a
287 2571 390 2646 Paulo
408 2573 537 2672 positae
565 2576 687 2669 (13).»
714 2574 770 2647 Sic
787 2574 888 2648 etiam
910 2602 939 2649 s.
965 2575 1181 2676 Epiphanius
1205 2577 1257 2649 in-

139 2704 190 2763 tar
213 2687 299 2761 falsa
323 2688 536 2763 catharorum
562 2715 622 2763 sau
653 2690 906 2764 novatianorum
936 2691 1096 2788 dogmata
1127 2707 1163 2764 et
1191 2691 1256 2767 hoc

139 2820 308 2879 recenset:
333 2805 400 2876 «Si
420 2805 498 2904 quis
518 2823 593 2904 post
608 2805 815 2905 baptismum
837 2806 1020 2880 secundam
1038 2832 1178 2880 uxorem
1196 2807 1258 2881 du-

138 2920 242 3007 xerit,
264 2919 308 2994 ab
326 2920 394 2996 illis
417 2948 483 2996 non
501 2922 647 3021 amplius
665 2922 864 2996 admittitur.
884 2921 982 3009 Quod
1000 2922 1140 3022 quidem
1153 2925 1254 3023 plone

138 3033 294 3106 stolidum
318 3052 371 3109 est
398 3037 487 3133 (11),
507 3069 524 3108 a
544 3063 645 3137 quem
667 3036 793 3111 deinde
816 3063 962 3113 errorem
980 3038 1081 3111 simul
1100 3065 1180 3112 cum
1204 3065 1257 3113 re-

138 3149 242 3249 liquis
265 3152 416 3225 eiusdem
437 3169 550 3227 sectae
566 3152 738 3227 erroribus
762 3169 879 3253 postea
904 3153 1036 3227 refellit.
1063 3152 1257 3229 Theodore-

140 3281 194 3339 tus
227 3267 353 3363 pariter
377 3268 571 3366 expendens
595 3268 696 3343 citata
723 3267 874 3368 Apostoli
899 3268 1001 3341 rerba
1027 3271 1060 3341 1.
1079 3267 1156 3343 Cor.
1184 3271 1253 3343 vlt.

142 3380 365 3454 «Notandum
388 3399 458 3470 est,
479 3383 610 3471 subdit,
632 3383 724 3484 quod
750 3411 817 3458 non
835 3384 985 3471 beatam,
1003 3384 1063 3457 sed
1083 3385 1257 3459 doctiorem

137 3521 210 3569 eam
236 3495 327 3570 dicat
351 3498 549 3594 (viduam),
571 3526 659 3599 quae
685 3526 723 3572 se
746 3498 912 3586 continet;
935 3498 980 3572 ita
1005 3499 1133 3573 docens
1164 3501 1255 3601 quod

140 3636 206 3684 non
220 3610 428 3687 beatitudine
442 3615 486 3687 sit
505 3616 642 3690 omnino
656 3615 836 3702 destituta,
854 3641 942 3715 quae
954 3615 1141 3689 secundum
1154 3616 1254 3690 etiam

209 3924 260 3987 (11)
276 3923 354 3988 Epist.
371 3926 504 3977 1101111111.
517 3927 595 3977 lfaur.
607 3931 666 3978 tona.
679 3930 722 3978 111.
736 3941 760 3991 p.
774 3933 829 3978 196.

210 4007 260 4068 (11)
276 4010 344 4059 orat.
358 4011 467 4059 11111111.
479 4009 504 4058 tn
515 4011 614 4059 sarecto
624 4008 728 4059 tumtno
736 4008 776 4059 ad.
790 4008 867 4059 Paris.
885 4014 955 4059 1611.
966 4010 1027 4058 tom.
1038 4007 1058 4058 1.
1070 4020 1126 4071 pag.
1137 4013 1195 4059 611.
1209 4009 1256 4060 tto·

139 4084 242 4136 tandum
263 4099 337 4150 porro
356 4090 393 4139 est
410 4087 555 4152 plenamque
574 4086 706 4152 scriptores
725 4100 825 4151 graecos
846 4090 967 4138 Nouatum
984 4099 1014 4137 ac
1033 4087 1200 4138 donatianum
1219 4086 1255 4136 in·

137 4168 173 4215 ter
195 4179 220 4216 sc
235 4166 398 4228 confundere,
409 4170 435 4217 ut
450 4170 517 4231 patet
535 4167 609 4217 stiam
629 4181 657 4218 en
678 4168 802 4229 Eusebio,
822 4167 960 4231 Epiphanio
973 4166 1079 4230 aliisque
1099 4167 1201 4234 partu.

215 4248 264 4307 (ta)
281 4249 353 4297 Hom.
371 4249 409 4298 Dr
419 4246 509 4298 libello
519 4247 623 4313 repudii·
637 4247 676 4298 ed.
689 4250 769 4299 Maur.
780 4261 838 4311 opp.
853 4251 913 4298 tam.
922 4250 966 4299 111.
979 4261 1003 4311 p.
1016 4255 1071 4300 11111.

211 4329 261 4391 (rt)
277 4330 459 4379 Haemum.
474 4342 499 4378 n.
514 4327 588 4379 aed.
601 4331 683 4379 Pelas.
761 4341 764 4345 ·
981 4336 986 4347 ·
