2796 5064
141 350 210 423 tit
285 369 347 422 nn.
359 369 407 423 ιιι.
424 368 510 422 sacr.
526 367 657 419 ruram.
674 327 714 419 oa
731 365 843 420 mons.
860 367 956 421 ιιιτι.
972 366 1095 421 maiar.

140 489 244 566 semel
268 489 503 564 adnotavimus
528 488 677 562 omnium
702 488 832 588 primus
849 487 908 588 qui
925 488 1012 561 inter
1027 510 1188 562 romanos
1203 485 1251 562 ‹li-

139 605 237 681 vortii
262 604 416 679 libertate
440 618 524 679 usus
550 603 670 690 luerit,
698 602 923 678 severioribus
952 602 1105 678 moribus
1136 603 1251 701 vigeo·

139 721 252 808 tibus,
280 720 406 794 dicitur
430 721 537 794 luisse
561 719 703 821 Spurius
728 717 894 793 Carvilius
920 717 1108 793 sterilitatis
1136 719 1251 794 uxoris

139 862 224 912 suae
247 835 386 911 obtentu
409 852 443 911 et
467 853 577 911 tamar
602 863 669 910 non
687 835 762 911 sine
779 834 937 909 infamiae
953 833 1099 909 alicuius
1115 850 1197 908 nota
1218 833 1251 908 id

139 952 288 1052 peregit;
308 967 424 1053 postea
438 979 518 1026 uero
541 952 745 1052 frequentior
760 978 844 1026 usus
862 949 1016 1025 invaluit.
1037 951 1147 1025 Immo
1168 950 1251 1027 adeo

139 1092 321 1166 progressa
345 1080 397 1140 ast
421 1065 580 1154 licentia,
608 1081 645 1140 ut
670 1081 704 1141 ct
734 1091 855 1141 uxores
886 1065 976 1140 uiros
1008 1089 1089 1139 suos
1122 1066 1251 1164 passim

140 1180 374 1281 repudiarent,
402 1195 435 1255 et
460 1181 570 1254 mariti
600 1180 753 1281 exemplo
780 1205 976 1280 graecorum
996 1181 1070 1276 (tt)
1097 1179 1251 1280 proprias

138 1323 263 1373 uxores
286 1298 329 1371 ad
347 1312 479 1397 tempus
496 1296 576 1370 aliis
591 1297 767 1385 cederent,
787 1313 826 1370 ut
842 1295 887 1370 de
901 1295 1026 1370 Catone
1043 1311 1162 1369 uotum
1178 1310 1251 1382 est,

140 1413 200 1514 qui
216 1413 369 1487 Martiam
387 1413 565 1488 Hortensio
582 1413 773 1500 concessit,
793 1438 884 1512 quae
900 1410 1129 1499 consuetudo,
1144 1410 1251 1510 inquit

140 1529 275 1618 Strabo,
303 1528 452 1628 numana
476 1529 542 1628 suit
562 1530 636 1625 (tt)
656 1543 727 1604 tum
752 1527 844 1628 apud
860 1542 988 1604 veteres
1006 1552 1166 1603 romanos
1184 1542 1251 1601 tum

141 1643 233 1745 apud
259 1643 344 1719 alios
369 1642 496 1744 plures.
723 1662 726 1669 ·

217 1753 309 1833 Haec
326 1759 382 1833 uix
400 1757 551 1832 indicare
567 1757 714 1858 placuit,
734 1772 774 1833 ut
788 1773 901 1857 pateat
916 1755 1085 1858 quomodo
1102 1780 1125 1829 a
1146 1755 1251 1833 tenui

140 1872 206 1946 bus
231 1886 346 1946 exorta
370 1872 552 1972 principiis
576 1898 706 1946 morum
731 1871 920 1972 corruptela
943 1871 1054 1969 magis
1071 1870 1196 1968 iugiter
1214 1893 1251 1944 ac

140 1987 250 2084 magis
268 1986 427 2060 dilatetur
442 2001 475 2061 et
492 2002 640 2074 crescat,
660 1986 767 2062 donec
784 1985 829 2060 ad
845 1988 952 2061 instar
967 1985 1117 2059 incendii
1141 1985 1251 2068 omum

141 2109 322 2210 pervadat,
343 2125 444 2209 atqua
460 2109 617 2197 devorat,
637 2109 791 2211 legisque
808 2110 920 2211 ipsius
936 2108 1101 2184 naturalis
1122 2106 1251 2209 perspi-

140 2249 206 2299 cua
229 2223 398 2325 principia
420 2224 568 2324 quodam
592 2224 695 2299 voluti
713 2225 805 2305 lamo
822 2225 1007 2325 densisque
1027 2223 1181 2300 muebria
1196 2221 1251 2301 oi»

140 2337 266 2415 uoluat,

571 2523 780 2582 ARTICULUS
799 2525 837 2580 ll.

175 2715 219 2776 Da
231 2713 412 2776 Matrimonii
432 2713 696 2791 indissoiuhiiitate,
719 2718 849 2791 spectato
870 2714 934 2773 iura
952 2712 1053 2774 divino
1072 2715 1224 2790 positivo,

433 2827 470 2875 ac
488 2814 662 2873 nominatim
683 2813 714 2872 in
736 2811 956 2889 iege'mosaica.

214 3019 309 3107 Quas
333 3021 497 3095 hactenus
523 3021 703 3095 constituta
721 3038 801 3095 sunt
818 3021 907 3093 circa
924 3018 1072 3116 coniugii
1091 3020 1251 3094 omnimo·

140 3135 219 3208 dam
237 3136 569 3212 indissolubilitatem
587 3163 606 3210 e
623 3137 697 3234 lege
710 3153 848 3209 naturae
861 3135 1001 3210 mirifice
1013 3134 1251 3210 confirmantur

142 3275 181 3322 ex
207 3251 272 3338 iis,
301 3278 388 3350 quac
413 3250 456 3325 de
480 3252 651 3352 primaeva
669 3251 872 3328 matrimonii
889 3251 1100 3328 institutione
1117 3251 1155 3326 iu
1171 3250 1251 3348 libro

302 3506 429 3571 Multoque
444 3508 566 3572 iniquiore
580 3510 684 3561 miserae
698 3523 773 3574 quam
789 3511 846 3565 viri.

300 3589 363 3638 Nam
379 3587 421 3636 vix
436 3587 458 3639 si
473 3591 581 3640 scortum
597 3589 667 3641 ducit
682 3591 746 3641 ciam
763 3604 864 3642 uxorem
878 3603 949 3643 suam

301 3667 329 3717 id
342 3667 364 3718 si
379 3668 480 3720 rescivit
494 3683 573 3732 uxor,
590 3671 689 3736 impune
704 3673 742 3722 ast
755 3672 827 3735 viro,

300 3747 368 3795 Uxor
380 3759 440 3797 vero
455 3748 477 3798 si
492 3749 557 3799 ciam
571 3748 645 3800 domo
660 3763 756 3813 egressa
771 3752 809 3801 est
823 3749 883 3801 ioris

300 3826 360 3877 Viro
376 3826 405 3878 fit
418 3841 508 3893 causa,
525 3829 631 3893 exigitur
647 3831 803 3881 matrimonio

300 3905 400 3957 Utinam
415 3907 455 3958 lex
470 3911 535 3960 esset
549 3910 652 3973 eadem,
667 3924 731 3974 quoe
746 3911 818 3961 uxori
834 3912 871 3961 cst
880 3948 890 3974 ,
905 3911 959 3962 viro
970 3914 976 3962 t
988 3931 1000 3954 ν

211 3982 262 4047 (ti)
275 3984 401 4049 Socratas,
414 3989 444 4036 ut
459 3987 534 4038 reteri
550 3989 715 4040 Tertullianus
724 3989 831 4054 Apolcc.
843 4003 897 4054 cap.
909 3996 947 4042 89.
959 4003 1061 4042 uroram
1071 4004 1145 4045 suam
1157 3993 1251 4059 xantip-

140 4073 197 4126 pam
207 4061 327 4114 Alcibiadi
345 4066 425 4116 cessit.
437 4069 465 4116 in
476 4068 600 4118 nonnuliis
611 4069 726 4120 Graecias
736 4069 798 4121 locis
809 4083 897 4121 uxores
907 4083 923 4121 a
932 4070 993 4121 viris
1004 4073 1093 4123 mutuo
1106 4073 1164 4126 aliis
1179 4072 1251 4126 tratis·

142 4141 239 4193 bantur.
252 4143 291 4194 ci.
304 4147 340 4194 io.
353 4146 481 4196 Pottcrum
497 4160 538 4211 op.
549 4150 575 4198 ct
585 4148 634 4199 loc.
646 4148 688 4200 cit.

140 4304 196 4355 uu
212 4222 263 4357 (ἕέ)
271 4223 424 4359 simili
435 4225 478 4277 lib.
489 4229 544 4278 vii.
555 4227 593 4280 ci.
606 4228 681 4280 ctiam
699 4228 859 4281 Plutarchum
875 4229 901 4282 iu
918 4232 1071 4294 Demetrior
1087 4234 1114 4284 et
1129 4232 1250 4287 Valerium

200 4341 205 4354 .
255 4342 260 4354 .
296 4317 366 4370 .cap.
427 4345 433 4358 .
