2796 5064
178 360 249 409 1111.
260 358 305 409 vl.
318 357 359 409 ll!
372 357 452 409 1188.
463 358 560 409 fflll·
573 358 656 422 naal,
673 359 737 411 11011
751 359 912 411 consula.
925 361 997 414 aar.
1010 362 1055 412 11.
1117 342 1183 412 511

66 476 315 580 plenitudinem
328 475 560 577 amplissimae
571 476 649 551 illae
660 503 700 553 ac
710 478 898 553 illimitatae
906 478 1069 555 formulae
1079 482 1189 582 expri-

65 610 165 668 munt
189 591 316 694 quibus
341 593 417 692 ipse
441 619 526 666 usus
550 610 603 667 est
627 594 671 666 ad
697 594 786 668 banc
811 611 1007 695 potestatem
1033 597 1064 669 31
1095 622 1188 672 com·

65 707 323 783 munieandam:
346 705 574 807 Quodcumque
596 708 770 807 liquoert's,
792 709 1012 810 quodcumque
1029 710 1185 798 solverim·

66 824 169 897 item:
190 823 294 896 Posce
310 847 411 921 39333
428 848 529 906 meos,
545 849 645 921 posce
661 849 734 895 oues
751 850 849 896 meus.
864 824 937 898 Nisi
956 825 1058 923 igitur
1074 842 1188 901 osten·

65 940 168 1013 datur
191 937 342 1038 exceptio
369 954 522 1038 respectu
546 938 749 1012 matrimonii
776 938 868 1025 rati,
902 939 1187 1038 quemadmodum

65 1071 199 1129 constat
223 1055 258 1125 in
283 1053 498 1127 matrimonio
524 1054 675 1127 fidelium
692 1071 923 1128 consummato
940 1081 1073 1129 omnem
1094 1082 1187 1132 exce·

64 1170 216 1269 ptionem
242 1167 397 1256 excludi,
432 1169 602 1243 etiamad
634 1168 725 1243 illius
756 1168 956 1244 solutionem
988 1185 1186 1270 potestatem

64 1288 162 1361 Petro
188 1285 342 1360 collatam
370 1285 524 1386 pretendi
554 1286 735 1360 dicendum
761 1302 828 1374 est,
857 1302 956 1387 prout
981 1286 1095 1385 reipsa
1113 1312 1186 1386 pro·

63 1401 213 1475 tenditur
235 1401 280 1475 ad
307 1400 507 1475 solutionem
532 1401 600 1475 voti
627 1400 789 1476 solemnis
807 1418 864 1475 aut
882 1401 1074 1475 iuramenti.
1097 1403 1185 1500 Ergo

62 1518 159 1591 Rom.
181 1516 351 1616 pontifex,
379 1516 438 1616 qui
460 1516 574 1590 divino
601 1516 673 1589 iure
698 1517 733 1589 in
752 1518 817 1591 hac
839 1518 1015 1617 potestatis
1039 1517 1185 1618 plenitu-

61 1632 249 1707 dinePetro
268 1631 433 1718 succedit,
450 1631 485 1703 id
500 1632 609 1730 ipsum
629 1647 800 1732 praestare
818 1658 919 1731 posse
934 1632 1098 1705 dicendus
1116 1648 1179 1706 est.

136 1747 305 1821 Romanus
324 1761 496 1847 practerea
515 1745 662 1844 pontifex
680 1763 795 1846 utpote
819 1773 997 1845 supremus
1020 1747 1054 1819 in
1077 1746 1184 1820 ecole-

61 1862 117 1936 sia
140 1862 258 1936 doctor
281 1877 314 1935 et
338 1887 510 1935 sacrarum
535 1862 783 1961 seripturarum
811 1861 952 1963 perinde
976 1888 1016 1935 ac
1047 1862 1184 1936 divinae

64 1976 257 2052 traditionis
287 1977 468 2077 interpres,
501 1975 618 2049 divina
647 1976 783 2050 oracula
801 2003 889 2077 quae
912 1977 1184 2050 3331131331-

61 2109 132 2167 1313
148 2093 314 2191 coniugii,
335 2091 498 2166 intellexit
514 2119 590 2166 oum
608 2093 804 2192 exceptione
822 2093 858 2165 in
876 2092 1105 2193 peculiaribus
1122 2119 1181 2167 ca·

59 2207 159 2282 sibus
184 2208 297 2307 quoad
323 2208 535 2282 matrimonia
560 2225 643 2281 rata.
668 2208 808 2294 Quoties
825 2209 968 2309 proinde
987 2210 1010 2281 ii
1029 2209 1183 2284 incidunt

57 2349 163 2397 casus
188 2323 371 2423 inquibus
397 2323 500 2397 iidem
532 2325 710 2423 pontifices
741 2324 1056 2423 deprehenderunt,
1089 2325 1181 2427 quod

58 2439 128 2512 nisi
148 2438 316 2512 eiusmodi
334 2439 491 2536 coniugia
509 2438 692 2526 solverent,
714 2440 896 2540 plurimum
915 2441 1105 2514 detrimenti
1123 2441 1181 2515 ob·

56 2553 189 2628 veniret
205 2554 241 2625 ia
259 2555 446 2628 animarum
466 2554 666 2654 perniciem,
685 2554 846 2629 scandala
863 2557 1002 2655 insuper
1018 2557 1181 2652 gravissi-

59 2694 136 2754 ma,
156 2665 292 2767 aliaque
311 2694 378 2742 non
404 2667 533 2742 minora
559 2669 773 2742 incommoda
792 2670 976 2757 orirentur,
998 2669 1096 2744 toties
1115 2670 1180 2744 bae

55 2783 323 2857 extraordinaria
347 2800 511 2883 potestate
532 2784 586 2857 usi
613 2800 693 2858 sunt
712 2787 826 2880 (118).

133 2897 199 2971 rllii
225 2900 378 2973 eamdem
400 2899 575 2976 adstruere
600 2902 752 2974 nituntur
769 2902 956 2976 doctrinam
982 2929 1022 2976 ax
1048 2901 1179 3000 siguifi-

54 3014 190 3089 catione
215 3015 419 3090 matrimonii
447 3015 528 3102 rati,
558 3042 660 3116 quam
683 3017 852 3091 diversam
883 3043 960 3091 esse
988 3017 1106 3091 dicunt
1135 3016 1180 3090 ab

55 3157 99 3203 ea
117 3157 219 3230 quam
242 3130 345 3204 babet
364 3131 614 3205 matrimonium
640 3149 924 3219 consummatum,
954 3149 1053 3232 prout
1078 3132 1189 3232 paulo,

60 3259 140 3317 3313
165 3245 395 3343 exposuimus.
418 3246 486 3318 Nos
512 3244 600 3320 ultro
624 3246 791 3320 eiusmodi
818 3247 1083 3345 significationes
1110 3275 1180 3322 ma-

54 3359 204 3432 trimonii
223 3359 431 3434 admittimus
450 3385 525 3432 cum
543 3361 713 3433 communi
731 3361 905 3435 doctorum
924 3362 1098 3460 sullragio.
1120 3363 1178 3437 Ve-

54 3490 243 3548 rumtamen
270 3475 334 3548 hoc
359 3491 593 3574 argumentum
620 3502 661 3548 ex
684 3475 819 3549 diversa
845 3477 1093 3575 significatione
1120 3505 1176 3578 pe·

55 3589 156 3662 titum
182 3615 249 3663 non
275 3589 359 3663 adeo
391 3591 524 3665 firmum
554 3589 702 3677 videtur,
735 3606 772 3664 ut
802 3591 833 3663 ei
863 3591 959 3665 inniti
991 3594 1174 3693 possimus.

131 3849 197 3911 (tra)
217 3847 343 3899 Eiusmodi
359 3848 490 3900 aemunitas
510 3850 663 3901 manifestius
680 3850 812 3914 apparebat
831 3853 962 3914 numquam
981 3849 1114 3900 concilium
1131 3850 1174 3901 tri·

51 3927 184 3979 (lentinum
197 3929 296 3980 decreto
307 3942 353 3979 suo
367 3928 437 3980 irrita
449 3929 548 3981 lecisset
558 3931 713 3982 clandestina
726 3932 891 3982 matrimonia.
904 3935 951 3981 Per
962 3931 1022 3980 haee
1031 3930 1096 3980 enim
1107 3943 1179 3994 33333

53 4007 144 4070 fiebat,
161 4010 189 4058 ut
206 4009 322 4073 ecclesia,
340 4024 403 4074 qnae
421 4024 470 4061 non
491 4011 585 4062 indicat
601 4013 632 4064 de
648 4013 770 4076 internis,
788 4013 887 4064 deberet
902 4012 997 4064 sancire
1016 4011 1115 4077 publice
1127 4024 1177 4062 ma·

51 4089 186 4152 trimonia,
204 4103 269 4154 qnae
288 4091 356 4141 nulla
373 4093 445 4142 eraut
463 4094 488 4143 31
507 4091 645 4144 adulterina
656 4091 689 4143 ob
701 4094 904 4158 impedimentum
927 4092 1050 4156 ligaminis
1066 4106 1096 4143 cx
1110 4093 1176 4143 3133·

53 4168 150 4219 11331133
174 4172 246 4221 antea
266 4170 329 4221 inito
347 4171 463 4236 mniugio
483 4172 504 4222 si
520 4171 603 4223 ratum
618 4173 700 4224 solum
718 4174 892 4238 permanebat,
906 4175 1003 4239 poterat
1023 4187 1085 4225 rom.
1096 4174 1177 4237 ponti·

51 4246 92 4298 lex
113 4247 176 4298 illud
193 4248 342 4311 dissolvere,
359 4251 384 4300 31
399 4251 446 4301 hac
466 4251 561 4301 ratione
578 4251 680 4303 obviare
700 4253 808 4304 nullitati
828 4253 971 4318 posterioria
986 4253 1136 4304 matrimonii
1150 4252 1176 4304 13

50 4327 114 4378 lucie
125 4329 243 4379 33313133
253 4329 369 4380 celebrati
381 4333 424 4381 aut
432 4329 580 4380 celebrandi.
588 4331 660 4389 Quod
668 4333 778 4396 proiecto
787 4333 841 4384 lere
850 4346 900 4384 oon
909 4336 962 4384 erat
971 4335 1174 4385 emolumentum.
