2796 5064
130 357 202 431 lll
281 378 344 432 un.
366 375 414 430 ιιι.
436 340 1112 429 suur.sum1.urmntss.nrn.onimt
1142 397 1145 404 -

128 500 217 575 bano
241 497 400 572 iniustam
425 522 502 570 oum
525 492 688 569 uxoribus
713 493 786 567 suis
812 492 936 592 agendi
962 493 1130 569 rationem
1150 491 1246 592 (tlt),

128 613 195 687 ulii
208 637 288 689 vero
301 610 478 711 supposita
495 606 600 683 libelli
623 607 756 708 repudii
776 607 1018 709 permissione,
1042 610 1253 689 uouendum

130 728 238 803 Deum
264 753 326 827 por
349 725 548 826 prophetam
572 722 713 798 iudaeos
738 748 879 821 arguero
895 721 939 798 ob
956 721 1102 799 ubuum
1129 724 1255 801 absur-

129 870 217 917 mem
244 841 348 916 huius
370 839 598 939 indulgentiae
615 866 676 914 seu
694 838 943 939 permissionis,
963 838 1013 914 uti
1030 838 1254 919 rabbinorum

129 957 294 1058 plerique,
315 972 354 1030 ut
369 982 446 1030 mox
463 954 668 1030 videbimus.
690 957 730 1028 ln
747 971 890 1055 utraque
907 954 1088 1056 hypothesi
1108 980 1173 1031 seu
1190 982 1255 1033 ex·

130 1073 308 1175 positione,
330 1087 421 1172 putet
436 1097 478 1144 ex
493 1071 679 1145 llulaebiae
695 1086 787 1144 textu
805 1070 901 1168 argui
920 1070 1011 1144 baud
1029 1096 1135 1172 posse
1152 1070 1254 1149 libol-

130 1189 200 1262 lum
225 1186 358 1287 repudii
382 1214 426 1261 eu
444 1214 478 1260 se
503 1187 637 1288 eulpam
665 1186 832 1261 involvere
857 1211 972 1261 eoram
996 1186 1081 1263 neo.

204 1301 300 1390 Quod
331 1327 410 1377 uero
435 1301 553 1376 attinet
586 1301 630 1376 ad
662 1301 729 1375 duo
762 1301 835 1377 loca
865 1327 955 1403 quse
986 1327 1028 1376 ex
1059 1301 1256 1401 Augustino

129 1418 353 1505 ubiioiuntur,
381 1416 715 1491 animaduertendum
732 1434 785 1492 est
801 1445 831 1493 s.
853 1418 1022 1493 duetorem
1039 1417 1125 1491 dum
1141 1417 1192 1493 ait
1207 1417 1251 1492 li·

128 1533 255 1609 bellum
286 1532 418 1634 repudii
444 1533 733 1634 exprobrationem
762 1535 874 1634 potius
899 1533 1025 1622 luisse,
1051 1542 1160 1634 quam
1190 1560 1253 1635 ap-

129 1648 360 1750 probationem
386 1648 541 1736 diuurtii,
569 1648 634 1722 boc
659 1648 854 1748 significare
877 1648 1043 1737 voluisse,
1073 1675 1139 1749 per
1160 1648 1254 1724 libel·

128 1762 198 1837 lum
223 1761 355 1864 repudii
374 1788 442 1836 non
459 1761 568 1836 luisse
583 1762 714 1836 infinite
728 1763 945 1862 uppwbutum
958 1761 1166 1852 divortium,
1187 1763 1247 1838 sed

128 1878 237 1954 solum
251 1878 447 1978 pemittant
462 1876 507 1952 ob
522 1877 682 1951 duritiam
698 1877 813 1967 oordis
824 1877 1062 1952 israelitarum.
1083 1877 1249 1965 omolo-

129 1995 267 2096 quidem
293 2018 397 2066 eausa
421 1992 466 2067 ob
484 2019 586 2093 quam
612 1993 685 2094 ipse
710 1993 816 2067 inurit
839 1992 1021 2094 quamdam
1038 2009 1155 2068 notam
1179 1992 1244 2094 ipsi

128 2108 262 2210 repudii
286 2107 400 2183 libello
428 2111 502 2205 (ll)
518 2165 526 2196 ,
545 2125 599 2183 est
621 2109 871 2209 quodammodo
894 2108 1030 2187 divortii
1055 2108 1170 2209 ipsios
1195 2133 1250 2183 ex·

135 2222 299 2324 probatio.
324 2223 367 2297 Et
395 2222 461 2297 boo
483 2224 596 2324 quoad
617 2224 762 2325 priorem
779 2223 1146 2312 urrunnu-alterum
1163 2248 1243 2299 veru

131 2338 222 2440 quod
247 2353 392 2438 spectat,
409 2337 541 2414 facilior
563 2339 676 2414 adbuo
700 2340 877 2440 responsio
894 2340 1061 2440 suppetit,
1080 2364 1162 2414 uum
1176 2339 1246 2415 boe

132 2454 166 2527 in
197 2454 271 2530 leco
288 2483 318 2529 s.
347 2454 557 2552 Augustinus
582 2455 707 2530 directe
728 2455 890 2557 loquatur
910 2455 954 2529 de
978 2455 1176 2557 polygamiu
1202 2456 1250 2531 si·

132 2568 302 2644 multanea
326 2569 459 2670 potius,
480 2570 644 2670 quamde
665 2570 890 2645 dissolutione
906 2570 1074 2669 ouniugii,
1090 2586 1248 2645 ettamen

132 2682 241 2784 ipsam
268 2683 504 2757 simultaneam
523 2683 748 2784 polygamiam
767 2712 870 2785 quam
887 2685 944 2758 bio
968 2684 1124 2774 damnet,
1144 2685 1180 2760 in
1196 2708 1248 2760 eu

131 2800 208 2872 dem
223 2800 333 2902 eapite
350 2800 604 2898 agnoseitlioite
621 2826 642 2873 a
658 2800 857 2900 patriarchis
870 2800 1116 2901 frequentatam
1130 2801 1247 2877 luisse.

204 2917 322 3018 Neque
345 2915 480 2990 tandem
505 2917 643 2990 ooneedi
671 2916 789 3005 debet,
818 2916 965 3018 quodsi
993 2916 1085 2991 uitta?
1111 2917 1248 3017 uulpem

132 3058 239 3108 nouae
262 3033 340 3106 iniri
367 3049 521 3133 poterunt
544 3034 682 3134 nuptiae
707 3060 768 3135 par
783 3033 933 3108 libellum
955 3032 1102 3134 repudii,
1124 3033 1249 3108 disuni-

133 3174 210 3221 men
245 3149 333 3222 inter
369 3149 562 3247 coniugium
596 3167 630 3223 et
663 3150 914 3224 fornicationem
949 3149 1120 3224 sublatum
1154 3173 1248 3236 essm

131 3263 301 3363 siquidem
322 3263 381 3363 qui
400 3264 585 3340 lornioatur
607 3291 727 3363 uagam
745 3291 901 3339 venerem
920 3273 1152 3354 consectatur,
1167 3266 1249 3366 quin

131 3376 296 3465 sollicitus
318 3378 363 3451 sit
383 3393 442 3451 aut
467 3376 510 3452 de
526 3379 620 3478 prule
645 3397 703 3454 aut
719 3380 762 3452 de
779 3381 853 3452 eius
879 3380 1106 3468 institutione,
1129 3378 1251 3481 etqui·

130 3494 206 3566 dem
234 3493 269 3566 id
290 3510 449 3593 operatur
471 3520 512 3568 ex
538 3495 689 3570 arbitrio.
712 3495 836 3570 Contra
852 3522 931 3571 vero
948 3522 989 3570 ex
1009 3493 1085 3593 lege
1101 3494 1249 3585 monitu

130 3607 209 3682 licet
229 3609 599 3708 pennittereturuxoris
617 3609 784 3696 dimissio,
806 3610 841 3683 id
860 3610 931 3684 lieri
950 3627 1062 3684 tamen
1075 3634 1145 3684 non
1163 3625 1250 3710 pole

131 3739 183 3796 rat
198 3749 413 3824 quacumque
429 3725 571 3811 ratione,
586 3723 647 3798 sed
666 3725 759 3823 gravi
780 3751 819 3800 ex
841 3751 944 3799 causa
960 3724 1251 3830 probantibusque

130 3837 320 3928 iudicibus,
336 3855 370 3914 et
394 3866 460 3915 non
479 3865 541 3940 pro
557 3839 747 3928 uoluntate,
762 3840 822 3914 sed
843 3868 883 3914 ex
908 3840 1005 3938 legis.
1020 3840 1247 3942 praeseripto,

201 4009 252 4101 (ot)
268 4011 304 4060 ltu
322 4010 437 4060 sanctim
461 4010 486 4059 ln
499 4009 565 4060 buna
581 4010 629 4061 loe.
649 4010 692 4060 ubl
707 4010 815 4074 ὰίιῐιιιι,
832 4010 911 4062 solide
926 4014 951 4062 el
973 4010 1098 4074 eleuata
1113 4024 1169 4063 rem
1190 4011 1249 4065 but

132 4091 248 4230 wag}
264 4171 327 4219 llum
342 4171 467 4232 comparat
482 4182 576 4218 morem
593 4167 659 4219 hune
672 4182 730 4219 eum
746 4169 874 4231 gentilium
892 4167 1072 4220 cousuetudine
1085 4168 1111 4219 iu
1126 4169 1249 4225 utnutw

129 4246 169 4298 dle
184 4248 319 4311 uxoribus,
344 4251 369 4299 et
389 4248 478 4299 retollit
497 4262 557 4311 eus,
572 4250 616 4313 qui
638 4250 663 4298 in
685 4251 738 4314 lage
756 4249 890 4300 clrnstluns
906 4249 1120 4301 volnisseulluuue
1134 4247 1247 4303 eunden

129 4340 222 4379 morem
236 4328 352 4380 ludurere
367 4328 414 4379 sub
430 4330 557 4394 pruelestu
569 4330 679 4380 ooooesst
695 4342 710 4379 u
728 4332 795 4381 llose
816 4330 893 4381 libelli
909 4328 1014 4394 repudii.
