2796 5064
328 386 397 436 tid?-
412 385 435 433 Ι.
452 384 491 433 ΒΕ
511 381 685 431 contutum
703 379 896 429 studuerint
914 379 983 427 tur.
1001 378 1047 427 111.
1193 354 1233 423 dd

138 501 327 586 obtinebat,
347 500 451 573 fuisse
477 509 621 571 secutos.
649 494 938 593 Deprehendimus
960 493 1052 565 iliam
1079 509 1192 591 postea
1217 521 1236 563 a

138 618 248 716 heyse
273 616 351 713 ipsc
375 613 480 687 fuisse
505 614 540 683 in
566 610 638 707 lege
662 613 835 692 concitum,
865 609 923 707 qui
950 608 1079 704 regulas
1112 608 1237 679 tantum

139 728 337 828 praescrihit
358 727 400 801 ad
426 728 499 800 eius
525 725 667 799 abusum
693 725 955 824 praecavendum
983 725 1094 818 (itt).
1114 722 1239 818 Depre

140 843 317 916 hendimus
343 857 455 940 patres
479 865 596 913 omnes
620 839 805 911 contrariae
822 838 1005 911 sentcntiae
1023 836 1236 919 adhaesisse,

140 957 227 1055 quod
254 981 319 1031 nec
342 956 527 1029 adversarii
551 953 768 1028 dissimulant
787 954 899 1047 (127).

206 1070 362 1144 Ceterum
388 1095 477 1169 quae
494 1094 554 1168 pro
573 1067 740 1141 contraria
758 1067 922 1139 sententia
939 1065 1107 1138 adducunt
1129 1082 1242 1137 aucto

141 1210 189 1258 res
212 1181 407 1282 dequibus
432 1182 563 1278 agimus
581 1208 620 1254 ex
646 1181 857 1253 Matthxlx.
872 1206 910 1252 ex
938 1180 1036 1253 trium
1055 1184 1137 1253 rom.
1160 1206 1242 1277 pon-

141 1297 265 1370 tificum
294 1294 536 1379 decretalibus,
571 1311 671 1393 atque
700 1321 740 1366 ex
769 1319 861 1366 conc.
891 1293 1069 1365 tridentino
1100 1293 1239 1391 optime,

142 1429 176 1485 ut
190 1411 360 1496 vidimus,
379 1410 534 1508 componi
554 1424 693 1507 possunt
710 1434 786 1481 oum
806 1422 936 1506 patrum
952 1407 1125 1494 doctrina,
1146 1408 1244 1478 dum·

143 1525 238 1597 modo
263 1550 345 1623 prae
369 1522 476 1597 oculis
502 1521 688 1595 habeantur
713 1539 779 1594 tres
805 1521 1125 1604 animadversiones,
1159 1547 1244 1618 quas

143 1638 216 1710 huic
243 1636 480 1736 disceptationi
507 1636 752 1735 praemisimus.
1124 1640 1127 1645 ’

212 1756 284 1828 lmo
310 1780 375 1825 non
403 1777 501 1849 aegre
527 1752 737 1850 componitur
754 1777 829 1825 cum
848 1752 1011 1824 sententia
1034 1751 1240 1835 Bellarmini,

145 1869 197 1968 qui
223 1893 301 1966 cap.
322 1867 379 1938 xi.
401 1865 570 1939 contendit
594 1882 721 1938 veteres
748 1865 954 1963 patriarchas
986 1864 1075 1937 licite
1109 1864 1247 1963 polyga-

148 1983 243 2056 miam
272 1982 503 2081 frequentasse
528 2004 567 2052 ex
593 1979 846 2078 dispensatione
862 2005 963 2078 quam
986 1978 1176 2052 hahuerunt
1191 2005 1248 2075 per·

212 2233 280 2295 (126)
295 2232 471 2294 Dixiudtcyse
489 2229 563 2282 tuisse
577 2231 740 2294 polygamium
763 2231 901 2294 probatam,
921 2231 951 2281 de
967 2246 1016 2294 quo
1033 2232 1127 2281 nulium
1145 2228 1248 2280 dubium

146 2325 191 2363 ute
211 2313 303 2376 potest.
322 2313 376 2362 Non
390 2310 480 2361 desunt
493 2313 587 2373 umen,
603 2311 646 2373 qni
660 2310 808 2361 contendant
825 2314 953 2374 postremis
974 2311 1083 2362 iudaicae
1104 2309 1251 2373 reipublicae

148 2391 295 2457 unpenhus
305 2392 382 2441 ettam
393 2390 458 2454 apud
474 2390 540 2441 hsnc
554 2391 672 2455 populum
688 2391 756 2441 ittam
769 2392 794 2441 tn
806 2390 989 2442 desuetudinem
1005 2391 1102 2442 abiisse.
1113 2389 1186 2448 Quod
1197 2390 1250 2452 qui·

147 2470 198 2522 mm
211 2471 299 2536 ιΙίιιιιο
314 2483 387 2522 sensu
403 2469 500 2521 admitti
510 2483 582 2535 possa
596 2470 705 2534 videtne
720 2484 777 2521 nam
788 2486 844 2522 cum
860 2472 953 2524 iudaeis
964 2471 1162 2533 dominarentur,
1173 2469 1251 2532 iisque

147 2550 256 2614 permixti
275 2551 355 2600 ment
371 2551 464 2599 mmani
487 2550 530 2612 qui
551 2551 731 2613 monogamiam
750 2551 964 2612 musectuhautur,
982 2552 1077 2601 nultum
1099 2550 1201 2600 dubium
1215 2551 1253 2598 eet

148 2630 202 2694 quin
218 2630 326 2682 mrum
342 2628 521 2680 muressivetn
531 2627 639 2692 honum,
656 2631 708 2680 sire
723 2629 747 2679 iu
765 2630 856 2681 maium
873 2631 923 2680 rim
939 2630 1071 2694 quamdam
1086 2628 1251 2689 exercuerint,

147 2709 254 2774 sdoeqee
262 2709 331 2760 ostie
339 2707 421 2759 miuus
429 2706 544 2772 hequem
555 2708 608 2759 erat
616 2721 691 2772 penes
702 2709 803 2759 iudaeos
812 2709 962 2773 polygamim
974 2712 1080 2760 athmon
1091 2722 1139 2759 nau
1153 2707 1253 2758 omnino

146 2786 362 2839 maritumam
371 2786 643 2852 losephusFisriusiih.
652 2789 890 2854 divitissimum.
900 2788 1167 2840 t.testaturadhuesua
1177 2789 1254 2836 aetate

147 2879 196 2916 earn
207 2864 320 2930 riguisse
334 2864 456 2917 scribens:
469 2867 549 2916 situm
559 2879 613 2916 mos
623 2864 694 2916 nohis
708 2868 744 2917 est
755 2866 848 2930 patrius
858 2866 944 2917 eodem
954 2869 1063 2931 tempore
1072 2866 1154 2931 plures
1165 2865 1255 2915 trahere

148 2959 250 2997 uxores»
257 2947 370 3018 Πάτρων
386 2947 439 3018 peip
457 2945 482 3000 ir
501 2946 588 3017 carissi
604 2947 724 3001 πλείοσιν
743 2947 806 3016 ἡμῖν
827 2948 961 3000 συνοικεῖν.
978 2949 1009 2995 nt
1021 2959 1078 2996 mox
1090 2942 1253 2995 Heroditms·

147 3025 185 3087 gui
203 3037 294 3076 ιιοιαιι
313 3024 429 3088 coniuges
444 3028 571 3077 memorat.
583 3028 661 3077 immo
676 3028 702 3076 et
718 3025 844 3087 aliquanto
856 3027 910 3089 post
926 3024 1063 3074 sissimus
1074 3022 1100 3073 iu
1110 3021 1180 3072 orat.
1194 3033 1255 3072 eum

149 3103 283 3168 wdone
294 3116 320 3153 n.
332 3107 384 3154 itt.
398 3103 479 3157 adhuc
495 3106 625 3170 exprobrat
642 3105 751 3168 iudaeis,
767 3104 833 3168 quod
848 3102 1004 3154 rabbinomm
1024 3117 1124 3153 suorum
1145 3101 1256 3152 doctrine

146 3182 239 3248 mii
256 3184 368 3247 qmtuor
384 3187 428 3234 snt
448 3186 558 3249 quinque
574 3198 662 3237 uxores
676 3185 806 3247 dilectoni,
818 3187 942 3248 inquiens:
960 3204 972 3228 ι
983 3184 1065 3235 setius
1080 3186 1117 3234 est
1133 3187 1161 3232 ut
1178 3186 1256 3233 Deum

146 3263 298 3327 sequamini,
306 3276 381 3328 quom
389 3264 554 3328 imprudentes
563 3267 588 3317 et
597 3279 681 3317 cuseos
692 3266 821 3329 magistros
831 3267 991 3329 vestros,qui
1000 3277 1058 3316 saue
1065 3263 1098 3314 sd
1107 3264 1170 3314 huuc
1181 3276 1258 3327 usque

148 3339 210 3391 dien
222 3343 249 3392 et
261 3342 381 3407 quatuor
389 3344 415 3392 ct
425 3345 543 3408 quinque
552 3357 640 3395 uxores
651 3343 739 3394 hahere
750 3344 883 3407 unicuique
895 3344 1067 3407 permittunt:
1079 3345 1104 3392 at
1116 3341 1204 3405 siquis
1217 3354 1256 3391 re·

147 3423 244 3471 mm
256 3420 390 3485 mittetis
399 3434 454 3473 erm
468 3422 649 3487 concupiverit,
663 3424 757 3485 iacobi,
768 3424 812 3488 qui
822 3424 896 3474 lsrael
906 3422 987 3474 dicius
997 3426 1047 3484 est,
1059 3426 1084 3473 et
1094 3423 1198 3473 aliorum
1215 3435 1256 3485 ps·

147 3501 313 3551 uhoeharum
324 3500 391 3569 iuste
402 3505 634 3564 commeruorantes,
652 3517 682 3554 ac
694 3505 809 3567 negantes
826 3517 927 3567 peccare
938 3503 961 3553 si
976 3503 1033 3566 quis
1053 3503 1144 3554 similia
1162 3502 1257 3554 itum»

146 3576 186 3628 cd.
197 3578 292 3630 Theod.
302 3581 361 3630 ouo
371 3583 443 3632 dense
458 3586 526 3633 istit.
535 3582 598 3632 tomi
609 3585 628 3632 1.
640 3586 702 3646 part.
716 3586 733 3632 Ι.
746 3596 801 3646 pag.
814 3587 858 3633 447
870 3596 937 3646 seqq.
949 3582 1071 3634 Chettaia
1086 3584 1156 3632 notas
1167 3582 1207 3632 iric
1218 3594 1259 3645 ap·

148 3660 242 3721 positu
251 3670 283 3709 ex
294 3656 398 3710 moeno
408 3660 434 3711 et
443 3660 599 3712 hisimonids.

220 3739 288 3802 (tii)
303 3740 369 3791 sune
382 3739 465 3791 (tollet
478 3753 533 3805 cap.
547 3744 577 3791 V.
592 3745 629 3792 De
646 3745 750 3794 unitate
766 3746 846 3793 matr.
864 3746 924 3795 sect.
938 3745 958 3794 1.
971 3742 994 3807 §.
1006 3745 1052 3795 uit.
1064 3757 1089 3793 n.
1104 3748 1143 3794 71.
1158 3741 1257 3793 scribit:

148 3815 280 3867 «Dubitari
293 3818 376 3868 umen
390 3818 468 3881 possit
480 3831 512 3869 un
525 3822 606 3883 patres
618 3833 716 3883 ornnes,
727 3821 877 3884 Augustinus
889 3822 1043 3884 praesertim,
1056 3823 1081 3872 et
1094 3819 1261 3871 Theodoretus

144 3900 196 3947 ianr
211 3895 274 3947 dure
291 3896 322 3947 de
338 3897 476 3962 polygamis
488 3899 528 3949 ret
544 3900 623 3963 ipsius
638 3900 742 3950 Lamech
759 3901 902 3961 sensissent,
914 3915 970 3950 cum
982 3902 1113 3965 generatim
1125 3914 1178 3951 earn
1192 3899 1260 3948 uuila

145 3978 198 4040 tege
207 3975 358 4040 prohibitam
368 3989 422 4028 esse
430 3976 523 4029 dicant.
531 3981 562 4030 at
570 3980 629 4030 hoec
638 3993 723 4029 eorum
733 3980 808 4030 rerba
815 3980 847 4030 ad
856 3983 953 4045 tempus
967 3981 1161 4045 patriarcharum
1177 3976 1259 4028 reterri

151 4059 263 4119 parsum.
279 4055 345 4106 Fieri
361 4057 456 4120 potest,
469 4058 498 4108 nt
508 4057 534 4109 in
545 4058 617 4111 rebus
627 4071 678 4109 non
689 4058 799 4110 absolute
812 4059 883 4111 malis
896 4059 961 4111 idem
973 4059 1121 4124 quandoque
1136 4056 1260 4122 prohibes·

148 4139 203 4198 tur,
225 4134 375 4200 quandoque
390 4135 533 4187 toleretur.»
541 4138 588 4189 sed
605 4139 704 4202 quaudo
722 4139 843 4202 prohibita
863 4140 950 4201 inerit,
965 4154 1015 4190 non
1028 4138 1142 4190 ostendit.
1158 4139 1189 4186 D.
1203 4148 1261 4185 vero

147 4214 261 4266 carrieoe
271 4228 298 4264 n.
309 4215 473 4278 tiemonem
484 4216 516 4269 de
526 4231 552 4282 p.
560 4218 648 4269 Martia
657 4217 753 4269 subdit:
763 4219 821 4269 adit
830 4220 893 4269 hanc
902 4232 954 4271 esse
964 4221 1100 4285 sopatrum
1109 4215 1260 4275 eneruem,

145 4297 174 4345 et
183 4294 303 4359 cumdum
317 4296 400 4347 textus
414 4295 486 4360 citet,
503 4301 550 4361 qui
565 4296 627 4350 duic
645 4310 737 4349 revera
752 4302 897 4351 mntentiae
908 4297 1005 4360 sunm
1020 4297 1168 4349 videntum

214 4403 253 4457 ΙΙΙ
1183 4408 1198 4453 t
