2796 5064
142 370 213 445 itt
286 395 347 445 rm.
362 393 410 444 ιιι.
427 392 513 444 sacr.
531 391 661 443 ιιιιιι.
678 392 718 443 ιι
735 391 849 443 rueres.
865 391 961 443 ιιιιιι.
978 390 1102 444 eumer.

142 509 316 585 mulierem
340 509 440 610 quasi
466 507 606 582 alterum
632 509 801 608 seipsum3
823 508 976 607 adeoque
1000 507 1143 582 adiecit:
1163 534 1253 585 eom·

143 627 232 700 bitur
253 627 369 723 eircpo
397 625 487 721 (itt).
523 624 634 721 Pergit
664 623 787 697 deinde
817 625 950 698 dicens:
984 624 1253 722 quomobrem...

141 740 329 814 adhaerebit
352 741 453 812 acori
475 765 571 823 succ,
593 766 653 813 scu
676 754 775 838 prout
799 739 834 811 in
860 733 1014 814 versione
1030 738 1253 813 Alexandrina

140 857 299 930 vertitur:
321 854 598 951 conplntinobr’tnr
621 857 711 949 (itt).
731 855 873 927 Demum
900 854 1086 928 concludit:
1108 869 1141 928 ct
1165 871 1253 929 erent

140 972 204 1045 duo
233 974 270 1045 r'rr
299 996 395 1043 cerne
424 995 492 1042 unc
520 970 563 1042 ad
590 970 698 1066 magis
724 969 963 1043 declarandum
986 969 1253 1046 indissolubilem

141 1113 264 1161 nerum
291 1085 383 1158 illius
409 1085 675 1173 coniunctionis,
696 1085 754 1184 qui
773 1112 813 1158 ex
831 1085 978 1159 maritali
997 1087 1168 1161 consortio
1185 1086 1253 1161 elli·

140 1204 241 1289 citur,
271 1218 373 1302 atque
403 1201 450 1275 ita
477 1201 728 1301 perstringitur,
757 1217 795 1274 ut
820 1200 904 1275 alter
928 1202 1052 1277 coniux
1080 1202 1126 1275 ab
1155 1202 1253 1280 altero

140 1318 318 1394 dissociari
344 1334 502 1419 nequeat.

204 1436 243 1506 ln
259 1435 335 1534 ipso
349 1449 619 1533 protoparentum
632 1432 791 1527 coniugio
804 1432 1049 1535 praesignatam
1059 1432 1170 1507 luisse
1181 1458 1253 1509 con·

140 1549 263 1648 iugalis
288 1548 415 1623 vinculi
441 1546 772 1622 indissolubilitatem
791 1548 1007 1622 confirmatur
1023 1573 1063 1621 er
1080 1574 1139 1635 eo,
1165 1547 1253 1648 quod

140 1664 332 1766 symbolum
349 1678 441 1737 esset
454 1688 492 1736 ae
506 1663 642 1759 signum
662 1662 794 1734 futurae
806 1660 1051 1736 coniunctionis
1064 1663 1165 1736 Verbi
1181 1689 1253 1739 cum

140 1780 371 1865 humanitate,
400 1792 433 1851 et
457 1776 581 1849 Christi
610 1805 670 1851 seu
696 1777 793 1851 Verbi
820 1777 984 1852 incarnati
1010 1804 1087 1852 eum
1113 1777 1253 1855 ecelesia

141 1921 203 1970 sua
228 1921 270 1969 ex
294 1893 567 1992 interpretatione
593 1891 745 1992 Apostoli
767 1893 910 1967 dicentis
929 1893 1103 1994 potissime
1120 1894 1165 1969 de
1182 1920 1253 1995 pro·

140 2027 351 2109 toparantum
365 2009 541 2105 coniugio:
557 2010 838 2081 «Sacramentum
853 2009 918 2083 hoc
934 2036 1095 2107 magnum
1108 2026 1182 2098 est;
1196 2036 1253 2109 ego

140 2142 251 2201 autem
277 2125 353 2198 dico
383 2125 418 2196 in
449 2124 581 2198 Christo
606 2141 640 2197 et
672 2125 706 2195 in
738 2124 1128 2223 ecclesialii'i).nl'orro
1160 2152 1253 2201 neme

127 2241 312 2338 ‘negaverit
338 2238 607 2313 indissolubilem
625 2239 732 2313 fuisse
749 2255 782 2313 et
798 2267 874 2314 esse
892 2257 961 2313 tum
986 2241 1253 2316 coniunctionem

141 2355 240 2429 Verbi
258 2354 365 2429 divini
382 2381 458 2428 cum
477 2354 683 2428 humanitate
700 2370 875 2454 assumpta
893 2381 952 2453 per
970 2355 1131 2429 unionem
1156 2357 1253 2459 hypo

141 2471 314 2557 staticam,
335 2496 397 2543 seu
413 2469 682 2543 coniunctionem
695 2471 880 2570 physicam,
898 2487 968 2543 tum
986 2473 1253 2547 coniunctionem

139 2586 237 2660 Verbi
257 2612 334 2659 caro
351 2585 430 2658 lacti
448 2611 524 2659 cum
542 2584 703 2671 ecclesia,
725 2612 786 2659 seu
810 2587 1079 2661 coniunctionem
1102 2590 1253 2663 moralem

139 2730 200 2803 per
224 2702 378 2800 gratiam.

212 2818 351 2893 Accedit
375 2817 465 2917 quod
493 2817 606 2890 Patres
631 2843 749 2891 omnes
774 2833 806 2890 et
824 2818 981 2892 catholici
1000 2820 1200 2920 interpretes
1221 2822 1252 2893 in

139 2936 227 3010 hanc
250 2935 450 3008 sententiam
474 2935 691 3022 conveniant,
720 2934 957 3009 indissolubile
978 2936 1153 3010 vinculum
1179 2964 1253 3012 eon·

211 3173 262 3235 (ῡό)
274 3172 393 3223 Hebraico
422 3158 542 3256 Πὶῥᾷ,
578 3186 643 3236 qnae
659 3185 706 3222 vox
724 3186 782 3237 prae
798 3173 885 3224 ceteris
904 3174 1020 3237 exprimit
1040 3175 1170 3239 aptissime
1191 3174 1253 3241 qum

141 3269 246 3320 intendit
263 3269 341 3319 Adam
360 3269 391 3319 ad
408 3267 593 3332 significandam
616 3271 747 3334 quamdam
770 3273 845 3322 velini
867 3272 951 3322 uxoris
973 3285 1031 3323 suae
1049 3286 1107 3323 cum
1127 3275 1253 3339 semetipso

138 3349 299 3398 identitatem.
315 3349 354 3399 ci.
366 3350 401 3397 La
414 3352 500 3398 sainte
509 3347 585 3399 Bible
594 3363 657 3400 arree
670 3364 706 3400 un
717 3353 901 3401 coniurentaire
915 3352 1025 3402 litteral.
1037 3357 1055 3402 Α
1069 3352 1095 3403 la
1105 3356 1177 3419 iiaye
1190 3358 1251 3408 rrtt.

138 3432 199 3478 tom.
214 3431 232 3478 Ι.
244 3428 276 3478 ad
294 3429 358 3478 hunc
372 3429 420 3477 loc.

211 3512 260 3573 (58)
277 3514 304 3562 lu
316 3513 427 3561 versione
438 3512 479 3561 cit.
494 3513 532 3561 cst
546 3503 813 3576 προσκολληθήσεται

211 3604 261 3665 (57)
278 3606 324 3652 Seu
343 3605 416 3666 prout
432 3602 522 3652 elarius
538 3602 629 3652 dieitur
644 3601 667 3649 iu
685 3615 771 3664 graeco
783 3605 865 3652 textu:
887 3599 916 3648 το·
928 3595 1072 3668 μυστήριον
1092 3600 1173 3653 τοῦτο
1186 3598 1253 3672 pipo

139 3784 255 3833 magnum
274 3775 326 3834 θεὶς
345 3785 390 3834 ego
412 3775 493 3822 arrtem
516 3772 573 3823 dico
593 3773 617 3820 in
635 3772 760 3821 christum
774 3773 800 3820 et
815 3771 840 3819 in
854 3770 1006 3821 ecclesiam.»
1018 3773 1092 3830 Quod
1103 3779 1189 3826 autem
1200 3782 1253 3840 Apo

137 3852 214 3902 stolus
225 3853 255 3902 ad
269 3853 315 3902 hoc
326 3851 433 3916 primum
448 3852 587 3915 coniugium
600 3852 743 3914 mysterium
756 3851 804 3900 hoc
817 3851 919 3913 referat,
936 3865 984 3901 non
1000 3853 1102 3914 quidem
1117 3856 1252 3917 exclusive,

138 3932 181 3981 sed
196 3935 225 3983 ut
235 3933 360 3994 diximus,
374 3936 529 3996 praecipue,
547 3946 576 3980 ex
593 3933 654 3981 serie
672 3932 790 3981 orationis
808 3934 881 3995 patet.
895 3933 958 3981 Hinc
970 3933 1052 3983 Estins
1063 3936 1100 3983 sie
1113 3935 1182 3988 hunc
1194 3944 1250 4002 Apo·

139 4012 195 4063 stoli
211 4013 292 4062 locum
304 4015 401 4062 enarrat
413 4032 418 4060 :
433 4032 445 4055 «ι
457 4014 640 4062 Sacramentum
652 4024 694 4060 seu
707 4012 848 4074 mysterium
861 4012 1061 4074 praecedentibus
1072 4014 1156 4066 verbis
1166 4016 1251 4081 siguli·

138 4095 221 4143 catum
238 4106 353 4156 magnum
367 4094 412 4141 est.
423 4092 564 4142 arctissima
577 4092 620 4141 illa
633 4092 771 4142 coniunctio
782 4092 829 4142 riri
839 4096 863 4142 et
874 4093 983 4142 mulieris
993 4093 1025 4143 de
1036 4107 1087 4157 qua
1097 4095 1193 4147 dictum
1203 4097 1248 4155 att.

138 4172 270 4238 relinquet
286 4173 362 4223 bomo
374 4175 481 4236 patrem
496 4175 522 4222 et
538 4174 651 4222 matrem
666 4175 714 4222 etc.
728 4185 829 4233 magnae
845 4173 950 4223 alicuius
964 4186 1048 4224 sacrae
1063 4176 1090 4225 et
1101 4188 1206 4228 arcuum
1218 4175 1248 4227 rel

137 4253 232 4315 rignum
243 4255 288 4303 est.
298 4254 449 4316 Errantem
459 4251 531 4313 dioc,
543 4252 568 4302 id
577 4250 615 4302 eet
625 4252 766 4313 mysterium
774 4252 935 4315 hoemplico,
945 4256 970 4304 et
981 4254 1168 4318 intelligendum
1180 4257 1248 4308 docto

137 4332 168 4380 dc
178 4331 277 4381 chrisio
286 4336 310 4382 et
320 4332 446 4383 metretas
