2796 5064
246 396 318 448 cat.
334 393 382 447 lli.
397 395 545 447 ostensu
560 394 747 445 tenuclae.
766 394 878 445 iltutus.
896 395 992 447 fflli.
1009 396 1080 444 ant.
1094 396 1129 444 ll·
1185 373 1254 444 385

136 513 232 589 nulla
256 538 397 615 prorsus
414 512 610 586 auctoritate
627 512 769 600 lruitur;
790 511 870 585 item
887 512 1058 585 decretum
1076 510 1256 587 Zachariae

136 655 220 703 rom.
242 627 395 730 pontifici
419 626 647 727 adscriptum,
675 627 772 700 cuius
794 641 966 727 praeterea
987 652 1110 700 sensus
1131 653 1256 728 anceps

135 758 204 830 est;
223 770 287 817 nec
305 768 372 817 non
390 741 560 816 decretum
573 741 796 827 laudabilem,
815 742 907 842 quod
919 742 1021 841 vulgo
1038 741 1103 816 sub
1121 743 1257 825 nominc

136 859 320 934 Clementis
345 857 406 930 111.
427 857 566 955 allegari
595 856 788 944 consuevit;
810 857 900 929 idem
929 856 984 931 dic
1013 858 1055 931 de
1085 857 1258 932 Poeniten·

136 974 205 1048 tiali
225 972 393 1048 Theodori
411 972 656 1073 archiepiscopi
679 972 941 1059 cantuariensis,
961 987 1077 1074 utpote
1095 973 1258 1047 referente

136 1087 324 1164 doctrinam
349 1114 369 1162 e
393 1087 555 1162 diametro
580 1086 767 1189 oppositam
793 1087 981 1175 doctrinae,
1011 1113 1113 1188 quam
1138 1086 1257 1162 doctus

136 1203 188 1279 hio
213 1200 450 1305 archipraesul
474 1201 647 1302 professus
665 1216 716 1276 est
733 1216 766 1275 et
788 1200 1011 1301 promulgavit
1027 1198 1071 1276 ad
1089 1202 1256 1276 tramitem

135 1319 353 1420 antiquorum
367 1332 500 1418 patrum
513 1316 548 1391 iu
562 1316 758 1418 provinciali
777 1316 939 1404 concilio,
959 1316 1117 1391 omnibus
1139 1341 1256 1390 assen-

137 1435 301 1509 tientibus
318 1432 506 1535 episcopis,
523 1433 582 1533 qui
601 1431 742 1507 concilio
760 1431 809 1503 illi
828 1432 1059 1506 interfuerant.
1081 1432 1149 1504 Nec
1161 1430 1256 1505 aliud

137 1546 313 1623 iurandum
326 1546 489 1620 iudicium
507 1546 549 1619 de
565 1544 722 1619 omnibus
741 1544 809 1620 illis
827 1546 968 1647 privatis
985 1542 1253 1632 collectionibus,

136 1689 224 1764 qnae
240 1659 564 1737 circumferebantur
580 1658 646 1733 sub
663 1659 817 1734 eiusdem
835 1659 1000 1735 Theodori
1019 1660 1172 1747 nomine,
1194 1684 1257 1732 nec

136 1791 248 1852 aman
273 1777 449 1877 quidpiam
467 1800 644 1849 commune
661 1774 831 1850 habebant
848 1803 925 1850 cum
943 1774 1135 1862 Theodoro,
1156 1800 1258 1876 quae·

128 1914 200 1994 'que
225 1890 330 1965 etiam
356 1916 472 1964 secum
497 1890 582 1991 ipsis
600 1891 795 1990 pugnabant
816 1894 928 1986 (283).
950 1890 1000 1964 Ex
1017 1890 1143 1993 quibus
1158 1889 1257 1964 lucu-

135 2003 260 2080 lentius
286 2002 550 2105 deprehenditur
574 2002 659 2078 lalso
684 2030 830 2080 canones
856 2005 931 2079 illos
957 2005 1064 2080 luisse
1080 2004 1255 2079 Theodoro

135 2119 344 2221 adscriptos,
373 2115 435 2191 sed
459 2143 480 2191 a
504 2117 681 2219 posteriori
706 2145 810 2192 manu
832 2119 935 2192 reteri
954 2119 1055 2192 etiem
1078 2118 1256 2193 Paeniten-

136 2233 206 2308 tiali
225 2234 377 2308 adiectos
393 2234 507 2328 (284).
521 2232 620 2318 Quod
637 2233 763 2306 dictum
781 2248 833 2307 ast
851 2233 893 2308 de
906 2234 1138 2307 Paenitentiali
1152 2233 1256 2308 Theo

134 2346 206 2424 dori
239 2348 358 2423 eadem
387 2347 490 2448 plane
519 2348 648 2422 ratione
679 2351 836 2423 convenit
866 2349 962 2423 alteri
996 2349 1252 2436 Paenitentiali,

135 2473 296 2547 nimirum
316 2497 453 2546 romano
471 2472 514 2545 ab
531 2471 608 2546 Ant.
626 2471 813 2569 Augustino
828 2474 972 2572 primum
986 2473 1140 2572 vulgato,
1157 2473 1254 2547 cuius

133 2606 371 2690 praeterquam
389 2585 481 2688 quod
498 2587 703 2689 aequivocus
717 2603 769 2662 est
782 2616 924 2677 sensus,
940 2604 1067 2662 certum
1082 2605 1135 2661 est
1148 2589 1256 2662 luisse

134 2702 374 2804 interpolatum
400 2718 515 2804 utpote
538 2704 677 2778 omnino
693 2704 878 2778 adversans
896 2705 1044 2802 genuino
1061 2719 1094 2777 et
1114 2704 1256 2802 antiquo

134 2819 382 2906 poenitentiali,
403 2820 494 2919 quod
508 2819 542 2891 in
557 2819 699 2895 ecclesia
717 2847 854 2894 romana
872 2819 1061 2907 obtinebat;
1078 2819 1171 2920 quod
1183 2845 1256 2918 pro

134 2935 286 3010 indeed
313 2934 522 3034 probandum
549 2949 601 3008 est
627 2936 764 3010 omnino
791 2935 958 3008 inefficax.

124 3078 127 3082 ·
208 3050 272 3124 llis
291 3050 392 3148 igitur·
409 3049 581 3148 sepositis,
604 3065 777 3123 remanant
794 3049 876 3136 alia,
898 3074 986 3149 quae
1002 3074 1080 3122 vere
1098 3047 1204 3121 dubia
1221 3049 1255 3119 in

133 3193 172 3241 ne
196 3165 371 3241 vocaveris
395 3191 436 3238 eo
454 3165 544 3266 quod
563 3165 605 3237 de
624 3165 770 3265 ipsorum
792 3191 895 3237 sensu
913 3162 998 3237 eatis
1015 3161 1146 3262 liquide
1164 3162 1257 3237 haud

133 3297 280 3357 constet.
307 3281 393 3353 Sunt
417 3297 529 3354 autem
556 3306 631 3355 can.
655 3278 840 3351 lxxxvtl..
862 3277 997 3352 concilii
1024 3277 1159 3352 trullani
1189 3304 1257 3378 quo

206 3547 274 3610 (28³)
290 3547 331 3597 Sic
345 3561 383 3598 ex.
399 3561 436 3610 gr.
443 3549 468 3597 in
481 3560 535 3597 can.
549 3549 705 3610 xtVeperta
721 3546 925 3597 indissolubilius
940 3547 1090 3596 matrimonii
1106 3546 1187 3610 quoad
1205 3547 1259 3596 via·

130 3629 217 3678 cutum
236 3628 352 3677 asseritur
368 3627 406 3677 tris
422 3627 518 3676 verbis:
534 3627 595 3685 “Qui
616 3627 737 3675 diruiserit
752 3641 852 3676 risorem
868 3641 939 3676 stram
956 3626 1027 3677 elteri
1046 3641 1072 3676 ec
1091 3625 1255 3687 coniungens,

131 3709 229 3771 septam
248 3707 319 3756 annis
338 3709 461 3770 poeniteat
474 3728 484 3748 υ
502 3711 528 3756 ct
538 3721 592 3755 can.
604 3709 709 3756 CthV.
725 3727 737 3749 e
749 3709 785 3756 De
796 3706 922 3756 meretrice
938 3706 1041 3768 coniuge
1050 3706 1086 3754 sic
1100 3704 1165 3755 idem
1183 3704 1256 3752 inter·
1353 3761 1358 3770 .

131 3791 234 3851 rogetus
249 3788 299 3837 ent:
321 3787 380 3850 quia
400 3788 513 3837 meretrix
531 3787 577 3836 erit
593 3786 696 3836 dmumo
713 3787 804 3849 proprii
826 3787 908 3836 mariti
926 3787 1000 3849 iugo,
1018 3787 1043 3836 et
1055 3785 1157 3835 secundi
1175 3783 1256 3834 mariti

132 3869 220 3919 uncta
236 3869 275 3918 rel
292 3869 356 3918 tertii
370 3870 438 3929 (sic).
453 3868 531 3917 cuins
546 3867 649 3917 uraritue
666 3867 717 3916 illc
734 3869 838 3916 atcania
853 3867 969 3917 alterum
985 3879 1036 3916 non
1052 3867 1200 3928 arescimus

209 3948 276 4010 (itt)
291 3949 386 3997 Etenim
402 3948 442 3997 hic
454 3948 575 4011 posterior
586 3960 666 3996 canon
681 3946 705 3995 in
719 3947 830 4009 praeced.
841 3951 898 3997 nota
912 3947 1002 3996 illatus
1011 3959 1053 3996 eeu
1065 3948 1171 3994 ccxlv.
1184 3958 1198 3994 a
1210 3947 1257 3994 Da·

131 4026 297 4079 mederetur
310 4025 384 4090 capit.
397 4025 520 4076 Theodori
539 4025 619 4076 coitus
635 4028 688 4087 est,
708 4025 811 4075 habetur
827 4039 914 4089 nempe
928 4026 954 4074 in
970 4024 1026 4074 ced.
1039 4024 1166 4088 parisiensi
1187 4031 1256 4073 etot.

131 4112 157 4159 at
166 4106 369 4170 uugermaneoai
384 4111 437 4157 tut.
452 4106 593 4156 immediate
605 4108 660 4168 post
673 4105 781 4166 capitula
791 4105 912 4156 Theodori
924 4118 981 4156 curn
992 4104 1047 4154 otiis
1058 4116 1122 4167 quae
1133 4104 1161 4153 in
1172 4103 1258 4153 codice

130 4199 256 4251 ungam.
270 4199 383 4251 expresse
395 4200 500 4236 maanes
512 4185 657 4236 Adommani
672 4185 855 4247 inscribuntur;
869 4186 979 4249 adeoque
994 4186 1056 4236 laiac
1071 4182 1201 4235 Theodoro
1214 4184 1256 4235 tri·

131 4268 229 4319 buitur.
244 4268 283 4317 ct.
292 4267 366 4318 etiarn
377 4267 424 4315 bac
434 4265 465 4316 de
476 4280 501 4316 ra
514 4265 624 4315 Builanrl.
636 4266 661 4315 iu
678 4265 729 4314 vita
745 4278 765 4314 s.
776 4265 898 4315 Theodori
914 4268 1024 4316 cantuar.
1040 4265 1064 4313 in
1077 4264 1178 4316 niman.
1187 4276 1255 4328 praa·

130 4347 214 4400 limin.

216 4427 258 4482 lll
1141 4429 1176 4482 ²5
