2796 5064
140 348 209 421 dol
283 368 345 421 nn.
358 368 408 420 ru.
424 366 511 420 secr.
528 367 659 420 sarem.
675 368 715 420 ns
734 367 847 421 rrnrss.
865 369 962 422 uara.
979 366 1107 422 osmer.

136 487 268 563 vivente
296 487 374 576 illa,
408 485 661 587 accipiendam,
690 489 789 587 quasi
821 486 969 562 dixerit:
999 488 1067 576 oui
1092 487 1257 564 dimiserit

138 628 274 678 uxorem
292 628 389 677 suam
406 660 415 692 ,
434 618 468 677 et
493 602 615 691 aliam,
644 603 711 677 nisi
732 602 777 678 ob
798 603 1076 692 fornicationem,
1104 604 1257 692 duxerit,

138 718 344 793 moechatur.
372 717 415 791 Et
439 717 565 791 idcirco
590 717 788 818 peritissimi
814 718 876 791 viri
895 717 984 792 beati
1003 717 1208 819 Hieronymi
1225 718 1262 791 li·

138 833 264 908 bellum
290 834 602 909 commentariorum
629 835 795 909 recenseri
819 834 920 908 nobis
944 834 1101 909 studiose
1124 835 1264 909 manda·

138 950 268 1037 vimus,
296 939 529 1048 anxie'utique
546 973 748 1045 cognoscere
766 950 988 1037 festinantes,
1009 940 1163 1050 qualiter
1178 950 1262 1024 idem

140 1062 377 1137 sanctissimus
403 1063 519 1138 doctor
547 1063 633 1137 haec
657 1078 789 1136 sacrata
817 1062 988 1136 dominica
1012 1061 1147 1152 rerba,
1177 1064 1261 1137 iuxta

139 1178 329 1276 capacioris
356 1178 483 1276 ingenii
502 1178 554 1252 sui
577 1177 816 1265 subtilitatem,
837 1179 988 1253 sensisse
1004 1195 1259 1253 monstraretur.

140 1292 246 1366 (iuius
271 1294 429 1366 nimirum
455 1319 594 1367 sensum
616 1295 781 1390 sagaciter
797 1294 1028 1392 explorantes,
1050 1295 1088 1366 in
1108 1309 1260 1394 promptu

139 1407 361 1482 nihilominus
380 1408 507 1508 patuit,
529 1407 572 1480 ad
590 1408 698 1484 solam
715 1408 905 1482 dimittendi
931 1434 1071 1483 uxorem
1096 1408 1260 1483 licentiam

141 1524 319 1623 pertinere.
349 1526 431 1596 Nam
458 1549 533 1597 cum
557 1547 651 1598 more
675 1550 738 1597 suo
763 1523 815 1596 vir
839 1539 979 1598 sanctus
1001 1523 1110 1599 huius
1129 1523 1260 1626 capituli

143 1637 337 1712 summatim
364 1638 484 1712 seriem
510 1636 741 1736 exponendam
768 1652 1029 1726 transcurreret,
1052 1637 1147 1712 inter
1161 1654 1261 1714 celera

141 1768 175 1826 st
199 1768 276 1853 post
298 1777 406 1852 pauca
427 1753 477 1825 sic
503 1752 570 1825 ait:
596 1753 638 1825 llt
655 1753 737 1852 qnia
759 1765 906 1853 poterat,
933 1752 1066 1853 inquit,
1095 1753 1258 1840 accidere,

141 1883 179 1940 ut
202 1866 328 1966 aliquis
354 1866 557 1941 calumniam
583 1866 706 1939 laceret
730 1865 921 1954 innocenti,
948 1882 982 1940 et
1008 1867 1054 1941 ob
1082 1867 1260 1943 secundam

143 1982 300 2081 copulam
326 1982 521 2080 nuptiarum
538 1981 639 2055 ueteri
658 1981 784 2054 crimen
808 1981 1028 2080 impingeret,
1053 1983 1109 2056 sic
1124 1983 1260 2084 priorem

143 2096 311 2170 dimittere
335 2096 470 2169 iubetur
493 2122 651 2183 uxorem,
684 2112 722 2169 ut
750 2096 955 2183 secundam,
981 2097 1097 2196 prima
1118 2098 1259 2184 vivona,

145 2236 211 2285 non
231 2210 366 2284 habeat.
388 2214 461 2284 Non
479 2212 568 2284 enim
586 2210 687 2285 debet
704 2212 827 2285 imitari
847 2210 973 2285 malum
990 2212 1172 2288 adulterae
1188 2238 1262 2287 uxo-

146 2326 194 2399 ris
211 2384 219 2415 ,
241 2344 274 2399 et
292 2327 321 2398 si
344 2326 404 2399 illa
420 2327 507 2412 duo,
528 2327 631 2401 immo
648 2354 750 2400 unam
763 2354 916 2417 carnem,
937 2318 999 2427 per
1014 2327 1191 2404 scissuras
1207 2329 1262 2402 lor·

144 2442 348 2515 tricationum
362 2441 524 2515 divisitin
538 2457 621 2529 tras,
639 2441 767 2516 dividat
788 2443 822 2515 in
847 2460 1003 2543 quatuor.
1025 2445 1127 2519 Unde
1153 2461 1260 2546 pateo·

101 2607 108 2620 ·
146 2572 196 2630 tar
220 2557 320 2630 datur
336 2558 476 2655 intelligi
495 2587 502 2629 :
520 2557 683 2656 quamdiu
699 2558 783 2631 uiuit
800 2558 968 2646 adultera,
990 2585 1059 2632 non
1079 2559 1161 2634 licet
1182 2562 1257 2643 viro,

146 2699 207 2747 nec
222 2689 330 2772 potest
343 2674 480 2772 impune
494 2674 660 2747 secundas
675 2674 871 2747 contrahere
886 2675 1021 2775 nuptias
1034 2677 1180 2772 (216).»
1201 2676 1261 2749 Ηοο

145 2813 225 2862 vero
249 2787 432 2887 capitulum
450 2787 621 2861 nonnullis
648 2788 835 2862 canonibus
860 2788 1070 2888 exponendis
1094 2790 1256 2864 inserviet

221 2903 313 2975 lnter
332 2902 480 3000 capitula
495 2902 617 2975 selecta
631 2928 796 2976 canonum
815 2901 1070 2976 hibernensium
1088 2904 1150 2978 lib.
1163 2904 1256 2976 Xlll.

149 3015 272 3114 legitur
296 3042 403 3090 canon
430 3045 461 3090 s.
482 3017 624 3090 Patricio
652 3017 843 3117 adscriptus
862 3018 917 3091 his
938 3018 1051 3093 uerbis
1068 3045 1256 3120 expressus:

152 3132 222 3202 «Si
241 3131 385 3204 alicuius
411 3159 495 3205 uxor
522 3133 683 3205 lornicata
708 3132 808 3206 luerit
828 3160 904 3207 cum
923 3133 990 3207 alio
1006 3135 1104 3222 viro,
1125 3162 1192 3210 non
1210 3134 1257 3205 du·

150 3261 204 3319 cat
221 3245 323 3319 aliam
341 3273 477 3320 uxorem
496 3248 657 3346 quamdiu
676 3249 753 3320 uiua
778 3249 879 3322 luerit
896 3276 980 3323 uxor
995 3251 1120 3351 prima.
1142 3253 1177 3322 Si
1191 3251 1256 3324 lcrle

151 3384 314 3433 conversa
339 3360 456 3448 luerit,
485 3378 519 3435 et
543 3378 619 3459 agat
644 3364 903 3463 poenitentiam
928 3382 962 3438 et
986 3367 1155 3466 suscipiet
1177 3391 1252 3446 ean,

151 3492 185 3549 et
209 3475 332 3548 seruiet
353 3477 383 3550 ei
407 3479 567 3576 quamdiu
586 3480 662 3552 viva
680 3481 778 3553 luerit
799 3481 833 3552 in
851 3482 958 3553 uicem
980 3482 1143 3570 ancillae,
1164 3499 1196 3556 et
1210 3507 1255 3554 an·

152 3617 234 3663 num
256 3591 420 3688 integrum
446 3592 480 3663 in
508 3619 594 3692 pane
614 3611 646 3666 et
663 3620 751 3694 aqua
777 3620 837 3694 per
858 3622 1051 3669 mensuram
1081 3598 1251 3697 poeniteat»

154 3731 216 3781 nco
241 3706 276 3778 in
297 3733 365 3780 uno
385 3706 470 3782 lecto
496 3729 712 3807 permaneant
732 3713 883 3807 (211).»

232 3921 298 3985 (nto)
316 3922 386 3986 Apud
403 3922 523 3973 Hardnin.
540 3927 606 3974 Acta
620 3924 713 3975 conrad.
728 3928 800 3976 Tem.
815 3928 856 3976 lv.
871 3927 918 3976 col.
932 3934 977 3978 666
990 3941 1041 3992 seq.

232 4001 385 4069 (mltpud
407 4006 467 4054 Luc.
489 4004 670 4056 D'Aclrerium:
688 4009 807 4057 Veterum
821 4006 925 4072 aliquot
937 4011 1099 4071 scriptorum
1109 4008 1254 4074 tptctlcqlttt

157 4084 235 4133 Paris.
254 4090 321 4134 1669.
336 4087 396 4134 tom.
410 4087 450 4134 lx.
473 4098 527 4149 cap.
541 4088 652 4136 xxxlll.
672 4100 726 4150 pag.
742 4092 781 4138 ts.
810 4101 854 4139 noc
875 4100 923 4139 non
945 4087 1010 4153 apud
1031 4090 1142 4141 Willlas
1156 4086 1255 4141 condit

157 4175 269 4227 annonae
278 4166 448 4215 Brtttunntcc
458 4166 484 4215 et
497 4164 647 4217 litteratae.
661 4166 766 4216 lxondinl
785 4171 852 4218 17s7.
865 4180 922 4232 pag.
934 4174 958 4218 6.
970 4167 1017 4218 sub
1027 4168 1076 4220 hoc
1085 4169 1173 4220 titulo:
1189 4170 1254 4220 cett

108 4308 110 4313 ι
155 4254 201 4294 ttcs
213 4257 235 4294 e.
258 4246 375 4296 Potrtcto
393 4243 520 4309 adscnpa
541 4245 727 4309 conpetentis
746 4260 768 4296 s.
782 4249 895 4299 Potrtctt
910 4260 961 4313 per
981 4249 1111 4301 Incolunt
1135 4252 1253 4301 weroett

152 4334 216 4387 m.
231 4329 268 4373 ss.
