2796 5064
349 419 694 470 ctv.t.1ttttol.tflttt1n
720 419 926 468 SlllUL'l'lelA.
945 418 1015 466 ΛΒΤ.
1029 419 1050 465 l.
1220 397 1263 464 23

169 565 230 611 vcro
243 540 352 636 magis
369 539 636 612 communionem
655 537 875 610 foeminarum
895 563 936 607 ne
953 536 1033 607 dum
1052 537 1116 607 iuri
1135 536 1261 619 divino,

167 682 263 727 verum
292 656 392 726 etiam
419 655 481 727 iuri
509 653 650 726 naturali
676 653 809 751 penitus
830 652 1018 724 adversari.

578 918 784 974 ARTlCULUS
811 918 845 970 ll.

163 1129 331 1205 Polygamla
354 1127 526 1186 simultauea
549 1127 606 1185 luri
627 1132 747 1184 naturae
769 1124 898 1183 absolute
917 1142 974 1183 non
995 1133 1147 1201 repugnat,
1168 1127 1257 1185 eidem

209 1234 308 1285 tamen
324 1227 419 1284 minus
430 1223 587 1283 conformis
600 1229 643 1282 est
658 1228 688 1281 et
701 1221 902 1297 quadantenus
916 1224 1003 1281 etiam
1019 1222 1200 1282 adversatur.

218 1453 367 1526 Breviter
391 1451 468 1523 heic
494 1476 556 1523 nos
577 1477 597 1522 a
618 1451 726 1550 prima
752 1450 959 1549 quaestionis
985 1467 1080 1549 parte
1105 1455 1259 1551 expedie-

152 1595 242 1654 mus,
268 1593 345 1640 cum
371 1592 476 1666 penes
501 1564 684 1637 catholicos
709 1588 826 1636 omnes
852 1579 982 1637 constet
1007 1590 1073 1637 non
1099 1566 1146 1639 ite
1170 1568 1261 1640 eius-

151 1683 234 1755 modi
259 1681 484 1782 polygamiam
502 1680 628 1752 directe
646 1704 833 1777 repugnare
851 1676 916 1774 legi
935 1695 1091 1766 naturae,
1108 1697 1145 1754 ut
1156 1707 1261 1780 quan-

149 1798 274 1897 doque,
290 1798 352 1870 Dei
367 1796 561 1897 praesertim
581 1795 759 1868 accedente
776 1790 1049 1893 dispensatione,
1078 1795 1168 1869 licita
1187 1798 1259 1869 lieri

149 1941 209 1986 non
234 1914 356 2012 possit.
378 1913 415 1983 ld
442 1938 519 1985 vero
545 1911 702 1984 statuitur
727 1911 854 2009 passim
879 1910 1041 1983 adversus
1064 1910 1256 2001 Calvinum,

148 2030 201 2127 qui
227 2028 414 2102 autumavit
439 2053 621 2126 numquam
646 2026 791 2125 permitti
819 2025 1045 2125 polygamiam
1071 2053 1193 2125 posse,
1220 2056 1259 2102 eo

147 2146 232 2243 quod
260 2145 326 2241 legi
352 2143 496 2216 naturali
519 2143 563 2216 sit
583 2169 722 2242 prorsus
747 2142 923 2215 contraria.
942 2143 1028 2215 Hinc
1046 2169 1111 2216 non
1129 2163 1260 2219 veretur

149 2261 353 2360 patriarchas
376 2286 450 2335 reos
474 2259 649 2332 traducere
666 2259 749 2331 laesi
768 2259 851 2330 iuris
870 2257 1032 2331 naturalis
1054 2259 1098 2332 ob
1117 2287 1256 2334 uxorum

147 2376 381 2474 pluralitatem.

212 2494 270 2566 Sic
293 2494 382 2564 enim
409 2493 518 2588 arguit
538 2492 652 2563 Saram
674 2491 762 2590 quod
787 2491 942 2563 Abrahae
959 2491 1049 2588 Agar
1066 2493 1100 2563 in
1121 2519 1256 2567 uxorem

145 2607 292 2680 dederit:
320 2609 496 2693 «Verum,
531 2608 665 2706 inquit,
694 2621 732 2678 ut
756 2632 809 2678 res
836 2623 926 2679 esset
949 2606 1125 2705 desperata
1153 2613 1257 2703 (con-

145 2724 289 2823 ceptio),
303 2750 369 2796 non
387 2723 504 2795 debuit
530 2739 639 2795 tamen
666 2722 853 2821 quidquam
877 2723 1014 2819 aggredi
1038 2726 1105 2795 nisi
1123 2725 1187 2796 Dei
1201 2753 1257 2796 co·

145 2838 265 2910 lnntatr'
280 2852 311 2909 et
330 2839 471 2935 lepitimo
491 2853 628 2910 caturae
649 2837 760 2909 ordini
774 2852 1047 2910 consentaneum.
1069 2839 1162 2909 Sarai
1181 2865 1257 2913 con·

143 2952 231 3050 nubii
259 2953 367 3050 legem
391 2953 564 3053 pervertit,
585 2951 706 3024 lectum
732 2950 961 3048 coniugalem,
982 2953 1040 3050 qui
1059 2952 1190 3026 duobus
1207 2955 1257 3026 di-

142 3085 233 3142 catus
259 3086 352 3155 erat,
381 3067 597 3168 polluendo»
622 3083 655 3141 et
680 3067 880 3167 paulopost
905 3068 1014 3167 pergit
1046 3067 1187 3167 loquens
1213 3072 1256 3142 de

141 3182 552 3283 Abrahamzalmproprie
577 3199 686 3255 tamen
714 3184 851 3279 (Agar)
880 3199 1018 3257 vocatur
1043 3211 1145 3272 uxor,
1167 3212 1255 3285 quae

141 3315 268 3395 praeter
279 3298 340 3370 Dei
356 3297 462 3395 legem
480 3299 514 3370 in
529 3298 675 3371 alienum
702 3315 809 3372 torum
836 3299 1018 3373 inducitur.
1037 3300 1147 3386 Quare
1166 3303 1254 3375 scia-

140 3438 211 3485 mus
237 3411 330 3485 hunc
354 3413 566 3486 concubitum
589 3413 639 3486 sic
661 3412 812 3486 illicitum
839 3415 961 3502 luisse,
989 3431 1026 3487 ut
1051 3416 1137 3489 inter
1162 3442 1253 3489 scor-

140 3528 295 3601 tationem
309 3543 341 3599 et
353 3528 546 3626 coniugium
561 3529 658 3627 quasi
674 3529 804 3602 medius
819 3530 918 3603 luerit
934 3532 1006 3626 (tt)
1017 3532 1099 3603 .»llt
1116 3532 1248 3618 iterum,

138 3641 307 3715 disserens
335 3642 377 3714 de
404 3642 523 3729 laceb,
545 3645 603 3742 qui
623 3661 699 3743 post
716 3646 808 3718 liam
826 3645 1003 3719 Rachelem
1031 3648 1127 3720 duxit
1144 3649 1179 3718 in
1199 3675 1251 3721 se-

138 3761 279 3833 cundam
294 3787 431 3834 uxorem
447 3790 454 3833 :
470 3763 539 3835 «Ut
552 3761 690 3847 malum,
708 3763 833 3861 inquit,
851 3762 1001 3862 duplicet
1019 3765 1246 3864 polygamiae

138 3873 263 3947 Deinde
289 3877 340 3948 sic
366 3876 491 3974 pergit:
512 3907 528 3946 e
541 3879 658 3976 ltaque
679 3877 722 3949 ad
746 3879 878 3950 tertium
905 3881 1097 3976 coniugium
1124 3880 1251 3978 rapitur·

139 3989 244 4063 laceb.
269 3991 366 4064 Unde
391 3990 580 4089 colligimus
606 3993 734 4065 nullum
751 4021 817 4066 esec
832 3998 960 4092 peccati
983 3997 1096 4094 finem,
1118 3995 1177 4066 ubi
1197 4021 1249 4066 se-

138 4106 196 4178 mel
231 4105 385 4204 neglecta
410 4126 462 4180 est
485 4109 544 4180 Dei
572 4108 931 4182 institutio....lllirum
958 4126 1010 4182 est
1042 4110 1132 4208 quod
1158 4109 1248 4180 [leus

203 4335 254 4391 lte)
272 4336 415 4383 Ccornrrnt.
429 4335 453 4382 in
465 4347 519 4395 cap.
532 4300 596 4383 xlt.
609 4337 695 4383 Genea.
709 4350 766 4399 opp.
775 4335 814 4386 ed.
827 4335 1003 4386 Amstelodami
1018 4339 1083 4385 tell.
1094 4336 1153 4382 torn.
1165 4335 1183 4382 Ι.
