2796 5064
188 404 258 455 ιιι.
274 402 311 453 ιι.
327 403 369 453 oe
382 400 494 453 motss.
512 403 606 454 ιιιιιι.
624 403 656 453 ιι
670 403 758 454 caus.
776 404 887 454 soum.
905 404 976 454 ιιι.
994 405 1042 455 ιιι.
1112 383 1177 453 221

84 523 226 620 posterior
247 521 333 596 haec
349 521 515 595 sententia
534 547 575 594 ex
598 520 764 595 llatthaeo
785 521 975 619 colligitur,
995 549 1071 596 cum
1091 522 1181 597 idem

80 639 111 708 sit
123 637 256 711 dicere:
275 637 390 709 Omnis
407 637 466 734 qui
478 635 659 720 dimiserit,
677 651 811 734 eccepto
823 638 1052 734 fornicationis
1068 664 1182 722 ooose,

76 754 248 824 moechatur
267 767 298 824 et
319 778 384 822 oon
408 753 511 822 omnis
531 751 589 848 qui
609 750 771 823 dimiserit
787 753 998 837 moechatum
1019 753 1110 851 prior
1128 779 1185 824 au·

72 884 124 939 tem
137 867 310 941 sententia
326 865 418 965 apud
436 867 583 938 llarcum
602 883 634 939 et
651 867 774 938 Lucam
798 867 959 953 habetur,
981 868 1047 940 nisi
1066 868 1182 941 eadem

69 983 211 1082 exceptio
236 981 469 1055 fornicationis
488 981 704 1078 intelligatur.
726 980 934 1055 Confirmant
951 1009 1029 1055 vero
1054 1008 1186 1056 assum·

68 1116 152 1196 ptum
178 1098 359 1197 potissime
388 1113 542 1197 respectu
576 1099 699 1179 llarci,
732 1098 822 1197 quod
850 1097 905 1169 hic
937 1097 1101 1170 habeatur
1133 1097 1183 1172 uti

67 1212 219 1286 Matthaei
240 1213 464 1312 epitomator3
485 1238 561 1285 cum
588 1227 763 1311 propterea
781 1212 814 1283 in
833 1211 1070 1309 compendium
1088 1211 1181 1284 illius

65 1326 273 1424 evangelium
300 1326 489 1424 redegerit,
523 1325 645 1397 mirum
681 1351 757 1398 esse
789 1351 854 1398 non
882 1324 1005 1411 debet,
1034 1326 1063 1397 si
1098 1325 1185 1399 hanc

66 1442 251 1516 clausulam
277 1442 321 1515 de
340 1442 536 1540 exceptione
562 1441 792 1514 fornicationis
818 1440 981 1513 omiserit.

131 1559 176 1631 Ut
195 1558 294 1631 hisce
306 1556 563 1631 difficultatibus
583 1557 873 1655 respondeamus,
894 1556 1012 1630 sedulo
1030 1556 1184 1657 quaestio

66 1672 264 1773 principalis
289 1671 333 1746 alt
359 1672 520 1746 incidenti
545 1672 707 1768 distingui
733 1671 844 1744 debet.
875 1670 1037 1757 Quaestio
1062 1670 1187 1772 prinoi-

65 1787 147 1885 palis
169 1805 244 1861 tum
270 1786 362 1889 apud
386 1787 591 1861 Matthaeum
613 1803 682 1858 turn
700 1786 792 1884 apud
811 1787 957 1858 Marcum
977 1802 1028 1859 est
1044 1813 1113 1858 una
1129 1812 1184 1859 ea·

64 1903 228 2004 demque,
257 1928 377 2002 nempe
402 1900 684 1976 indissolubilitas
702 1902 848 2000 perlecta
872 1901 1076 1975 matrimonii
1094 1901 1185 1973 chri·

64 2019 179 2107 atiani,
202 2019 253 2092 ita
269 2034 392 2092 utnon
414 2017 511 2091 liceat
527 2044 664 2090 uxorem
683 2016 850 2090 dimittere
866 2033 899 2090 et
921 2018 1022 2090 aliam
1046 2017 1182 2091 ducere.

64 2133 121 2208 llic
147 2149 203 2207 est
233 2132 361 2207 Christi
386 2158 510 2232 scopus
543 2131 693 2204 libellum
725 2131 857 2230 repudii
889 2131 1048 2220 abolere,
1085 2149 1187 2232 atque

64 2249 292 2323 omnimodam
315 2248 466 2345 coniugii
492 2245 826 2320 indissolubilitatem
853 2262 1022 2335 statuere,
1052 2247 1187 2322 sublata

64 2363 283 2437 dimittendae
296 2363 412 2438 uxoris
429 2361 600 2436 facultate.
621 2360 663 2433 At
680 2361 841 2461 quoniam
855 2361 1012 2436 dimissio
1031 2363 1187 2461 generice

65 2481 150 2553 sumi
178 2497 289 2580 potest
313 2505 373 2580 pro
399 2478 546 2578 simplici
577 2478 799 2565 dimissione,
835 2505 875 2552 ao
901 2506 961 2578 pro
989 2479 1188 2553 dimissione

64 2624 151 2697 quae
165 2596 280 2696 ipsum
298 2593 468 2669 uinculum
486 2595 640 2681 dirimat,
668 2593 855 2668 incidenter
872 2595 962 2693 apud
981 2594 1186 2668 Matthaeum

64 2712 178 2813 aliqua
202 2710 357 2785 dimissio
382 2709 475 2783 licita
492 2709 641 2796 dieitur;
664 2736 784 2809 nempe
809 2709 1041 2783 fornicationis
1066 2735 1182 2783 causa.

64 2826 154 2900 llaec
178 2841 233 2900 est
258 2825 409 2923 exceptio
434 2850 523 2923 quae
548 2823 736 2898 incidenter
760 2825 922 2923 ponitur,
952 2823 1045 2895 nulla
1070 2824 1186 2896 addita

65 2940 307 3044 explicatione,
327 2966 368 3015 eo
389 2940 464 3040 ipso
485 2939 577 3040 quod
600 2939 754 3040 quaestio
772 2939 972 3038 principalis
994 2965 1060 3011 non
1075 2954 1184 3027 esset,

66 3082 105 3128 an
123 3056 226 3130 liceat
249 3053 453 3154 quaudoque
472 3053 646 3140 dimissio;
669 3081 774 3154 quum
793 3054 908 3153 potius
928 3080 1051 3153 scopus
1067 3053 1190 3153 prima·

67 3173 135 3246 rius
161 3173 208 3246 sit
225 3169 556 3245 indissolubilitatem
580 3169 711 3244 dooere.
733 3172 864 3244 lllareus
883 3170 918 3242 id
936 3170 1026 3271 quod
1045 3170 1190 3270 pertinet

66 3288 105 3360 ad
131 3287 364 3387 quaestionem
394 3287 614 3387 principalem
644 3288 744 3361 relert
758 3310 772 3375 ;’
800 3289 928 3362 omissa
960 3288 1188 3388 propositione

67 3403 257 3489 incidente,
291 3428 380 3502 quae
403 3401 447 3474 ad
480 3403 528 3475 rei
560 3401 782 3475 substantiam
812 3430 878 3476 non
911 3420 1051 3503 spectat.
1085 3404 1119 3475 si
1148 3430 1190 3478 ea

66 3518 218 3593 clausula
238 3518 442 3616 respexisset
459 3516 596 3616 plenum
619 3517 823 3607 divortium,
842 3535 910 3592 tum
930 3519 1024 3593 salsa
1042 3520 1089 3593 rei
1108 3519 1189 3593 sub-

66 3635 189 3707 stantia
214 3632 323 3706 omitti
343 3660 364 3706 a
388 3634 499 3707 llarco
517 3660 583 3707 non
602 3634 785 3733 potuisset;
808 3661 928 3723 secus,
950 3653 987 3709 ut
1003 3635 1187 3711 adversarii

67 3751 179 3836 aiunt,
210 3748 326 3847 aliqua
351 3749 486 3822 adesset
515 3749 747 3823 contradictio.
778 3751 820 3824 At
844 3753 1005 3851 quoniam
1036 3751 1188 3826 clausula

66 3867 173 3940 solam
189 3864 424 3938 dimissionem
446 3865 631 3938 incidenter
656 3866 810 3964 respicit,
837 3867 929 3939 nulla
952 3894 1090 3966 prorsus
1109 3894 1190 3942 con-

66 3985 220 4058 tradictio
245 3985 405 4075 habetur3
431 3989 499 4063 imo
525 4016 593 4062 una
618 4006 669 4062 est
695 3988 784 4089 apud
811 3989 1014 4062 Matthaeum
1040 4004 1072 4060 et
1097 3985 1187 4086 apud
1253 4076 1258 4081 ἱ

64 4100 212 4175 llarcum
239 4104 421 4191 sententia,
452 4105 611 4177 nimirum
640 4106 784 4203 perlecta
811 4104 1091 4179 indissolubilitas
1116 4127 1189 4174 ma-

65 4217 214 4291 trimonii
242 4216 431 4291 christiani.
460 4220 650 4293 Discrimen
680 4220 782 4318 igitur
806 4221 841 4291 in
863 4219 928 4292 hoc
954 4234 1082 4293 tantum
1108 4233 1185 4302 est,

62 4332 155 4432 quod
181 4333 272 4432 apud
295 4334 498 4410 Matthaeum
519 4353 652 4434 praeter
677 4334 865 4410 doctrinam
887 4334 929 4407 de
947 4331 1188 4408 indissolubili-
