2796 5064
244 376 699 432 metaumaucensis
716 376 1081 428 sensumsensurn.
1161 352 1230 425 stt

121 525 236 584 muso,
265 497 311 572 oh
334 495 564 571 fornicationis
592 519 654 569 seu
684 493 840 568 adulterii
870 518 1008 568 causam
1040 491 1231 567 facultatem

121 613 275 714 praebuit
299 627 369 685 tum
394 609 583 683 dimittendi
609 635 746 682 uxorem
763 606 1035 708 delinquentem,
1064 623 1150 694 tum,
1174 606 1233 680 illa

121 729 280 815 dimissa,
308 724 409 800 aliam
433 723 592 798 ducendi.

187 844 294 917 Porro
318 865 444 940 scopus
469 837 595 912 Christi
625 837 827 912 contrarium
847 836 982 910 omnino
1001 836 1159 911 ostendit.
1176 836 1235 910 Et-

121 960 203 1033 snim
228 956 387 1031 Christus
413 980 532 1029 novam
557 954 821 1052 legislationem,
850 953 978 1052 quain
1004 953 1150 1027 ecclesia
1170 979 1234 1028 sua

121 1073 332 1147 matrimonia
345 1071 415 1169 regi
427 1069 586 1157 debeant,
600 1070 740 1169 opponit
756 1068 821 1166 legi
834 1067 1015 1156 mosaicae,
1027 1067 1118 1141 iuxta
1131 1094 1233 1170 quam

121 1188 286 1289 permissa
309 1203 382 1261 erat
404 1185 529 1260 vinculi
555 1185 742 1283 coniugalis
768 1183 903 1258 solutio.
934 1184 1003 1256 lam
1028 1209 1107 1257 vero
1132 1183 1232 1257 linem

121 1305 206 1378 hunc
231 1329 301 1376 non
327 1303 513 1401 attigisset,
534 1301 563 1375 si
581 1300 864 1400 quemadmodum
891 1299 925 1370 in
950 1298 1054 1372 veteri
1072 1298 1167 1397 lege,
1188 1299 1235 1372 ita

121 1421 198 1494 stin
216 1444 308 1494 nova
324 1418 548 1493 concessisset
570 1416 643 1490 viro
668 1441 736 1490 non
762 1413 871 1489 solum
889 1415 1056 1488 dimittere
1072 1439 1231 1501 uxorem,

121 1535 304 1610 sedetiam
330 1532 508 1633 repudiata
533 1532 663 1632 prima,
691 1529 829 1604 alteram
863 1530 1002 1614 ducere,
1027 1529 1174 1629 itemque
1203 1529 1233 1603 si

121 1649 251 1723 mulieri
270 1648 434 1723 dimissae
451 1662 526 1749 post
542 1647 722 1721 divortium
742 1645 968 1720 concessisset
984 1644 1080 1719 alteri
1093 1644 1230 1732 nubere,

121 1764 359 1839 interveniente
383 1761 539 1837 adulterii
561 1760 703 1859 flagitio.

187 1878 286 1968 Quae
299 1894 336 1952 ut
348 1866 472 1951 clarius
487 1875 729 1974 intelligantur,
745 1875 813 1950 duo
826 1875 1051 1973 dispescenda
1068 1875 1127 1948 hic
1139 1889 1231 1962 sunt,

121 1994 256 2094 utplus
282 1992 387 2068 semel
411 1993 581 2080 diximus,
611 1991 754 2065 facultas
785 1991 975 2064 dimittendi
1008 2017 1172 2078 uxorem,
1201 2008 1236 2066 et

121 2109 259 2184 foculum
286 2108 425 2184 alteram
450 2107 607 2181 ducendi.
634 2107 779 2179 Primam
805 2106 986 2179 coarctavit
1009 2105 1165 2181 Christus
1191 2105 1235 2181 ad

121 2223 226 2299 solum
251 2224 482 2298 fornicationis
500 2249 561 2297 scu
581 2221 735 2296 adulterii
753 2247 892 2308 casum;
913 2237 946 2294 et
962 2221 1030 2295 huc
1047 2221 1237 2296 referuntur

121 2342 230 2439 priora
251 2338 379 2412 Christi
400 2339 522 2413 verba:
542 2336 692 2412 «Omnis
712 2338 771 2438 qui
795 2336 963 2412 dimiserit
982 2364 1119 2412 uxorem
1136 2364 1236 2412 suam

121 2469 256 2554 excepta
281 2452 512 2527 fornicationis
536 2472 675 2539 causa,
689 2451 769 2525 facit
792 2477 867 2525 eam
892 2451 1079 2541 moechari;
1094 2483 1112 2523 a
1125 2453 1169 2526 ad
1187 2452 1237 2527 al·

121 2586 221 2643 taram
241 2584 395 2669 spectant
412 2567 598 2669 posteriora
612 2566 734 2654 rerba3
748 2583 806 2640 aet
819 2566 877 2667 qui
891 2566 1070 2641 dimissam
1088 2568 1233 2655 duxerit,

121 2683 316 2758 adulterat»
341 2683 466 2783 quibus
490 2680 603 2757 verhis
629 2680 771 2755 facultas
796 2707 901 2756 novas
934 2681 1072 2754 ineundi
1099 2681 1235 2780 nuptias

121 2815 229 2900 aperta
256 2814 410 2896 negatur.
431 2797 530 2885 Quod
555 2797 712 2872 Christus
738 2797 774 2869 in
799 2823 882 2872 casu
910 2796 1065 2872 adulterii
1096 2795 1237 2871 faculta-

121 2931 181 2987 tem
197 2913 405 2988 conoesserit
420 2912 632 2988 dimissionis
650 2912 762 3013 quoad
780 2928 889 2986 torum
903 2929 936 2987 et
953 2912 1236 2987 cohabitationem

121 3029 208 3104 nulla
229 3046 381 3105 movetur
397 3029 573 3130 quaestio,
594 3054 672 3102 cum
690 3029 775 3102 haec
793 3028 837 3103 ah
853 3028 1011 3104 omnibus
1029 3028 1101 3103 sive
1118 3027 1236 3102 catho-

121 3144 190 3220 licis
208 3146 284 3222 sive
300 3144 497 3220 acatholicis
515 3144 614 3219 facile
631 3145 845 3234 admittatur,
861 3145 903 3220 de
916 3172 984 3246 qua
997 3161 1031 3219 et
1043 3172 1104 3221 nos
1119 3161 1236 3246 postea

121 3276 219 3334 tcturr
244 3286 376 3334 sumus.

187 3374 296 3472 lgitur
315 3373 497 3449 difficultas
515 3392 567 3449 est
583 3375 696 3476 quoad
718 3376 911 3450 facultatem
937 3377 1040 3450 aliam
1065 3375 1232 3463 ducendi,

121 3487 260 3563 limissa
272 3488 444 3575 adultera,
461 3517 522 3564 seu
534 3492 646 3590 quoad
659 3491 785 3566 vinculi
800 3491 1011 3567 solutionem.
1023 3494 1118 3567 Hanc
1136 3518 1237 3591 porro

121 3604 309 3680 facultatem
326 3604 483 3680 Christus
500 3607 637 3682 omnino
658 3607 807 3682 sustulit.
823 3609 930 3697 Sane,
952 3609 982 3682 si
1000 3609 1155 3683 Christus
1174 3635 1235 3708 per

121 3719 235 3793 rerba:
254 3733 287 3792 at
302 3723 361 3819 qui
376 3720 546 3794 dimissam
570 3721 723 3807 deserat,
748 3723 933 3809 adulterat,
956 3749 1023 3797 non
1041 3724 1236 3798 sustulisset

121 3833 317 3909 volutionem
344 3837 548 3911 matrimonii
571 3837 682 3937 quoad
702 3838 896 3926 vinculum,
920 3866 987 3913 non
1014 3840 1167 3914 dedisset
1188 3840 1236 3913 le-

121 3975 188 4047 gem
220 3947 361 4049 antiqua
393 3950 726 4050 praecellentiorem
755 3953 823 4029 imo
849 3954 913 4027 suh
938 3955 1054 4056 aliquo
1082 3971 1236 4055 respectu

121 4089 222 4163 egem
246 4064 399 4141 dedisset
420 4067 570 4142 mosaica
594 4068 806 4143 deteriorem.
824 4072 894 4144 lam
918 4097 998 4146 vero
1023 4071 1181 4144 Christus
1201 4070 1235 4142 in

121 4202 180 4255 soc
207 4197 374 4255 commate
399 4182 583 4258 declaravit
601 4209 638 4257 se
656 4185 705 4258 uti
728 4211 851 4260 novum
876 4186 1104 4284 legislatorem
1126 4211 1237 4261 emen-

121 4294 196 4368 lare
211 4293 320 4384 vella,
346 4313 447 4397 atque
472 4299 515 4372 ad
542 4299 781 4399 perfectionem
807 4301 975 4376 adducere
1000 4302 1172 4401 antiquam
1193 4301 1237 4373 de
