2796 5064
144 369 211 438 tto
294 389 355 439 ua.
376 389 424 439 ru.
445 388 532 438 secr.
553 388 683 438 aursni.
700 387 740 436 oa
758 388 870 449 incuss.
888 388 983 439 narn.
1000 389 1126 441 camsi.

141 510 308 610 apposita.
330 508 400 582 Has
417 533 495 581 vero
513 506 645 605 regulas
671 507 813 604 digessit
838 533 866 580 s.
887 508 1034 583 Basilius
1055 525 1135 583 ante
1157 537 1242 584 suuu

142 624 384 722 episcopatum.

213 735 402 810 Difficultas
427 736 529 834 igitur
552 736 750 809 excutienda
775 752 947 823 remanet,
975 763 1065 837 quae
1088 738 1248 812 orituros

85 866 88 873 '
142 878 218 926 can.
240 852 317 938 lx„
345 868 447 950 atqua
469 877 510 924 ex
535 876 610 924 can.
630 851 717 922 XXl.
739 849 775 921 in
793 876 861 949 quo
877 851 995 923 eadem
1013 851 1121 926 leima
1142 855 1250 952 repetit

143 968 311 1040 alluatur
331 993 418 1065 quaa
432 966 650 1040 constituerat
662 966 698 1037 in
711 991 788 1039 can.
806 966 862 1037 lx.
884 966 942 1066 qui
962 966 1063 1041 ambo
1080 967 1126 1040 dc
1143 968 1249 1042 mam

140 1097 219 1156 sunt
242 1097 450 1180 argumento,

226 1199 267 1270 Ut
292 1224 380 1297 quaa
407 1198 579 1272 constituit
608 1223 638 1271 s.
666 1197 812 1289 Basilius
847 1198 970 1270 rectius
1000 1196 1248 1296 intelligamus,

142 1314 386 1411 praemittimus
406 1338 437 1386 s.
460 1313 636 1386 Boctorem
653 1338 837 1410 agnoscere
862 1315 897 1384 1.
917 1313 951 1384 in
971 1311 1048 1410 lega
1063 1313 1250 1411 evangelica

142 1454 204 1528 par
216 1429 270 1502 ius
286 1453 363 1502 esse
380 1444 450 1502 tum
468 1428 636 1501 viriatum
654 1426 834 1514 uxoribus,
855 1428 958 1526 idque
974 1443 1150 1527 tamquam
1170 1429 1252 1528 prin·

141 1545 265 1646 cipium
293 1546 532 1629 inconcussum
551 1544 726 1618 constituit
741 1544 879 1617 dicens:
908 1547 1012 1643 deque
1035 1547 1123 1617 ciris
1140 1561 1173 1617 at
1187 1572 1250 1616 mn·

142 1660 275 1733 licridns
300 1661 448 1732 convenit
469 1657 645 1732 secundnm
667 1661 843 1732 sentcntiae
868 1663 1151 1758 wnscquutionem
1176 1658 1252 1759 quod

140 1800 162 1847 c
179 1774 316 1846 Domino
333 1775 586 1872 pronunciatum
609 1788 672 1858 aet,
694 1800 759 1845 non
781 1775 875 1846 licere
891 1801 915 1847 o
929 1776 1141 1847 matrimonio
1158 1774 1249 1847 duca

136 1888 233 1972 'dcrc,
261 1889 329 1960 nisi
352 1888 392 1960 cb
419 1889 666 1987 fornicationem
694 1890 783 1984 (96).
817 1890 851 1960 2.
881 1888 1011 1963 Asserit
1037 1888 1252 1962 nihilomiuus

139 2004 417 2079 consuetudinem
441 2003 474 2075 in
498 2005 593 2103 praxi
612 2003 781 2077 diversam
798 2003 969 2091 obtinere,
999 2020 1037 2076 ut
1055 2004 1123 2079 viri
1142 2003 1251 2078 mulie

141 2119 235 2192 ribus
257 2118 506 2218 praeferantur,
527 2136 694 2218 quatenus
718 2119 781 2192 viri
808 2117 967 2193 mulieres
990 2119 1167 2195 adulteras
1185 2145 1251 2220 pos·

141 2235 211 2308 sint
234 2231 422 2321 dimittere,
457 2233 615 2309 mulieres
639 2250 750 2309 autam
775 2235 867 2308 siros
891 2235 1064 2309 adulteros
1094 2236 1252 2309 dimittam

141 2364 320 2448 nequeant.
348 2350 383 2422 3.
405 2350 538 2422 Fatetur
559 2350 727 2425 eiusmodi
751 2350 1028 2424 cousuetudinem
1053 2376 1134 2425 cum
1159 2376 1251 2425 eran·

141 2462 228 2561 galia
252 2463 391 2537 minime
415 2463 616 2537 consentire.
648 2466 680 2535 i.
702 2465 740 2536 lu
766 2490 842 2537 can.
860 2465 949 2538 xxi.
966 2466 1145 2539 constituit
1168 2464 1249 2539 aliud

140 2578 322 2653 discrimen
347 2579 552 2653 intercedere
577 2580 664 2651 inter
683 2579 791 2653 virum
809 2596 841 2652 et
858 2579 1031 2652 mulierem
1050 2581 1145 2655 circa
1163 2607 1249 2681 rapu·

140 2693 255 2779 dium,
272 2693 362 2792 quod
380 2694 583 2792 sicquidem
602 2693 636 2765 in
656 2694 730 2793 ipso
749 2694 981 2780 matrimonio,
1003 2695 1132 2768 sicum
1152 2694 1249 2769 soluta

141 2826 174 2881 at
200 2807 304 2881 libera
328 2810 531 2908 peccaverit,
557 2808 712 2882 adulterii
741 2809 874 2882 nomine
899 2836 965 2882 non
988 2810 1246 2891 condamnetur,

141 2922 201 2996 sad
219 2922 448 2997 fornicationis
465 2953 473 3010 ;
494 2940 609 2998 contra
634 2950 712 2998 vcro
739 2948 823 2997 uxor
844 2925 878 2995 in
896 2925 1012 2998 eodem
1032 2942 1174 3024 peccato
1189 2951 1248 2998 cer-

141 3039 271 3112 tissime
296 3039 448 3112 adultera
472 3040 529 3112 sit.
552 3043 586 3111 d.
608 3041 645 3109 ln
663 3065 738 3111 can.
766 3038 906 3111 llLVlll.
938 3065 1077 3112 uxorem
1105 3069 1127 3114 a
1144 3042 1248 3114 marito

140 3154 314 3228 dimissam
327 3155 371 3227 ab
384 3154 522 3228 alterius
540 3181 601 3255 spe
617 3155 763 3252 coniugii
783 3155 945 3241 excludit,
967 3157 1044 3253 ipso
1063 3158 1245 3257 superstite.

215 3271 331 3368 ltaque
357 3271 413 3343 hic
444 3272 509 3343 iam
535 3271 708 3369 quaeritur
730 3286 840 3342 utrum
868 3298 898 3343 s.
918 3269 1067 3343 Basilius
1094 3269 1246 3345 eiusmodi

141 3385 417 3458 cousuetudinem
443 3411 462 3458 a
489 3387 561 3482 lega
583 3386 673 3458 civili
701 3386 870 3459 inductam
898 3384 1091 3483 probaverit
1117 3415 1178 3460 nec
1200 3410 1243 3457 na.

141 3497 268 3570 Natalis
295 3497 379 3570 alex.
408 3524 483 3571 cum
509 3499 587 3572 aliis
615 3499 835 3572 affirmantem
871 3501 1073 3573 sententiam
1104 3497 1244 3600 amplecti

139 3613 235 3686 visus
259 3628 327 3699 est,
357 3613 525 3686 scribens:
559 3613 689 3700 «Quod
717 3630 827 3687 autem
854 3615 941 3687 hanc
963 3617 1167 3690 sententiam
1187 3641 1245 3688 am·

141 3728 260 3828 plexus
281 3732 343 3823 (ut
361 3728 444 3799 mihi
462 3728 600 3828 quidem
624 3730 778 3823 videtur)
809 3730 908 3802 luerit
932 3757 962 3803 s.
984 3730 1135 3806 Basilius
1152 3759 1190 3806 eo
1204 3755 1245 3803 ar·

140 3844 313 3919 cusationo
341 3844 463 3941 dignus
493 3862 565 3931 est,
592 3845 683 3944 quod
716 3844 914 3944 loquebatur
947 3846 981 3918 in
1012 3846 1243 3922 obscurissima

211 4099 262 4164 (tu)
278 4102 333 4151 Nat.
345 4100 457 4150 meiuod.
472 4114 546 4165 agens
558 4100 589 4151 dc
600 4101 647 4151 liae
657 4115 678 4152 s.
692 4102 773 4152 Basilii
785 4102 858 4166 epist.
871 4101 901 4152 ed
916 4115 965 4153 sac.
976 4105 1017 4152 lv.
1038 4116 1094 4167 cap.
1109 4106 1152 4154 vl.
1163 4104 1204 4152 art.
1216 4105 1243 4149 n.

138 4180 161 4244 §.
178 4186 201 4232 t.
224 4181 296 4232 dicit:
322 4183 402 4232 acan.
418 4184 459 4232 lx.
472 4183 563 4245 egilde
577 4184 725 4234 matrimonii
742 4183 971 4246 indissolubilitate,
986 4187 1011 4235 at
1026 4184 1080 4235 sola
1092 4178 1241 4235 tentationis

140 4272 213 4309 causa
233 4261 410 4324 separationem
435 4263 566 4325 coniugum
587 4264 670 4326 quoad
692 4265 773 4314 torum
800 4263 894 4315 licitam
914 4277 967 4315 esse
985 4263 1101 4317 decernit
1124 4258 1239 4316 mondum

140 4340 273 4390 sententiaa
291 4340 429 4391 dominicae
442 4343 649 4404 mucequautiam.
665 4363 676 4385 υ
