2796 5064
229 389 297 459 ste
380 408 441 457 ιιι.
462 407 509 457 ιιι».
532 403 617 456 secr.
638 402 769 453 ιιτιιιι.
788 400 826 450 ne
846 399 957 449 morse.
977 399 1076 449 ιιιιιι.
1093 397 1225 450 eumer.

229 527 327 615 Quod
354 551 537 624 numquam
563 524 606 596 de
631 522 696 594 alio
723 520 868 604 dicitur,
896 544 995 594 nemo
1012 519 1109 591 enim
1134 519 1342 616 distingueret

230 644 317 716 inter
332 639 555 716 sacerdotium
575 655 682 712 ratum
700 651 733 709 ot
745 649 1012 709 consummatum
1027 634 1074 707 ad
1092 633 1343 709 discemeudum

208 769 210 772 ⁴
229 786 327 845 oum,
347 757 407 856 qui
434 781 617 856 numquam
636 753 840 828 sacrificium
858 750 1039 835 obtulerit,
1061 750 1107 824 ab
1131 751 1276 853 alioqui
1295 750 1347 823 ob

231 874 307 947 tulit
327 874 440 969 (121).
464 873 579 970 ltaque
603 887 784 968 utrumque
809 867 1061 941 matrimonium
1081 869 1240 942 essentia
1256 893 1346 940 unum

232 1005 328 1072 sunt,
350 1013 418 1058 una
436 986 622 1085 eademque
640 984 791 1058 definitio
817 983 951 1083 utrique
976 983 1163 1071 convenit3
1184 998 1349 1081 utrumque

231 1117 408 1202 propterea
425 1127 466 1173 ex
484 1125 522 1173 se
539 1116 590 1173 est
608 1097 844 1173 indissolubile
861 1114 1002 1197 utroque
1019 1098 1111 1185 iure,
1131 1098 1164 1172 si
1184 1098 1282 1183 lubet,
1295 1122 1348 1168 na·

233 1216 333 1290 turali
346 1242 386 1289 ao
400 1215 655 1289 divino.Verum
674 1215 761 1287 inter
774 1239 812 1288 se
824 1213 985 1287 disserunt
996 1214 1117 1312 quoad
1138 1214 1345 1312 integritatem

233 1349 267 1404 et
289 1330 547 1430 perfectionem,
564 1355 632 1428 quo
646 1329 701 1417 fit,
720 1346 757 1401 ut
773 1328 938 1412 diximus,
958 1327 1053 1429 quod
1072 1327 1226 1404 alterum
1241 1327 1349 1401 babeat

231 1444 418 1519 absolutam
434 1433 790 1531 indissolubilitatcm,
813 1441 953 1516 alterum
969 1469 1053 1517 tero
1070 1459 1245 1544 potestate
1259 1444 1351 1516 alteo

236 1559 482 1633 communicata
503 1559 609 1659 possit
625 1557 780 1633 dissolvi.
803 1558 868 1630 Alii
885 1558 1016 1632 addunt
1035 1557 1186 1634 differre
1202 1585 1299 1632 uuum
1312 1556 1350 1629 ab

233 1675 353 1762 altero,
383 1673 426 1749 ob
453 1675 620 1748 diversam
653 1675 933 1772 significationem
954 1675 1216 1749 coniunctionis
1239 1672 1348 1748 Christi

232 1817 308 1865 oum
343 1791 472 1876 anima,
501 1806 559 1862 aut
587 1816 663 1863 cum
694 1790 850 1864 ecclesia.
880 1789 999 1862 lerum
1026 1789 1208 1891 quidquid
1232 1787 1350 1863 deboc

234 1910 291 1996 sit,
304 1934 519 2008 quacumque
534 1909 664 1981 ratione
676 1907 822 1982 solutum
842 1905 943 2008 plano
955 1921 1008 1979 est
1020 1904 1091 1980 boc
1109 1919 1345 2007 argumentum.

302 2024 544 2122 Argumentum
571 2024 746 2124 quintum,
774 2022 866 2123 quod
894 2023 1018 2121 petitur
1039 2049 1084 2096 ex
1103 2024 1240 2097 ratione
1255 2045 1350 2096 sacra

233 2139 355 2224 menti,
376 2138 469 2211 baud
487 2138 608 2212 melius
627 2165 696 2212 rem
713 2138 869 2225 conficit,
898 2162 1000 2238 quam
1026 2153 1267 2235 argumentum
1282 2159 1349 2234 pro·

232 2252 321 2323 xime
345 2252 546 2325 antecedens
571 2279 648 2326 cum
673 2279 742 2354 quo
767 2253 997 2351 cognationem
1016 2250 1138 2326 habet.
1169 2250 1349 2329 Certissima

233 2383 479 2441 sacramentum
504 2385 556 2442 est
580 2369 830 2442 matrimonium
857 2384 926 2442 tum
953 2383 1086 2456 ratum,
1117 2382 1196 2442 tum
1214 2391 1351 2442 consum

232 2498 372 2556 matum.
402 2485 473 2556 Hoc
494 2510 591 2557 nemo
609 2484 792 2582 negaverit.
813 2483 873 2556 llst
891 2500 1144 2557 sacramentum
1172 2482 1349 2557 ordinatum

232 2615 286 2672 est
302 2598 346 2671 ad
360 2599 595 2672 conserendam
615 2600 776 2696 gratiam,
799 2624 863 2670 non
882 2613 992 2670 autem
1012 2624 1074 2698 per
1092 2624 1132 2671 se
1151 2597 1197 2671 ad
1215 2597 1350 2669 tribuere

235 2712 311 2786 darn
328 2714 672 2787 indissolubilitatem.
691 2715 786 2786 Hanc
800 2714 1047 2786 matrimonium
1063 2713 1174 2786 habet
1191 2740 1231 2786 ex
1248 2711 1349 2783 diviua

233 2830 469 2916 institutione,
499 2844 531 2900 ot
556 2828 803 2928 quodammodo
826 2856 865 2900 ex
893 2827 966 2925 lege
991 2828 1166 2916 naturali,
1196 2843 1350 2929 quatenus

233 2944 386 3043 sequitur
412 2960 565 3016 naturam
585 2959 788 3016 contractus.
812 2942 909 3028 Quod
933 2942 962 3014 si
989 2942 1076 3014 ratio
1100 2942 1215 3040 signi,
1244 2963 1351 3037 nempe

235 3060 493 3156 significationis
520 3059 657 3132 unionis
684 3059 808 3131 Christi
837 3060 908 3132 sive
926 3084 1002 3131 oum
1019 3058 1138 3131 anima
1159 3058 1266 3144 fideli,
1284 3054 1350 3126 sive

233 3200 309 3246 cum
336 3175 479 3248 ecclesia
499 3191 556 3247 aut
579 3175 615 3245 in
632 3173 795 3246 charitate
813 3190 871 3246 aut
889 3174 922 3244 in
941 3198 1041 3245 carne
1059 3174 1226 3247 maiorem
1244 3167 1349 3241 tribuit

233 3288 391 3385 coniugio
417 3291 628 3374 firmitatem,
656 3305 692 3361 ut
716 3289 820 3388 aliqui
848 3288 1076 3373 contendunt,
1101 3285 1348 3386 intelligendum

235 3401 270 3471 id
292 3417 364 3486 est,
392 3420 429 3475 ut
453 3404 520 3503 ipsi
547 3404 730 3504 explicant,
756 3431 817 3503 pro
834 3405 967 3476 diversa
985 3403 1242 3500 significatione
1258 3426 1350 3503 quam

236 3517 444 3589 nanciscitur
471 3520 662 3615 coniugium
690 3536 786 3618 prout
812 3520 980 3591 diversum
1004 3518 1109 3591 habet
1127 3521 1269 3617 gradum
1287 3545 1353 3618 per·

235 3632 388 3705 lectionis
413 3635 509 3727 (122)
533 3635 624 3706 iuxta
652 3635 751 3734 paulo
776 3652 854 3708 ante
871 3636 1035 3732 exposita.
1057 3636 1102 3707 Et
1121 3637 1209 3711 baec
1227 3634 1350 3737 quidem

236 3764 272 3820 ut
291 3749 568 3847 responderemus
588 3751 632 3819 ud
651 3753 807 3822 bominem
826 3751 867 3821 iis
886 3749 1052 3846 theologis
1072 3752 1134 3849 qui
1162 3752 1229 3826 boc
1246 3764 1352 3848 urgent

234 3881 468 3961 argumentum
485 3893 492 3949 ;
522 3880 667 3938 ceterum
695 3881 730 3936 ut
747 3864 832 3938 alias
850 3865 1018 3950 diximus,
1041 3865 1107 3938 hoc
1126 3868 1254 3968 pendet
1273 3895 1291 3940 a
1310 3865 1351 3936 di·

235 3980 315 4051 vina
341 3980 575 4078 dispositione.

308 4272 372 4328 tttt)
389 4271 427 4319 ct.
443 4271 554 4322 Bctlarnr.
569 4273 611 4322 lib.
626 4274 656 4321 11.
673 4276 708 4321 De
719 4274 866 4334 monoobtr,
880 4288 934 4338 cap.
946 4279 1084 4328 xxxvltt.
1097 4288 1167 4330 aquo
1182 4294 1250 4344 seqq.

308 4349 373 4408 (tm)
390 4350 428 4399 ct.
441 4350 553 4401 Battarm.
570 4354 617 4403 loc.
631 4353 672 4402 cit.
685 4367 709 4402 n.
726 4361 763 4402 ιι.
777 4358 814 4403 ut.
