2796 5064
254 368 327 425 mr.
339 367 389 421 ur.
407 366 1142 432 narrumrmn.c1nc.un1ss.urrn.snr,n.
1185 349 1254 423 tot

140 487 275 590 quidem
292 513 360 562 non
379 485 504 569 dicitur
520 485 610 560 hanc
628 486 824 562 facultatem
841 486 943 562 aliam
960 487 1104 563 ducendi
1119 513 1256 563 uxorem

133 603 216 703 parti
235 600 407 678 innocenti
425 601 586 690 concedi,
607 601 741 676 vivente
766 602 880 676 adhuc
906 600 1076 692 adultera,
1104 603 1256 703 adeoque

131 716 307 793 commode
322 716 444 818 exponi
462 732 582 816 potest,
604 715 662 790 tali
685 715 780 790 illum
798 716 954 790 facultate
980 718 1039 820 uti
1056 742 1157 817 posse
1179 733 1258 817 post

130 831 305 905 adulterae
333 846 493 919 mortem,
523 858 611 931 quae
644 830 784 905 facultas
812 830 1086 931 delinquentibus
1112 833 1257 930 denega·
1351 898 1358 915 ,

131 961 201 1032 tur,
229 947 335 1019 etiam
356 960 432 1046 post
452 944 646 1020 alterutrius
667 946 820 1043 coniugis
843 945 986 1019 obitum.
1006 947 1078 1020 Hoc
1097 967 1176 1021 vero
1189 973 1256 1021 non

130 1059 266 1160 ubsque
290 1059 508 1134 fundamento
529 1059 710 1148 affirmari,
733 1075 823 1158 patet
845 1085 885 1132 ex
917 1060 1037 1134 iisdem
1063 1060 1258 1159 capitulari-

131 1173 215 1260 bus,
244 1173 373 1273 quibus
399 1188 530 1248 constat
556 1173 689 1272 planam
715 1174 863 1270 coniugii
892 1173 1082 1248 firmitatem
1107 1173 1252 1249 adstrui.

212 1288 348 1361 Praeter
380 1288 536 1387 superius
563 1288 727 1374 adducta,
765 1288 845 1362 huic
872 1288 939 1387 ipsi
969 1287 1115 1387 capitulo
1143 1287 1252 1364 lucem

131 1402 280 1478 mmsis
303 1403 486 1504 capitulum
512 1389 732 1479 secamur.
761 1403 838 1487 uns
865 1405 934 1476 vu.
972 1404 1165 1479 eorumdem
1196 1403 1256 1477 ca·
1377 1386 1380 1391 ’

132 1518 352 1619 pitularium,
381 1518 472 1618 quod
499 1519 545 1592 ita
571 1518 712 1617 legitur:
745 1518 898 1592 «Mulier
922 1547 1010 1619 quae
1035 1519 1169 1593 duobus
1186 1518 1253 1592 fra-

132 1634 240 1709 tribus
264 1634 434 1733 nupserit,
455 1634 557 1708 abiici
583 1634 683 1709 debet
708 1661 817 1736 usque
842 1636 885 1708 ad
912 1636 1001 1710 diem
1029 1635 1158 1709 mortis.
1184 1633 1251 1709 Sed

131 1765 269 1850 propter
292 1747 535 1824 humanitatem
557 1751 591 1823 in
616 1751 774 1825 extremis
802 1751 875 1824 suis
902 1751 1120 1824 sacramentis
1140 1776 1254 1824 recon-

131 1864 241 1939 ciliari
268 1881 418 1964 oportet3
440 1864 486 1938 ita
510 1881 622 1941 emen
646 1881 684 1939 ut
708 1866 802 1966 prius
824 1864 971 1940 solvatur
988 1866 1201 1962 coniugium,
1222 1881 1256 1940 et

132 1994 269 2054 maneat
291 1978 451 2079 innupta,
471 1995 505 2052 et
527 1979 579 2053 uir
596 1980 670 2054 eius
696 1979 827 2080 absque
845 2006 947 2053 uxore
965 1978 1068 2052 simili
1086 1979 1256 2077 poeniten·

132 2095 200 2170 tiae
224 2094 273 2168 sit
297 2093 468 2168 subditus.
497 2093 595 2180 Quod
621 2094 651 2168 si
676 2094 744 2169 duo
771 2095 890 2170 fratres
917 2121 993 2168 cum
1019 2120 1087 2167 una
1111 2093 1256 2168 foemina

132 2208 287 2285 fornicati
309 2208 451 2296 fuerint,
481 2209 670 2284 nescientes
694 2209 778 2283 alter
803 2210 940 2283 alterius
974 2208 1251 2295 fornicationem,

132 2324 246 2398 statim
265 2340 303 2397 ut
319 2324 533 2422 cognoverint
549 2323 773 2412 adulterium,
793 2326 852 2425 qui
871 2352 946 2399 eam
967 2325 1068 2398 habet
1091 2350 1250 2412 uxorem,

130 2437 292 2512 dimittam
312 2437 355 2511 Et
378 2437 435 2512 ille
451 2438 590 2537 quidem
608 2456 686 2537 post
703 2456 811 2512 actam
837 2439 1100 2540 poenitentiam,
1119 2442 1153 2512 ai
1168 2465 1254 2512 uuor

130 2551 288 2653 defunctu
311 2552 432 2650 fucrit,
461 2567 571 2651 potest
595 2550 690 2625 alteri
717 2554 860 2641 sociari3
889 2554 952 2625 illu
979 2554 1105 2625 uiuente
1130 2579 1252 2650 acquu-

132 2694 244 2768 guum.
276 2665 338 2740 llla
361 2693 441 2741 vero
466 2694 643 2766 numquam
659 2669 797 2740 ulterius
810 2671 930 2766 poterit
947 2670 983 2739 in
1001 2668 1186 2764 coniugium
1203 2692 1254 2739 ua-

130 2783 237 2867 cumi,
259 2798 293 2856 et
309 2782 379 2879 iugi
399 2781 626 2880 poenitentiae
644 2782 835 2870 submissa,
856 2782 900 2854 ad
916 2782 1042 2855 exitum
1058 2780 1146 2854 uitae
1163 2805 1255 2855 ccm-

131 2897 305 2971 munionis
325 2897 467 2995 gratiam
495 2897 660 2996 percipiat
680 2899 794 2992 (blf).
814 2927 831 2966 a

205 3011 264 3086 Sic
287 3011 388 3085 etiam
418 3012 506 3087 inter
530 3011 616 3087 baec
641 3036 940 3086 commemoramus
965 3036 1127 3085 canonem
1151 3011 1248 3084 XXV.

131 3127 270 3205 concilii
287 3127 483 3226 agathensis
500 3155 555 3202 an.
578 3130 661 3200 tot.
682 3127 857 3218 celebrati,
878 3128 937 3227 qui
956 3128 1003 3201 ita
1021 3126 1156 3202 statuit:
1180 3128 1253 3199 ulli

131 3268 213 3317 vero
243 3241 432 3329 seculares,
459 3241 519 3340 qui
543 3240 720 3340 coniugale
744 3242 949 3316 consortium
975 3241 1076 3341 culpa
1101 3241 1255 3340 graviore

131 3357 327 3444 dimittunt,
346 3355 400 3431 vel
425 3356 523 3430 etiam
546 3357 767 3444 dimiserunt;
787 3373 822 3431 et
842 3355 953 3431 nullas
971 3382 1092 3431 causas
1113 3356 1251 3431 discidii

132 3470 354 3574 probabiliter
370 3487 614 3572 proponentes,
636 3487 813 3571 propterea
830 3498 893 3545 sua
911 3472 1124 3546 matrimonia
1139 3471 1254 3546 dimit,

133 3602 228 3672 tunt,
249 3601 288 3659 ut
307 3601 365 3659 aut
388 3585 526 3674 illicita,
551 3603 609 3661 aut
631 3586 741 3661 aliena
759 3604 992 3688 praesumant;
1016 3588 1047 3661 si
1072 3604 1251 3687 antequam

132 3700 227 3802 apud
240 3701 418 3800 episcopos
431 3702 729 3800 comprovinciales
742 3701 878 3776 discidii
892 3727 1014 3776 causas
1036 3702 1200 3789 dixerint,
1220 3717 1255 3775 et

133 3815 233 3917 prius
254 3839 391 3903 uxores,
412 3842 515 3914 quam
533 3814 658 3890 iudicio
675 3815 891 3904 damnentur,
912 3816 1109 3904 abiecerint,
1130 3841 1150 3888 a
1167 3840 1255 3889 com·

133 3930 297 4005 munione
321 3931 485 4004 ecclesiae
508 3947 542 4005 et
562 3948 678 4006 sancto
700 3931 814 4032 populi
833 3948 946 4019 coctu,
975 3959 1036 4030 pro
1052 3958 1092 4005 eo
1109 3930 1199 4032 quod
1218 3929 1254 4000 fi-

131 4046 213 4121 dem
239 4059 272 4120 et
296 4045 452 4144 coniugia
477 4046 663 4133 maculant,
685 4046 906 4122 excludantur
925 4049 1062 4144 (246).»
1078 4048 1145 4120 Nec
1162 4044 1252 4118 enim

215 4249 284 4312 (tte)
299 4248 362 4300 laid.
374 4250 422 4302 ecl.
439 4258 509 4304 ttoc.

214 4331 282 4393 (tto)
299 4330 369 4394 Apud
392 4331 512 4382 lludnln.
532 4333 592 4383 loru¹
607 4334 640 4383 ll.
655 4333 784 4384 collect.
