2796 5064
262 367 399 425 nostru.
411 368 452 424 nr
468 368 567 424 sasso
584 367 676 424 amn.
693 372 756 425 ou.
773 371 886 425 innisa
900 374 994 426 mre.
1139 346 1206 425 att

160 486 201 564 ld
216 516 326 592 'porro
346 507 411 579 est,
436 490 526 592 quod
550 488 848 566 demonstrandum
869 491 934 566 hoe
960 492 995 565 iu
1021 489 1210 592 oapite'di-

109 604 211 679 tiuete
224 605 445 710 assumimus,
459 621 498 679 ut
509 605 720 680 vindicemus
734 632 895 683 canonem
907 606 977 680 vn.
991 633 1078 681 sess.
1093 608 1206 680 xxiv.

109 719 226 795 oueilii
252 720 436 795 tridentini.
456 723 495 793 lu
519 721 584 795 hae
611 746 711 822 porro
729 720 927 822 quaestione
953 748 1034 796 suae
1058 748 1127 796 uon
1148 722 1209 795 de-

109 850 173 910 uut
187 834 410 910 difficultates
426 835 635 924 enodandae,
656 853 693 911 ut
710 863 750 911 ex
771 837 816 911 iis
833 832 1024 911 traditionis
1041 836 1205 926 fontibus,

109 977 172 1026 uos
185 951 472 1039 enumeravimus,
487 953 670 1050 genuinum
689 979 826 1026 sensnm
844 952 1090 1026 traditionalem
1108 978 1209 1026 erua-

109 1091 176 1139 tus.
208 1066 296 1138 Nam
321 1065 539 1139 divortiorum
563 1067 693 1167 patroni
721 1066 807 1139 nihil
834 1066 1032 1140 intentatum
1058 1066 1203 1165 relique·

109 1196 181 1267 rut,
215 1196 254 1253 ut
286 1197 482 1278 argumenta
510 1207 552 1253 ex
585 1182 628 1255 iis
657 1181 760 1281 petita
792 1181 889 1255 nobis
915 1181 1103 1280 eriperent,
1131 1207 1209 1281 per·

109 1296 542 1396 sederentqueuuiversam
557 1297 769 1371 traditionem
783 1297 836 1370 sin
854 1297 966 1370 minus
984 1296 1057 1371 suis
1074 1296 1208 1396 placitis

109 1438 210 1500 tvere,
240 1412 359 1486 saltem
382 1413 520 1487 dubiam
544 1441 640 1503 esse,
661 1440 700 1488 ae
717 1440 778 1514 pro
795 1430 939 1513 utraque
957 1413 1122 1487 sententia
1143 1439 1208 1511 pn·

109 1553 199 1600 nare.
227 1527 350 1600 Verum
376 1553 443 1601 nou
467 1527 634 1628 estquod
663 1528 933 1602 adversariorum
958 1526 1205 1602 assertionibus

109 1641 376 1730 arterrefiamus,
396 1666 506 1744 neque
530 1644 728 1718 eruditionis
748 1645 824 1718 fuco
844 1668 1109 1742 permoveamur.
1129 1643 1206 1715 Sin-

109 1756 265 1831 ulaenim
276 1757 475 1832 documenta
487 1760 726 1859 expendentes,
738 1758 927 1833 videbimus
940 1759 1133 1832 universam
1147 1785 1208 1831 an·

109 1871 274 1973 quitatem
284 1873 503 1948 christianam
513 1875 770 1976 veritati,quam
781 1873 1201 1971 adstruimussuiiragari.

109 1986 254 2071 tuamvis
291 2012 370 2060 vero
409 1987 545 2086 longum
577 2001 679 2089 atque
703 1989 901 2089 impeditum
928 1989 993 2062 iter·
1016 1989 1106 2089 qnod
1136 2015 1209 2088 per·

109 2127 224 2175 urrere
245 2101 407 2177 debemus
431 2103 605 2192 videatur,
628 2105 711 2178 iliud
734 2121 843 2179 tamen
870 2104 913 2178 ab
932 2103 1010 2178 aliis
1028 2105 1094 2177 iam
1119 2128 1209 2178 eom-

109 2214 265 2292 danatnm
284 2219 507 2293 inveniemus.
521 2221 605 2293 Cum
625 2220 715 2293 enim
727 2220 894 2321 quaestio,
911 2245 1012 2321 quam
1023 2220 1202 2317 agitamus,

109 2333 230 2432 ntique
255 2332 321 2421 sit,
350 2335 458 2434 primo
487 2333 531 2408 ob
556 2335 752 2410 dissensum
776 2336 940 2410 eeclesiae
971 2332 1144 2409 orientalis
1173 2350 1208 2407 et

109 2447 312 2523 ecideutalis
330 2449 449 2523 saltem
475 2451 587 2551 quoad
613 2451 756 2549 praxim,
786 2476 875 2550 quae
899 2451 989 2551 apud
1021 2475 1159 2548 graecos
1185 2475 1207 2522 a

109 2589 181 2661 tngo
208 2579 358 2661 tempore
376 2565 471 2662 viget
486 2593 495 2653 ;
513 2565 635 2639 deiude
658 2592 737 2639 vero
766 2565 809 2639 ob
841 2566 1025 2640 doctrinam
1056 2564 1206 2663 pseudo·

109 2676 340 2753 atormatorum
366 2680 492 2753 saeculi
510 2681 593 2753 xvl.
620 2682 836 2767 factumest,
858 2697 896 2753 nt
909 2680 958 2754 ¹ab
988 2679 1130 2753 eruditis
1148 2703 1202 2751 ca-

109 2792 218 2867 roiieis
235 2794 319 2869 viris
337 2795 429 2869 haud
459 2796 581 2894 exiguo
606 2796 796 2871 seculorum
818 2814 925 2873 tractu
948 2812 1080 2897 patrum
1112 2793 1206 2867 testi-

109 2908 202 2984 touia
222 2934 284 3007 pro
305 2909 464 2985 alterutra
486 2913 650 2987 sententia
667 2912 785 2987 sedulo
809 2928 1032 3011 accuratoque
1048 2910 1205 2983 discussa

108 3041 224 3097 tarint.

153 3140 379 3230 Testimonia,
397 3169 486 3242 quae
504 3143 615 3217 favere
631 3144 788 3218 videntur
803 3143 948 3242 graecis,
968 3138 1129 3240 expendit
1144 3138 1206 3210 dr·

109 3254 202 3330 sdius
224 3259 297 3353 (1);
318 3285 406 3358 quae
429 3286 510 3333 vero
540 3259 671 3360 prolata
696 3277 776 3334 sunt
799 3257 1113 3359 aprotestentibus‚
1144 3280 1206 3327 no·
1286 3301 1287 3304 =

109 3370 237 3445 inatim
275 3400 355 3448 vero
384 3402 405 3448 a
435 3375 649 3463 Chemnitio,
680 3376 824 3450 examini
861 3374 1006 3449 subiecit
1030 3371 1204 3447 Bellarmi-

109 3512 148 3560 us
170 3490 237 3584 (2).
266 3489 384 3564 Postea
409 3518 488 3565 vero
517 3491 561 3565 de
582 3493 648 3566 hoo
671 3493 746 3591 ipso
767 3507 964 3591 argumento
989 3486 1204 3591 pertractavit

109 3603 330 3693 suaudotius,
346 3607 405 3706 qui
423 3633 619 3705 graeoorum
638 3608 837 3709 disciplinae
855 3608 965 3681 severe
981 3605 1115 3679 videtur
1135 3606 1200 3699 (3).

109 3720 261 3794 sacrior
285 3723 393 3796 evasit
422 3725 650 3797 controversia
675 3725 717 3798 de
742 3725 889 3822 genuina
914 3738 1047 3824 patrum
1075 3734 1198 3805 mente,

109 3859 204 3935 tquo
217 3860 283 3909 non
297 3838 397 3911 modo
413 3839 448 3912 in
468 3840 656 3928 Germania,
673 3867 788 3914 verum
811 3839 913 3914 otiam
936 3837 971 3908 in
986 3835 1101 3910 Galliis
1119 3835 1200 3908 etin

154 4071 191 4134 (n
207 4076 246 4125 lte
260 4076 402 4128 oonemdto
423 4076 548 4129 sectatos
560 4076 732 4130 occidentottr
747 4081 774 4127 rt
788 4075 927 4128 ortentotts
939 4074 982 4126 vn.
995 4076 1049 4125 vlt.
1059 4071 1103 4125 obt
1123 4072 1201 4121 turea

109 4162 137 4214 φ.
151 4153 196 4203 vl.
206 4166 286 4219 usqne
302 4154 334 4207 ed
350 4169 404 4221 erp.
418 4160 517 4209 xxxv.
536 4156 568 4209 de
586 4157 634 4210 hoe
653 4159 796 4224 argumento
808 4158 947 4222 pertractet.

158 4235 195 4299 (t)
211 4237 249 4287 De
266 4239 348 4288 matr.
366 4250 422 4302 sap.
445 4240 526 4288 xvtl.

162 4316 198 4378 (t)
213 4316 370 4382 ansteus
380 4317 414 4367 de
429 4315 458 4367 ta
468 4316 521 4378 sot.
537 4320 596 4369 tom.
608 4320 640 4369 V.
654 4318 696 4368 liv.
708 4320 750 4367 vl.
761 4317 801 4367 etr.
813 4320 836 4367 t.

164 4424 203 4478 ln
