2796 5064
328 370 391 427 nn.
406 370 455 428 ιιι.
472 373 558 427 secr.
575 374 598 425 ι.
615 374 656 426 nn
673 375 769 428 ιιιιι.
785 375 908 428 cucur.
924 373 1071 431 ιιιιιιιι.
1228 351 1251 429 l

148 494 253 567 minus
277 492 460 568 conformis
485 516 587 591 quam
613 491 656 565 ab
680 518 720 567 ea
746 518 883 593 pmrsus
911 493 1079 569 difformis
1109 494 1253 572 dicenda

145 610 204 696 sit;
225 637 269 682 an
293 635 335 683 aa
359 608 473 683 divino
499 608 571 682 iure
595 609 696 683 etiam
714 625 792 684 ante
812 609 1032 708 Evangelium
1055 612 1157 686 vetita
1181 613 1254 687 lue·

143 730 198 812 rit,
214 726 301 799 adeo
315 741 352 798 ut
365 725 438 799 siue
451 724 566 798 divina
577 723 829 823 dispensatione
841 726 1044 825 frequentari
1057 726 1146 801 licite
1159 755 1254 802 num-

140 868 238 940 quam
259 840 422 940 potuerit;
443 866 486 912 an
503 839 650 938 denique
668 839 702 911 in
728 839 802 937 lege
819 840 1021 937 Euangeliou
1046 842 1091 914 sit
1115 843 1251 916 omnino

139 956 283 1042 abolita,
312 955 397 1029 adeo
423 970 460 1026 ut
483 955 596 1028 unitas
622 955 752 1028 censeri
781 955 902 1028 debeat
932 956 1042 1054 prima
1076 958 1251 1031 christiani

141 1070 343 1143 matrimonii
369 1069 567 1170 proprietas.

209 1187 312 1272 Quod
339 1211 418 1259 vero
448 1201 578 1284 spectat
605 1185 648 1258 ad
673 1184 900 1284 polygamiam
932 1186 1178 1274 successivam,
1212 1212 1253 1262 ea

139 1302 294 1402 quamvis
329 1301 447 1375 unitati
480 1300 657 1373 christiani
688 1299 891 1373 matrimonii
925 1323 992 1373 non
1027 1301 1246 1391 adversetur,

138 1418 209 1492 eius
233 1434 349 1490 tamen
373 1416 568 1517 perfectioni
589 1417 701 1518 minus
722 1416 889 1513 congruit.
915 1415 1002 1489 Hinc
1028 1417 1171 1493 ecclesia
1198 1445 1253 1493 se-

139 1533 267 1606 cundas
291 1530 535 1631 ulterioresque
561 1531 696 1630 nuptias
730 1556 865 1630 semper
896 1531 1033 1631 quidem
1066 1532 1186 1607 habuit
1214 1551 1252 1608 ut

142 1647 268 1722 relidas
293 1662 396 1746 atque
425 1647 611 1744 legitimas,
637 1663 673 1718 at
694 1645 794 1718 simul
828 1671 908 1745 erga
939 1674 998 1720 eas
1033 1647 1250 1748 disciplinam

141 1764 214 1862 plus
231 1764 390 1836 minusve
408 1788 558 1836 severam
576 1761 748 1835 adhibuit:
769 1763 874 1836 nostri
892 1763 1006 1863 itaque
1023 1765 1173 1838 muneris
1187 1763 1251 1839 erit

142 1878 300 1951 ecclesiae
326 1876 391 1950 bac
417 1878 460 1950 de
487 1903 521 1949 re
549 1876 732 1950 doctrinam
762 1876 1045 1978 disciplinamque
1066 1878 1248 1954 illustrare.

210 1994 264 2066 lta
288 2017 388 2092 porro
413 1996 443 2065 si
463 2018 522 2091 pm
539 1992 669 2065 viribus
687 1978 943 2091 quaestiouibus
961 1994 1246 2082 satisfecerimus,

144 2135 225 2208 quas
243 2109 287 2182 de
304 2107 497 2208 polygamia
514 2106 716 2181 simultauea
732 2134 772 2180 ac
789 2109 983 2182 successiva
1006 2109 1246 2196 indicavimus,
1287 2173 1289 2175 .

142 2250 178 2297 eo
201 2225 279 2324 ipso
311 2224 422 2323 prima
452 2221 626 2296 christiani
659 2223 863 2296 matrimonii
894 2225 1102 2323 proprietas,
1129 2249 1250 2325 nempe

143 2341 268 2428 unitas,
298 2339 522 2413 illustrabitur
546 2355 580 2411 et
602 2337 841 2412 vindicabitur.

570 2538 734 2601 CAPUT
750 2541 785 2599 1.
824 2531 826 2535 ’

452 2701 492 2751 ns
517 2699 691 2751 renuamus
717 2701 924 2751 sinunrnmn.

555 2853 763 2909 ARTlCULUS
783 2855 804 2908 l.

150 3000 207 3064 Nou
226 3006 322 3064 solum
341 3004 492 3064 christiani
513 3003 690 3062 Matrimonii
708 3005 831 3080 unltatl,
846 3004 896 3064 sed
918 3006 971 3080 lpsl
993 3000 1171 3063 Matrimonii
1191 3021 1242 3063 no·

211 3104 297 3179 doni,
318 3108 446 3180 spectato
466 3103 553 3160 ettam
574 3101 636 3160 solo
657 3103 719 3161 lure
739 3109 872 3178 naturae,
892 3102 999 3162 directe
1018 3103 1173 3178 opponitur
1193 3119 1242 3179 pc·

212 3199 349 3277 lyandrla
367 3206 396 3258 et
416 3215 541 3259 uxorum
562 3201 740 3259 commuuio.

208 3372 270 3443 Vix
300 3370 380 3444 olim
406 3370 449 3443 de
474 3369 671 3471 polyandria
696 3396 716 3442 a
745 3370 906 3469 theologis
939 3369 1187 3444 disserebatur:
1213 3381 1247 3444 at

143 3485 336 3584 plerumque
354 3510 458 3584 penes
477 3510 593 3557 omnes
611 3483 659 3556 uti
680 3501 787 3558 ratum
806 3485 975 3583 fixumque
991 3482 1243 3573 assumebatur,

140 3624 211 3671 eam
225 3599 485 3672 abominandam
500 3599 741 3698 turpitudinem
756 3599 973 3699 praeseferre.
991 3596 1144 3670 Attamen
1157 3623 1246 3670 nunc

137 3717 288 3814 cogimur
301 3715 410 3813 ipsam
421 3714 545 3788 adoriri
557 3729 734 3814 postquam
747 3713 885 3813 pessimi
897 3712 1049 3786 homines
1060 3712 1244 3785 doctrinam

139 3829 179 3902 de
192 3828 393 3928 polyandria
405 3828 500 3902 foede
513 3829 719 3901 invexerunt.
736 3827 983 3901 Sensimeniani
999 3825 1246 3925 proclamarunt

137 3945 237 4018 veluti
256 3946 459 4046 principium
477 3941 724 4016 fundamentale
737 3947 995 4016 communitatem
1007 3942 1240 4042 foeminarum,
1284 4021 1287 4027 .

137 4087 175 4135 ac
191 4063 350 4160 foeminae
363 4062 665 4159 emancipationem,
680 4061 854 4159 [caminam
874 4059 1008 4131 liberam
1024 4060 1088 4154 (1).
1110 4057 1246 4132 Fourie*

206 4248 241 4310 (ι)
257 4250 296 4298 lta
311 4247 387 4298 Leuis
397 4249 472 4298 Blanc
488 4248 513 4296 in
526 4249 641 4298 Histctrc
657 4247 690 4298 dc
705 4245 753 4297 dlx
770 4259 827 4298 ons.
839 4246 908 4296 Paris
921 4250 989 4297 [stt.
1002 4247 1064 4296 tum.
1078 4245 1111 4295 ΙΙ.
1123 4256 1178 4306 pag.
1189 4249 1244 4294 tes.

137 4324 179 4376 nui
185 4326 284 4378 scribit:
292 4329 353 4378 ιω
360 4326 585 4380 saints-simoniam
594 4327 746 4378 cbrmtaient
756 4325 818 4377 daus
826 4325 849 4377 le
857 4324 936 4377 cteta
942 4326 1023 4376 tontes
1030 4323 1066 4374 las
1072 4320 1166 4372 rtetlles
1175 4320 1244 4372 benet
