2796 5064
258 392 568 446 muraenarum
585 385 814 446 rmnrmma.
832 392 977 448 rmorm.
989 397 1061 449 aar.
1074 399 1096 448 r.
1129 386 1134 393 '
1182 378 1251 448 3⁹9

125 511 222 586 illius
248 510 359 609 gentis
384 509 535 598 indoles,
556 537 643 611 quae
661 536 854 611 supremam
880 511 1088 612 imperialem
1109 512 1256 613 dignita·

126 646 195 702 tem
219 626 311 702 velut
336 651 432 700 sacro
457 625 604 725 quodam
628 624 720 700 cultu
746 627 1032 726 prosequebatur,
1066 629 1185 730 illique
1213 657 1254 707 ea

126 743 230 818 etiam
263 739 457 828 deferebat,
491 767 579 840 quae
611 741 696 814 iuris
732 740 895 816 ecclesiae
931 759 1030 831 sunt,
1075 745 1186 819 effecit
1218 762 1256 821 ut

127 859 241 958 graeci
267 857 507 930 assentationis
533 856 655 955 spiritu
686 855 777 930 ducti
803 858 975 954 coeperint
1004 861 1208 957 pedetentim
1234 890 1255 934 a

127 983 302 1084 pmmaevo
326 980 479 1055 instituto
511 979 720 1067 desciscere,
748 996 849 1081 atque
874 1008 914 1054 ex
939 985 1148 1084 praescripto
1173 987 1256 1059 civi-

129 1097 213 1172 lium
238 1095 351 1194 legum
378 1121 455 1167 sese
473 1121 589 1193 gerere
607 1096 641 1166 in
660 1095 724 1168 hcc
744 1097 941 1197 praesertim
960 1099 1113 1195 negotio,
1134 1100 1168 1171 in
1187 1128 1256 1201 quo

129 1212 333 1313 cupiditates
355 1237 511 1309 magnam
533 1211 616 1285 adeo
642 1212 707 1286 sibi
734 1228 861 1312 partem
879 1212 1064 1287 vindicant.
1087 1213 1137 1287 Ah
1156 1216 1253 1290 initio

131 1328 270 1429 quidem
284 1327 420 1416 timide,
441 1344 559 1427 postea
570 1353 650 1402 vero
663 1326 846 1415 audacius,
867 1354 944 1402 cum
962 1330 1168 1405 consuetudo
1186 1333 1254 1405 iam

131 1443 218 1518 altas
244 1442 376 1516 radices
401 1442 546 1540 egisset;
574 1442 681 1516 donec
706 1442 805 1540 longe
829 1443 963 1544 lateque
988 1445 1191 1534 obtinuerit,
1221 1463 1256 1521 et

131 1568 368 1668 quadantenus
388 1566 560 1667 pessimus
576 1593 650 1640 mos
668 1567 936 1667 praescripserit,
957 1568 1254 1646 dissimulantibus

131 1683 249 1784 prius,
284 1681 407 1759 deinde
430 1708 510 1758 vero
534 1681 755 1783 probantibus
782 1684 948 1785 supremis
974 1684 1067 1758 illius
1092 1685 1254 1762 ecclesiae

131 1795 339 1897 pastoribus.

208 1912 318 2010 Magis
343 1927 454 1986 autem
480 1937 522 1986 ac
546 1913 654 2010 magis
680 1912 808 1987 abusus
833 1914 998 1989 eiusmodi
1024 1916 1190 1990 increbuit
1213 1941 1254 1991 ex

132 2053 199 2130 quo
225 2053 295 2102 sec.
316 2028 402 2100 Vlll.
431 2028 614 2128 imperator
633 2029 874 2104 Constantinus
899 2031 1015 2104 Basilii
1042 2032 1133 2107 lilius
1156 2060 1256 2134 repu-

132 2144 225 2219 diata
251 2144 358 2217 llaria
381 2170 518 2218 armena
543 2143 693 2242 legitima
718 2172 839 2235 uxore,
861 2146 1066 2220 Theodotum
1084 2146 1257 2223 cubicula·

133 2259 217 2333 riam
243 2258 360 2346 dunit3
382 2258 475 2360 quod
501 2259 665 2333 nefarium
688 2260 841 2350 lacinus,
862 2261 941 2336 licet
958 2289 1075 2338 omnes
1093 2264 1254 2339 severiori

132 2377 336 2478 disciplinae
361 2378 533 2452 studentes
558 2377 824 2465 detestarentur,
850 2394 994 2451 attamen
1013 2405 1033 2451 a
1051 2404 1117 2453 non
1136 2380 1256 2478 paucis

132 2494 266 2594 ignaris
292 2493 460 2595 episcopis
486 2491 662 2593 probatum
688 2492 752 2565 luit
783 2495 871 2588 (lh).
901 2492 1010 2568 Huius
1044 2493 1256 2593 imperatoris

133 2609 338 2708 exemplum,
367 2626 403 2683 ut
427 2608 500 2683 lieri
525 2607 621 2696 solet,
646 2607 808 2707 plurimos
834 2605 954 2680 babuit
971 2606 1166 2683 imitatores.
1186 2610 1257 2684 hla-

133 2728 205 2802 iora
217 2725 368 2827 denique
380 2741 478 2799 nacta
496 2740 548 2798 est
567 2723 734 2797 eiusmodi
752 2722 960 2797 consuetudo
980 2749 1041 2798 seu
1066 2723 1256 2823 corruptela

134 2841 341 2916 incrementa
375 2854 451 2939 post
479 2837 667 2912 luctuosam
697 2836 846 2912 schisma
879 2837 989 2913 Photii
1022 2853 1056 2911 et
1079 2836 1255 2915 Michaelis

134 2955 347 3041 caerularii;
380 2980 421 3027 ex
452 2980 493 3028 eo
517 2952 608 3028 enim
640 2969 812 3053 tempore,
846 2952 997 3026 historici
1029 2979 1145 3028 omnes
1177 2979 1257 3027 con-

135 3098 242 3146 sensu
267 3069 419 3144 unanimi
444 3068 646 3171 exprobrant
672 3069 802 3167 graecis
832 3068 1050 3144 divortiorum
1075 3068 1256 3144 effraenem

135 3187 329 3274 licentiam,
357 3211 425 3260 non
450 3184 560 3261 solum
585 3185 620 3257 in
645 3210 729 3258 casu
753 3183 935 3273 adulterii,
959 3186 1194 3259 verumetiam
1212 3184 1256 3259 oh

135 3303 222 3379 alias
240 3303 341 3401 longe
357 3303 504 3377 minores
521 3326 642 3377 causas
660 3303 747 3399 (17).
771 3299 867 3386 Quod
886 3301 1023 3401 quidem
1041 3301 1167 3376 malum
1184 3301 1256 3377 dis·

213 3555 266 3619 (te)
281 3554 321 3605 ct.
338 3555 470 3605 Beroninrn
489 3552 521 3604 ad
542 3565 582 3604 sn.
598 3557 653 3604 795.
666 3565 692 3605 n.
707 3554 780 3603 xhtl.
795 3565 864 3617 seqq.
880 3565 938 3603 cunr
957 3551 1022 3603 notis
1042 3551 1126 3616 Pagii,
1138 3551 1182 3616 qui
1202 3564 1255 3603 rsnr

135 3637 214 3687 totum
227 3634 282 3686 tuse
301 3635 390 3696 refert,
402 3636 428 3686 et
447 3647 548 3697 magnas
567 3634 593 3683 in
613 3632 716 3683 ecclesia
735 3632 920 3696 constantinop.
938 3634 1036 3696 propter
1056 3632 1102 3682 hoc
1119 3631 1200 3682 scelus
1215 3645 1256 3682 ex·

134 3717 203 3767 ortes
223 3713 481 3766 commonentem
503 3711 535 3763 eh
553 3712 625 3763 initio
645 3711 735 3763 restitlt
754 3713 908 3763 constantini
926 3712 1018 3775 flagitio
1039 3725 1060 3763 s.
1076 3711 1146 3761 Plato
1172 3721 1256 3761 umna-

135 3794 213 3857 ehns,
225 3792 271 3858 qul
284 3794 330 3845 hae
348 3795 401 3859 lpse
414 3793 446 3845 de
465 3806 539 3845 eausa
558 3793 620 3842 trum
640 3793 666 3842 in
684 3805 711 3843 se
722 3791 856 3842 conctturtt
868 3792 1038 3856 imperatoris,
1051 3803 1187 3855 aqueum
1199 3803 1256 3841 earn

136 3871 267 3925 mondus
288 3873 340 3924 suis
361 3873 386 3923 ln
411 3885 533 3922 carcerem
552 3871 676 3922 coniectus
699 3884 728 3921 ac
749 3883 824 3934 prope
849 3869 977 3920 innumera
1003 3871 1049 3921 hac
1072 3868 1102 3920 de
1123 3882 1197 3919 cansa
1219 3869 1257 3919 est

138 3953 206 4005 male
224 3966 369 4018 perpessus,
381 3953 454 4017 prout
469 3952 543 4002 ratert
562 3951 704 4002 Theodorus
721 3951 817 4002 studita
838 3950 904 4015 apud
923 3950 1037 4001 eumdem
1055 3950 1187 4001 Buronlnnr
1205 3949 1255 4000 loc.

136 4034 180 4086 eit.
194 4034 236 4084 ed.
248 4035 309 4084 Luc.
324 4035 386 4084 tom.
399 4034 465 4084 xtu.

215 4113 268 4179 (17)
283 4113 380 4164 Eteutm
400 4114 495 4176 praeter
514 4112 644 4162 recensitas
664 4125 752 4162 causas
769 4124 826 4162 curn
837 4111 928 4162 damno
943 4110 1020 4174 pertls
1037 4122 1107 4173 rese,
1121 4109 1257 4162 netnure

133 4209 176 4262 op
193 4196 219 4246 et
240 4193 289 4245 loe.
304 4193 346 4244 eit.
363 4193 408 4244 hae
427 4196 477 4244 tres
498 4192 653 4242 recensentur
670 4191 701 4242 sd
722 4191 858 4243 divortium
877 4190 1031 4242 laciendum:

216 4281 242 4324 t.
259 4273 406 4337 tmpotentlu
423 4272 505 4323 mariti
526 4273 591 4322 intra
612 4270 805 4322 matrimonium.

218 4352 478 4416 nemptonum
499 4348 648 4402 monasticae
667 4350 768 4402 attenta
788 4349 929 4412 contngmn.
