2796 5064
271 390 1094 477 caatubasrusurma.crr.rnnrss.urra.mr.r.
1181 390 1253 463 rto

134 538 241 614 morit
257 537 302 611 ad
322 539 369 611 ita
394 564 431 610 se
456 535 652 634 gerendum,
679 551 751 623 est,
774 535 865 634 quod
892 535 965 633 ipse
990 532 1110 630 alleget
1128 548 1251 606 textum

134 654 316 741 llatthaei,
346 667 521 752 procerte
547 667 759 725 assumentes
790 650 960 724 Christum
995 650 1101 722 luisse
1128 648 1253 722 ibidem

133 768 175 842 de
200 767 305 870 plena
329 767 552 841 dissolutione
577 766 748 853 locutum,
778 766 869 864 quod
892 781 1003 837 tamen
1030 765 1115 837 falso
1140 764 1183 836 ab
1209 763 1253 865 iis

135 885 265 959 assumi
292 884 515 958 ostendimus.

206 1001 347 1072 Possem
361 999 428 1071 alia
441 998 592 1071 eiusdem
607 997 788 1071 Clementis
807 997 996 1070 testimonia
1014 1024 1149 1094 urgere,
1166 1022 1254 1095 quae

135 1115 169 1186 in
193 1115 287 1186 idem
310 1114 527 1212 conspirant,
553 1140 667 1187 verum
695 1111 750 1186 his
776 1113 1042 1212 praetermissiS,
1064 1113 1147 1185 satis
1168 1111 1253 1184 mihi

134 1230 213 1316 erit,
232 1256 375 1328 eaquae
393 1229 428 1300 in
448 1229 647 1329 insequente
666 1229 724 1301 lib.
739 1230 798 1300 lll.
816 1231 970 1302 Stromat.
989 1255 1064 1327 cap.
1082 1229 1135 1300 Vl.
1153 1225 1255 1300 habet

135 1343 167 1416 in
193 1344 346 1416 medium
372 1343 513 1431 assume,
543 1343 599 1416 ubi
627 1343 756 1417 scilicet
780 1342 917 1417 scribit:
933 1344 1024 1416 «flio
1045 1343 1120 1440 ipse
1139 1342 1255 1415 Domi-

136 1486 198 1533 nus
224 1458 330 1532 dicit:
361 1458 456 1546 Quod
481 1460 569 1531 Deus
590 1461 762 1532 coniunxit
786 1460 876 1531 bomo
902 1485 966 1530 non
989 1456 1254 1557 separet...lllud

137 1590 267 1648 autem:
290 1573 366 1648 Non
391 1599 498 1647 omnes
523 1577 658 1673 capiunt
684 1575 817 1646 corbum
839 1574 917 1659 boc;
939 1588 969 1644 et
994 1587 1070 1645 sont
1094 1573 1250 1656 eunuchi,

136 1692 193 1789 qui
219 1692 270 1762 sic
299 1691 374 1762 noti
395 1703 472 1762 aunt
485 1717 498 1775 ,·
525 1703 555 1761 et
579 1703 655 1762 sunt
680 1689 837 1773 eunuchi,
867 1690 927 1786 qui
950 1689 1089 1760 castrati
1111 1688 1254 1759 suntab

137 1805 341 1878 hominibus:
354 1820 384 1877 et
396 1819 473 1878 astet
485 1806 641 1889 eunuchi,
659 1806 719 1904 qui
729 1831 761 1876 se
779 1806 866 1902 absos
884 1818 1108 1876 castraverunt
1120 1818 1255 1902 propter

134 1947 271 2020 requam
293 1921 463 1993 coelorum.
486 1919 554 2006 Qui
571 1935 677 2018 potest
698 1946 810 2018 capere
835 1921 963 2017 capiat:
992 1919 1145 1991 nesciunt
1162 1919 1252 2017 quod

135 2054 317 2137 postquam
344 2036 387 2109 de
413 2035 554 2110 divortio
580 2050 672 2108 esset
698 2034 844 2119 locutus,
873 2061 948 2138 cum
975 2034 1112 2132 quidam
1138 2060 1256 2132 rogas-

134 2168 230 2239 sent,
261 2150 291 2222 si
318 2151 368 2223 sic
387 2150 432 2223 sit
449 2177 553 2224 causa
573 2149 704 2236 uxoris,
726 2175 791 2222 non
809 2148 945 2248 expedit
965 2149 1093 2222 homini
1116 2175 1254 2222 uxorem

133 2265 280 2353 ducere,
304 2282 383 2339 tunc
409 2265 494 2338 dixit
518 2265 703 2339 Dominus:
732 2264 807 2338 Non
832 2290 938 2336 ornnes
963 2267 1098 2363 capiunt
1122 2265 1255 2336 verbum

133 2380 209 2466 loc,
238 2380 298 2454 sed
322 2382 440 2479 quibus
465 2380 578 2453 dutum
602 2396 661 2453 eat.
679 2382 750 2454 Hoc
771 2397 882 2453 autem
908 2380 967 2479 qui
995 2379 1176 2477 rogabant,
1196 2405 1256 2453 vo-

132 2495 249 2570 lebant
274 2524 315 2570 ex
341 2524 382 2571 eo
407 2498 514 2585 scire,
543 2524 586 2570 an
612 2524 715 2572 uxore
741 2498 899 2571 damnata
923 2514 956 2570 et
981 2496 1087 2571 eiecta
1121 2512 1256 2596 propter

131 2612 404 2701 fornicationem,
433 2614 595 2688 concedat
619 2615 720 2687 aliam
745 2614 879 2686 ducere.
897 2612 999 2684 diunt
1018 2629 1128 2686 autem
1147 2612 1255 2686 athle-

132 2743 183 2803 tas
210 2755 350 2829 quoque
374 2756 441 2803 non
470 2755 595 2828 paucos
618 2729 787 2802 abstinere
804 2756 824 2802 a
841 2755 983 2815 venere,
1006 2745 1142 2827 propter
1161 2755 1256 2801 exer-

132 2843 326 2917 citationem
351 2844 501 2944 corporis
522 2844 744 2918 continentes.
762 2843 875 2930 Quare
891 2868 952 2916 nec
969 2842 1108 2917 castitas
1126 2861 1179 2916 est
1195 2843 1256 2917 bo-

133 2982 215 3030 num
228 2958 470 3046 etexvirtute,
487 2958 554 3032 nisi
576 2959 635 3033 fiat
655 2975 790 3059 propter
810 2959 1021 3032 dilectionem
1044 2958 1078 3030 in
1098 2959 1251 3032 Deum...

132 3072 227 3146 ldem
253 3093 365 3146 autem
395 3074 593 3175 (apostolus
614 3075 763 3170 Paulus)
793 3074 851 3147 illa
876 3100 1012 3175 quoque
1039 3074 1173 3147 scribit:
1198 3074 1255 3146 tt

134 3188 259 3286 lt'qatrrs
277 3214 312 3261 es
331 3190 449 3274 auom,
466 3216 504 3262 ne
518 3216 657 3288 quaeras
672 3191 875 3263 solutionem.
892 3188 1025 3261 Solutus
1037 3216 1070 3262 ea
1083 3190 1124 3262 ab
1136 3217 1250 3273 acore,

131 3330 170 3376 rte
195 3329 338 3402 quaeras
360 3331 495 3376 umorem
512 3307 627 3399 (45).»

206 3418 548 3493 Animadvertendum
584 3447 684 3519 porro
710 3437 779 3507 est,
810 3421 1013 3494 Clementem
1041 3420 1117 3495 heic
1149 3438 1253 3496 totum

132 3561 209 3609 esse
233 3534 269 3606 in
296 3535 500 3609 vindicanda
526 3537 717 3634 nuptiarum
746 3535 921 3610 honestate
946 3554 979 3610 et
1004 3538 1180 3611 sanctitate
1198 3538 1256 3611 ad-

133 3677 254 3724 versus
274 3649 460 3723 haereticos
479 3649 570 3723 illius
587 3652 705 3724 aetatis
724 3651 799 3723 illas
820 3653 868 3724 uti
890 3667 1003 3751 turpes
1022 3651 1251 3738 traducentes,

133 3793 200 3840 nou
228 3765 306 3838 ideo
331 3781 507 3866 propterea
537 3766 666 3840 dixisse
692 3767 862 3840 Christum
897 3767 1178 3840 sciscitantibus:
1212 3795 1256 3840 on

134 3909 236 3956 uxore
249 3881 408 3954 &mnata
420 3897 451 3954 et
463 3886 563 3955 eiecta
576 3899 711 3981 propter
729 3885 976 3982 fornicationem
988 3883 1140 3957 concedat
1153 3885 1256 3955 aliem

135 3997 266 4081 ducere,
295 3996 331 4068 id
357 3997 560 4084 concedere3
596 3998 657 4071 sed
683 3999 793 4099 potius
820 3999 941 4070 exinde
967 3998 1127 4071 laudandi
1152 3999 1255 4072 vitam

132 4114 359 4188 continentem
377 4114 589 4186 occasionem
609 4115 727 4197 sumit,
754 4114 958 4187 contrarium
980 4116 1116 4187 omnino
1135 4139 1256 4213 suppo-

137 4254 237 4315 nem,
269 4245 303 4301 et
326 4227 391 4301 hac
416 4228 460 4302 de
484 4255 588 4302 causa
613 4228 751 4302 adducit
782 4228 907 4302 Christi
934 4229 1131 4303 oraculum:
1162 4229 1257 4314 Quod

206 4381 259 4443 (44)
278 4377 323 4430 Ed.
338 4378 382 4430 eit.
392 4376 447 4444 Μ’.
461 4382 515 4431 444.
531 4382 584 4431 447.
597 4379 622 4431 et
635 4379 850 4448 taedoxoniens.
864 4382 924 4431 tom.
937 4382 958 4431 1.
968 4393 1024 4447 pag.
1038 4384 1092 4432 544.
