2796 5064
141 348 209 419 122
277 369 508 420 1111111111,
526 370 656 420 alitus.
673 370 712 419 lt!
730 370 842 420 mulsa.
859 371 954 421 utili.
971 371 1092 422 cumei.

140 489 204 563 bns
229 487 453 562 Tertullianus
479 488 636 586 scripsit:
656 488 749 560 «Ubi
769 505 821 561 est
839 487 897 560 illa
920 488 1060 561 felicitas
1082 491 1252 564 matrimo

140 605 272 678 nicrum
285 603 327 676 de
339 602 489 676 moribus
507 603 623 701 utique
641 622 852 702 prosperata,
870 628 937 701 qua
951 629 1129 703 perannos
1148 605 1252 678 ferme

141 735 314 793 sexcentos
333 718 376 790 ab
392 718 479 791 Urbe
490 718 626 791 condita
644 718 735 790 nulla
755 718 932 816 repudium
950 720 1070 792 domus
1089 720 1253 820 scripsit?

142 837 237 908 Nunc
261 835 295 907 in
321 834 476 908 foeminis
502 859 581 932 prae
606 859 688 906 auro
714 831 842 905 nullum
869 832 940 906 leve
964 850 1015 905 est
1041 835 1248 921 membrum;

141 976 221 1051 prae
245 950 323 1023 vino
347 949 477 1022 nullum
503 948 644 1021 liberum
670 964 722 1021 est
747 948 918 1020 osculum:
947 949 1124 1047 repudium
1149 978 1249 1035 vero,

142 1066 208 1138 iam
232 1080 265 1138 et
288 1082 400 1139 votnm
426 1081 505 1151 est,
534 1065 633 1164 quasi
659 1064 862 1137 matrimonii
888 1065 1013 1138 fructus
1043 1067 1158 1161 (28).u
1182 1068 1253 1139 lmo

141 1207 220 1254 vero
245 1206 299 1253 res
322 1201 363 1253 eo
387 1180 583 1266 devenerat,
603 1179 653 1277 ut]
665 1179 791 1257 Seneca
818 1178 963 1251 scribere
988 1205 1053 1252 non
1079 1179 1253 1254 dubitare

143 1296 201 1369 rit:
226 1296 430 1395 «Numquid
456 1295 523 1367 iam
548 1294 618 1367 ulla
644 1294 783 1393 repudio
806 1294 992 1381 erubescit,
1023 1313 1248 1395 postquam...

142 1427 208 1484 tres
230 1411 395 1511 quaedam
413 1437 453 1485 ac
470 1410 600 1485 nobiles
626 1410 806 1496 foeminae,
824 1436 889 1483 non
902 1411 1077 1484 consulum
1096 1437 1249 1495 numero,

142 1526 201 1600 sed
228 1528 421 1601 maritorum
444 1553 552 1601 annos
577 1553 657 1600 suos
682 1524 903 1624 computant?
926 1527 967 1598 Et
990 1542 1112 1600 exeunt
1137 1528 1253 1600 matri-

142 1645 244 1717 monii
272 1670 394 1730 causa,
423 1643 554 1716 nubunt
577 1642 736 1741 repudii?
762 1641 904 1714 Tamdiu
934 1640 1023 1714 istud
1049 1643 1249 1730 timebatur,

129 1761 306 1859 quamdiu
330 1786 443 1834 rarum
466 1775 558 1845 erat,
585 1761 665 1858 quia
690 1784 769 1832 vcro
794 1758 886 1831 nulla
911 1759 985 1832 sina
1009 1758 1153 1831 divortio
1179 1777 1253 1833 acta

143 1893 239 1962 sunt,
268 1876 358 1975 quod
384 1901 486 1972 saepe
510 1873 712 1960 audiebant,
740 1875 849 1946 facere
873 1874 1062 1946 didicemnt
1084 1870 1202 1969 (29),»
1217 1892 1254 1947 nt

143 1990 210 2065 alia
235 2006 440 2089 praeteream
465 1989 684 2075 documenta,
705 2015 794 2087 quaa
810 1989 907 2063 facile
932 1991 1066 2086 congeri
1093 2009 1248 2088 possent,

143 2108 447 2182 adestendendum
465 2113 498 2182 in
518 2128 677 2211 quantam
700 2138 829 2185 morum
851 2111 1094 2208 corruptionem
1116 2134 1252 2183 romana

143 2223 332 2322 respublica
364 2226 541 2301 cecidisset
569 2231 656 2323 (30).
687 2229 866 2327 Praecipua
897 2226 982 2299 haec
1011 2250 1114 2298 causa
1146 2226 1254 2299 extitit

143 2340 260 2414 ruinae
284 2357 317 2414 et
339 2365 439 2417 oasus
466 2357 576 2416 tantae
602 2343 815 2443 reipublicae.
847 2343 883 2413 ld
911 2343 1020 2439 ipsum
1052 2341 1194 2438 contigit
1218 2343 1252 2412 in

145 2452 281 2544 Galliis,
302 2483 406 2557 quum
425 2458 489 2531 sub
507 2459 605 2531 finem
632 2459 735 2531 saculi
761 2458 865 2557 elapsi
889 2457 953 2529 sub
971 2456 1139 2530 ludovico
1158 2482 1254 2554 prae-

215 2715 264 2778 (ts)
281 2715 411 2779 Apolnpet.
424 2728 476 2779 rap.
488 2714 579 2767 v1.e‹i.
589 2716 676 2778 Rigalt.

215 2796 666 2860 811111111111111111111111.
678 2811 702 2845 n.
715 2802 738 2847 t.
750 2798 784 2847 ita
793 2797 890 2848 scribit:
903 2817 914 2839 a
928 2796 1063 2860 Repudium
1077 2797 1141 2847 inter
1152 2809 1253 2847 uxorem

144 2880 168 2927 el
179 2877 259 2927 virum
270 2891 285 2926 1
298 2878 397 2927 condite
407 2878 473 2928 Urbe
487 2891 564 2941 usque
578 2879 608 2928 ad
623 2879 766 2928 vicesimum
777 2881 801 2928 11
814 2879 1035 2942 quingentesimum
1049 2889 1142 2926 annum
1159 2877 1253 2927 nullum

144 2956 286 3007 intercessit.
305 2959 403 3007 Primus
419 2959 500 3008 utitem
520 2959 562 3021 Sp.
580 2958 703 3008 carvilius
720 2971 820 3008 uxorem
840 2958 976 3008 sterilitatis
996 2970 1069 3007 carisa
1088 2956 1192 3007 dimisit.
1208 2959 1253 3015 Qui

145 3050 294 3099 quiamqnam
305 3037 426 3087 tolerabili
441 3037 534 3088 ratione
546 3042 626 3088 motus
640 3038 781 3099 videbatur,
796 3038 979 3100 reprehensione
997 3041 1078 3087 tamen
1093 3050 1142 3085 non
1160 3038 1252 3098 caruil,

143 3117 203 3179 qnia
218 3130 263 3168 nec
281 3117 439 3181 cupiditatem
459 3118 560 3180 quidem
579 3118 712 3168 liberorum
731 3119 866 3181 coniugalis
882 3119 938 3168 lidei
954 3117 1070 3181 praeponi
1086 3117 1203 3168 debuisse
1217 3133 1251 3168 ar·

144 3197 420 3248 bitrabanturmltadem
432 3197 560 3246 confirmat
570 3200 599 3248 Α.
611 3198 705 3248 Gellius
721 3198 763 3248 lib.
777 3201 818 3248 lv.
831 3212 852 3248 c.
867 3206 889 3248 3.
900 3199 925 3248 Si
940 3197 1046 3261 excipias
1060 3210 1152 3260 paucos
1164 3209 1251 3258 annom

146 3277 204 3326 item
223 3277 321 3326 serviam
336 3276 423 3340 sulpit.
437 3277 536 3339 aliique.
548 3278 586 3327 (if.
596 3279 677 3328 valer.
692 3279 792 3328 llaaim.
804 3291 860 3327 cum
873 3279 937 3327 notis
951 3277 1074 3326 rariorum
1085 3275 1200 3340 lugdun.
1213 3278 1252 3326 lia·

144 3358 194 3403 tar.
211 3361 277 3404 11611.

217 3434 265 3493 (19)
284 3436 319 3482 De
335 3433 477 3495 beneficiis,
492 3435 535 3484 lib.
547 3437 620 3483 illc.
634 3444 668 3485 itt.
682 3436 720 3484 cd.
735 3437 837 3485 lllorelif.
853 3436 930 3486 l‘eris.
946 3445 1011 3487 1613,

219 3513 268 3572 (so)
285 3516 347 3562 llota
357 3517 393 3563 est
404 3525 506 3564 masura
519 3515 652 3577 luvenalis,
661 3517 738 3579 satyr.
750 3518 791 3565 Vl.
803 3528 828 3563 r.
846 3521 886 3566 111
903 3529 971 3579 seqq,

352 3597 423 3643 ocur
442 3594 563 3645 desiderio
573 3595 674 3645 Bibulae
692 3597 814 3646 Sertorius
832 3581 912 3646 ardel?

378 3675 404 3724 Si
419 3688 504 3725 verum
519 3677 641 3738 excutias,
655 3677 745 3739 facies,
759 3690 807 3726 non
822 3690 883 3727 uxor
894 3678 999 3726 amatur.

372 3756 432 3803 Tres
445 3767 519 3815 nugae
535 3754 653 3817 subeant,
665 3758 690 3805 ct
702 3768 728 3805 se
742 3755 806 3805 cutis
821 3754 889 3804 arida
905 3755 985 3815 laxet,

373 3833 444 3883 Fiant
458 3833 555 3884 obscuri
572 3833 657 3884 dmtes
672 3835 786 3897 oculique
804 3836 928 3895 minorcs;

374 3912 469 3975 Collige
483 3914 637 3975 sarcinulam·
647 3914 712 3964 dicet
727 3913 842 3975 libertus,
859 3914 953 3962 alexi:

374 3994 425 4042 lam
437 3994 519 4055 gravis
530 4006 556 4042 es
568 3993 639 4044 nobis
651 3996 675 4043 et
684 4006 755 4057 saepe
766 3994 915 4056 emungeris,
933 3993 971 4042 axi

371 4072 447 4122 ocius
462 4075 486 4122 et
498 4085 612 4136 propera:
630 4074 695 4123 sicco
708 4073 775 4122 senil
792 4074 868 4122 altera
883 4085 968 4122 naso.»

149 4154 189 4203 al.
204 4153 342 4203 11111111
357 4153 477 4204 eiusmodi
490 4154 522 4202 cl.
534 4153 599 4217 apud
608 4153 748 4203 Puiendcrl.
761 4154 808 4203 loc.
817 4154 859 4203 cit.
871 4155 984 4203 cetemm
994 4156 1023 4203 ut
1034 4155 1116 4217 pateat
1131 4163 1252 4219 numaque

149 4234 274 4284 devenerit
287 4237 378 4284 Romae
396 4234 520 4297 cormptio
532 4247 561 4284 ea
578 4246 629 4296 quo
644 4233 750 4283 divortia
764 4233 934 4291 obtinuerunt,
950 4234 981 4282 cl.
994 4234 1110 4284 Annales
1124 4235 1158 4285 de
1172 4233 1250 4285 Phile

146 4312 217 4374 sopit.
231 4313 583 4375 1111·111111,,11111.11111111.
597 4319 626 4362 311
637 4326 704 4374 seqq.
718 4311 756 4359 erl.
772 4319 793 4361 1..
