2796 5064
155 399 538 453 ctr.v1.·o1tmss.mn.
553 399 642 464 mn,
654 401 718 452 nou
733 400 895 454 consona.
906 403 979 455 aar.
989 402 1033 457 tv.
1089 383 1157 455 mo

36 517 227 604 oernenda,
256 541 343 618 quaa
360 515 419 590 ad
448 514 611 591 ecclesiae
640 543 723 592 suae
752 516 879 592 bonum
909 547 950 594 ao
981 520 1162 607 utilitatem

37 634 188 720 iaciunt,
215 657 284 714 non
307 657 409 733 posse
434 631 538 710 huius
565 635 741 733 potcstatis
766 635 953 712 subiectum
979 664 1020 712 ea
1043 639 1093 711 uti
1115 640 1158 712 ad

36 776 80 824 ea
104 748 329 834 moderanda,
358 774 445 848 quae
470 746 632 822 divinitus
662 749 843 824 constituta
864 767 955 825 sunt.
977 753 1159 852 Receptum

37 883 92 943 est
116 864 467 964 principium-quod·
484 865 544 964 qui
571 890 630 964 per
654 864 757 955 alium
785 866 866 940 lacit
890 894 949 968 per
979 895 1017 942 se
1044 870 1161 972 ipsum

38 980 151 1055 lacere
178 994 348 1054 censetur.
378 979 465 1051 Dum
496 978 598 1075 igitur
629 977 772 1053 ecclesia
801 980 937 1054 nomino
966 981 1091 1056 Christi
1126 999 1160 1057 et

36 1094 273 1196 potestate-'ab
298 1121 338 1169 oo
362 1109 500 1194 accepta
526 1093 655 1195 aliquid
685 1095 875 1184 constituit,
904 1096 978 1196 ipse
1001 1096 1157 1173 Christus

37 1213 72 1285 id
97 1209 303 1287 constituere
334 1210 525 1284 censendus
557 1227 621 1286 est.
643 1212 752 1286 Tertio
780 1212 929 1312 denique
958 1209 1015 1286 hic
1044 1231 1159 1288 auctor

38 1353 99 1427 pro
125 1341 216 1400 certo
241 1325 400 1412 assumit,
430 1325 520 1425 quod
552 1340 662 1399 tamen
693 1324 736 1399 ab
764 1325 842 1399 aliis
870 1326 944 1398 iure
972 1326 1158 1428 meritoque

37 1457 201 1540 negatur,
230 1439 392 1513 nimirum
411 1438 527 1516 divina
552 1440 762 1517 institutione
779 1440 1029 1516 matrimonium
1048 1457 1155 1517 ratum

34 1580 114 1632 esso
132 1581 268 1657 prorsus
287 1554 490 1638 insolubile„
507 1556 671 1642 Quocirca
693 1572 927 1658 praeterquam
951 1557 1043 1657 quod
1066 1558 1157 1635 eius·

35 1671 143 1750 modi
159 1687 392 1770 argumentum
423 1671 545 1746 falsum
574 1689 608 1747 et
636 1671 801 1747 absonum
831 1689 906 1760 est,
936 1672 1162 1773 sophisticum

33 1787 239 1862 etiamosso
263 1785 540 1887 deprehenditur.

112 1901 210 1988 Quod
227 1919 347 2002 quarto
365 1901 439 1977 loco
456 1904 655 2003 proponitur
673 1904 716 1977 de
733 1902 1016 1990 eademessentia
1033 1904 1156 1978 utrius-

33 2041 105 2116 que
130 2015 278 2114 coniugii
304 2034 373 2090 tum
398 2017 460 2091 rati
488 2033 557 2091 tum
575 2017 813 2107 consummati,
835 2017 959 2118 quibus
978 2035 1154 2120 propteroa

33 2131 155 2205 eadem
180 2131 336 2214 convenit
359 2131 528 2220 delinitio,
555 2133 769 2206 verissimum
795 2149 863 2220 est,
891 2132 1074 2208 dummodo
1104 2149 1154 2208 ta-

33 2272 113 2321 men
139 2245 336 2321 admittatur
359 2247 515 2322 diversus
540 2248 626 2321 inter
650 2264 831 2349 utrumque
859 2249 997 2346 gradus.
1018 2248 1155 2349 Exque

33 2360 163 2457 gradus
187 2359 382 2435 diversitate
406 2361 500 2436 iuxta
523 2362 689 2462 quosdam
715 2362 888 2460 theologos
917 2363 1150 2463 consequitur,

33 2491 74 2548 ut
97 2474 239 2549 alterum
261 2476 306 2550 sit
332 2475 582 2563 indissolubile,
616 2476 756 2551 alterum
780 2503 859 2550 vero
891 2504 950 2576 per
970 2476 1152 2575 legitimam

33 2590 267 2664 auctoritatem
285 2591 371 2666 solvi
390 2592 508 2692 possit.
531 2591 621 2665 llaec
638 2618 737 2692 porro
756 2591 936 2666 diuersitas
958 2592 994 2663 in
1010 2618 1051 2665 co
1072 2617 1153 2665 con-

33 2705 148 2793 sistit,
180 2706 272 2806 quod
302 2707 549 2780 matrimonium
581 2724 688 2780 ratum
721 2705 855 2780 differat
888 2733 908 2780 a
938 2707 1150 2781 matrimonio

32 2837 280 2907 consummato,
298 2837 336 2895 ut
353 2819 455 2894 iidem
480 2819 625 2918 theologi
648 2820 846 2920 loquuntur,
864 2822 953 2895 sicut
969 2820 1151 2920 perlectum

33 2935 150 3008 diflert
174 2936 217 3009 ab
243 2937 456 3035 impcrleot0;
478 2937 512 3009 in
538 2936 595 3008 illo
620 2937 710 3010 enim
736 2936 833 3011 deest
849 2962 928 3036 pars
954 2934 1149 3032 integralis,

32 3076 106 3150 qua
130 3050 301 3150 perficitur
324 3049 535 3148 coniugium
557 3050 641 3125 haec
665 3066 777 3124 autom
805 3050 977 3148 integritas
1010 3049 1152 3123 habetur

33 3167 70 3240 in
96 3166 308 3241 matrimonio
325 3181 566 3241 consummato.
587 3166 675 3240 Hinc
692 3165 735 3240 ad
753 3191 831 3239 aum
848 3164 985 3240 modum
1004 3189 1072 3266 quo
1093 3190 1151 3257 ea-

34 3283 114 3355 dem
140 3283 296 3361 convenit
319 3281 471 3356 definitio
495 3281 625 3356 homini
651 3281 781 3379 integro
806 3296 908 3381 atque
924 3280 1088 3381 perlecto,
1110 3303 1152 3354 ao

32 3397 165 3471 homini
178 3399 232 3471 cui
247 3424 327 3498 pars
340 3396 511 3496 integralis
529 3396 643 3497 aliqua
660 3395 773 3484 deest,
795 3413 909 3497 utpote
926 3421 1038 3486 caeco,
1054 3422 1151 3470 man·

31 3539 93 3598 co,
122 3511 259 3602 claudo,
288 3514 392 3588 surdo
421 3531 502 3599 etc.;
518 3538 580 3586 nec
606 3529 803 3586 tamennon
830 3529 938 3611 potest
964 3513 1064 3587 horno
1085 3511 1151 3591 hac

33 3626 166 3702 ratione
186 3629 401 3729 imperfectus
428 3630 545 3704 eadem
571 3644 757 3731 praestare,
786 3653 875 3727 quae
904 3644 1021 3728 posset
1050 3627 1150 3700 homo

32 3745 164 3842 integer
188 3760 289 3845 atque
314 3744 498 3845 perlectus,
526 3745 576 3818 sic
601 3742 850 3818 matrimonium
879 3757 1150 3817 consummatum

31 3859 69 3932 id
95 3859 198 3932 habet
220 3876 258 3933 ut
277 3861 322 3932 sit
338 3858 531 3934 omnimode
554 3858 735 3936 insolubile
750 3858 831 3932 dum
850 3874 959 3932 ratum
978 3855 1150 3930 matrimo-

32 3973 128 4046 nium
155 3988 266 4047 manet
283 3972 438 4047 solubile.
460 3974 531 4046 Hoc
555 3991 666 4047 autem
691 3973 872 4047 discrimen
899 3971 1040 4046 vocibus
1061 3969 1150 4070 ipsis

31 4089 247 4186 designatur,
264 4089 389 4188 quibus
407 4089 665 4162 denominantur
681 4103 935 4162 consummatum
952 4102 983 4159 et
998 4113 1062 4158 ooo
1075 4112 1150 4158 coo·
1176 4185 1178 4189 Ι

29 4219 241 4278 summotum.
263 4204 352 4290 Quid
377 4205 467 4276 enim
493 4203 585 4277 aliud
608 4205 775 4302 significat
791 4217 1058 4306 consummatum
1082 4200 1149 4274 nisi

27 4321 230 4419 perfectum,
250 4336 285 4395 et
298 4319 687 4410 inconsummatumsiuo
699 4335 807 4394 ratum
822 4316 887 4411 nisi
902 4317 1149 4418 imperfectum?
1176 4315 1188 4330 ’

1029 4431 1050 4475 s
