<?xml version="1.0" encoding="UTF-8"?>
<!DOCTYPE html PUBLIC "-//W3C//DTD XHTML 1.0 Transitional//EN"
    "http://www.w3.org/TR/xhtml1/DTD/xhtml1-transitional.dtd">
<html xmlns="http://www.w3.org/1999/xhtml" xml:lang="en" lang="en">
 <head>
  <title>
</title>
<meta http-equiv="Content-Type" content="text/html;charset=utf-8" />
  <meta name='ocr-system' content='tesseract 3.04.00' />
  <meta name='ocr-capabilities' content='ocr_page ocr_carea ocr_par ocr_line ocrx_word'/>
</head>
<body>
  <div class='ocr_page' id='page_1' title='image "./dematrimoniochr01perrgoog_0194.png"; bbox 0 0 2796 5064; ppageno 0'>
   <div class='ocr_carea' id='block_1_1' title="bbox 238 330 1230 421">
    <p class='ocr_par' dir='ltr' id='par_1_1' title="bbox 238 330 1230 421">
     <span class='ocr_line' id='line_1_1' title="bbox 238 330 1230 421; baseline -0.002 -1"><span class='ocrx_word' id='word_1_1' title='bbox 238 368 309 420; x_wconf 81' lang='grc' dir='ltr'>ιιι.</span> <span class='ocrx_word' id='word_1_2' title='bbox 325 368 361 421; x_wconf 89' lang='grc' dir='ltr'>ιι.</span> <span class='ocrx_word' id='word_1_3' title='bbox 379 368 660 420; x_wconf 73' lang='lat' dir='ltr'>pannosarum.</span> <span class='ocrx_word' id='word_1_4' title='bbox 679 368 712 418; x_wconf 86' lang='grc' dir='ltr'>ιιι</span> <span class='ocrx_word' id='word_1_5' title='bbox 732 366 821 418; x_wconf 76' lang='lat' dir='ltr'>crus.</span> <span class='ocrx_word' id='word_1_6' title='bbox 839 363 1086 418; x_wconf 66' lang='lat' dir='ltr'>lausannen.</span> <span class='ocrx_word' id='word_1_7' title='bbox 1160 330 1230 418; x_wconf 79' lang='grc'>193</span> 
     </span>
    </p>
   </div>
   <div class='ocr_carea' id='block_1_2' title="bbox 119 472 1237 3916">
    <p class='ocr_par' dir='ltr' id='par_1_2' title="bbox 119 472 1235 1731">
     <span class='ocr_line' id='line_1_2' title="bbox 121 472 1235 587; baseline -0.002 -26"><span class='ocrx_word' id='word_1_8' title='bbox 121 490 294 587; x_wconf 55' lang='lat' dir='ltr'>{mentio</span> <span class='ocrx_word' id='word_1_9' title='bbox 320 493 397 586; x_wconf 75' lang='lat' dir='ltr'>(gr.</span> <span class='ocrx_word' id='word_1_10' title='bbox 418 472 574 587; x_wconf 73' lang='grc' dir='ltr'><strong><em>πορνεία</em></strong></span> <span class='ocrx_word' id='word_1_11' title='bbox 589 492 617 583; x_wconf 85' lang='grc'>),</span> <span class='ocrx_word' id='word_1_12' title='bbox 629 501 663 560; x_wconf 89' lang='lat' dir='ltr'>et</span> <span class='ocrx_word' id='word_1_13' title='bbox 682 485 758 560; x_wconf 89' lang='lat' dir='ltr'>talis</span> <span class='ocrx_word' id='word_1_14' title='bbox 776 485 962 573; x_wconf 81' lang='lat' dir='ltr'>fornicatio,</span> <span class='ocrx_word' id='word_1_15' title='bbox 979 485 1091 585; x_wconf 71' lang='lat' dir='ltr'>qualis</span> <span class='ocrx_word' id='word_1_16' title='bbox 1109 513 1170 560; x_wconf 88' lang='lat' dir='ltr'>nec</span> <span class='ocrx_word' id='word_1_17' title='bbox 1187 488 1235 559; x_wconf 87' lang='lat' dir='ltr'>in·</span> 
     </span>
     <span class='ocr_line' id='line_1_3' title="bbox 121 600 1230 702; baseline -0.005 -24"><span class='ocrx_word' id='word_1_18' title='bbox 121 620 325 702; x_wconf 80' lang='lat' dir='ltr'>tergentes,</span> <span class='ocrx_word' id='word_1_19' title='bbox 347 604 393 679; x_wconf 88' lang='lat' dir='ltr'>ita</span> <span class='ocrx_word' id='word_1_20' title='bbox 414 620 451 677; x_wconf 92' lang='grc' dir='ltr'>ιιι</span> <span class='ocrx_word' id='word_1_21' title='bbox 471 628 605 676; x_wconf 76' lang='lat' dir='ltr'>osorem</span> <span class='ocrx_word' id='word_1_22' title='bbox 622 605 730 702; x_wconf 79' lang='lat' dir='ltr'>patris</span> <span class='ocrx_word' id='word_1_23' title='bbox 751 604 806 674; x_wconf 79' lang='lat' dir='ltr'>sui</span> <span class='ocrx_word' id='word_1_24' title='bbox 823 601 948 702; x_wconf 88' lang='lat' dir='ltr'>aliquis</span> <span class='ocrx_word' id='word_1_25' title='bbox 971 600 1095 674; x_wconf 89' lang='lat' dir='ltr'>habeat</span> <span class='ocrx_word' id='word_1_26' title='bbox 1116 604 1230 698; x_wconf 81' lang='lat' dir='ltr'>(bl).»</span> 
     </span>
     <span class='ocr_line' id='line_1_4' title="bbox 121 717 1232 816; baseline -0.002 -25"><span class='ocrx_word' id='word_1_27' title='bbox 121 720 169 792; x_wconf 82' lang='lat' dir='ltr'>Sic</span> <span class='ocrx_word' id='word_1_28' title='bbox 190 719 298 792; x_wconf 79' lang='lat' dir='ltr'>Amos</span> <span class='ocrx_word' id='word_1_29' title='bbox 317 720 387 793; x_wconf 85' lang='lat' dir='ltr'>llll.</span> <span class='ocrx_word' id='word_1_30' title='bbox 405 721 465 793; x_wconf 84' lang='lat' dir='ltr'>l&#39;l.</span> <span class='ocrx_word' id='word_1_31' title='bbox 484 717 606 792; x_wconf 77' lang='lat' dir='ltr'>«Uxor</span> <span class='ocrx_word' id='word_1_32' title='bbox 625 732 681 791; x_wconf 80' lang='lat' dir='ltr'>tou</span> <span class='ocrx_word' id='word_1_33' title='bbox 698 718 733 789; x_wconf 94' lang='lat' dir='ltr'>in</span> <span class='ocrx_word' id='word_1_34' title='bbox 750 718 883 791; x_wconf 86' lang='lat' dir='ltr'>civitate</span> <span class='ocrx_word' id='word_1_35' title='bbox 901 718 1155 816; x_wconf 78' lang='lat' dir='ltr'>fornicabitur,n</span> <span class='ocrx_word' id='word_1_36' title='bbox 1172 717 1232 790; x_wconf 90' lang='lat' dir='ltr'>ubi</span> 
     </span>
     <span class='ocr_line' id='line_1_5' title="bbox 121 828 1235 932; baseline -0.003 -24"><span class='ocrx_word' id='word_1_37' title='bbox 121 834 200 908; x_wconf 82' lang='lat' dir='ltr'>citra</span> <span class='ocrx_word' id='word_1_38' title='bbox 227 833 371 907; x_wconf 90' lang='lat' dir='ltr'>dubium</span> <span class='ocrx_word' id='word_1_39' title='bbox 397 828 508 908; x_wconf 84' lang='lat' dir='ltr'>sermo</span> <span class='ocrx_word' id='word_1_40' title='bbox 533 850 586 906; x_wconf 88' lang='lat' dir='ltr'>est</span> <span class='ocrx_word' id='word_1_41' title='bbox 610 832 654 906; x_wconf 91' lang='lat' dir='ltr'>de</span> <span class='ocrx_word' id='word_1_42' title='bbox 678 831 859 920; x_wconf 86' lang='lat' dir='ltr'>adulterio,</span> <span class='ocrx_word' id='word_1_43' title='bbox 881 848 917 904; x_wconf 93' lang='lat' dir='ltr'>ut</span> <span class='ocrx_word' id='word_1_44' title='bbox 933 830 1000 904; x_wconf 94' lang='lat' dir='ltr'>alia</span> <span class='ocrx_word' id='word_1_45' title='bbox 1029 857 1095 906; x_wconf 89' lang='lat' dir='ltr'>non</span> <span class='ocrx_word' id='word_1_46' title='bbox 1125 858 1235 932; x_wconf 91' lang='lat' dir='ltr'>pauca</span> 
     </span>
     <span class='ocr_line' id='line_1_6' title="bbox 121 946 1235 1048; baseline -0.002 -26"><span class='ocrx_word' id='word_1_47' title='bbox 121 947 286 1022; x_wconf 81' lang='lat' dir='ltr'>eiusmodi</span> <span class='ocrx_word' id='word_1_48' title='bbox 320 947 395 1022; x_wconf 92' lang='lat' dir='ltr'>loca</span> <span class='ocrx_word' id='word_1_49' title='bbox 425 965 651 1048; x_wconf 81' lang='lat' dir='ltr'>praeteream,</span> <span class='ocrx_word' id='word_1_50' title='bbox 684 946 775 1019; x_wconf 91' lang='lat' dir='ltr'>unde</span> <span class='ocrx_word' id='word_1_51' title='bbox 806 946 916 1046; x_wconf 91' lang='lat' dir='ltr'>palam</span> <span class='ocrx_word' id='word_1_52' title='bbox 941 947 980 1019; x_wconf 92' lang='lat' dir='ltr'>fit</span> <span class='ocrx_word' id='word_1_53' title='bbox 1007 947 1235 1046; x_wconf 75' lang='lat' dir='ltr'>fornicationis</span> 
     </span>
     <span class='ocr_line' id='line_1_7' title="bbox 121 1060 1233 1163; baseline -0.004 -26"><span class='ocrx_word' id='word_1_54' title='bbox 121 1089 232 1138; x_wconf 85' lang='lat' dir='ltr'>rocem</span> <span class='ocrx_word' id='word_1_55' title='bbox 258 1064 445 1160; x_wconf 81' lang='lat' dir='ltr'>generatim</span> <span class='ocrx_word' id='word_1_56' title='bbox 463 1065 498 1135; x_wconf 93' lang='lat' dir='ltr'>in</span> <span class='ocrx_word' id='word_1_57' title='bbox 516 1063 697 1163; x_wconf 88' lang='lat' dir='ltr'>Scripturis</span> <span class='ocrx_word' id='word_1_58' title='bbox 723 1062 880 1161; x_wconf 90' lang='lat' dir='ltr'>usurpari</span> <span class='ocrx_word' id='word_1_59' title='bbox 905 1060 1095 1161; x_wconf 88' lang='lat' dir='ltr'>promiscue</span> <span class='ocrx_word' id='word_1_60' title='bbox 1112 1090 1174 1162; x_wconf 91' lang='lat' dir='ltr'>pro</span> <span class='ocrx_word' id='word_1_61' title='bbox 1191 1062 1233 1134; x_wconf 91' lang='lat' dir='ltr'>il-</span> 
     </span>
     <span class='ocr_line' id='line_1_8' title="bbox 119 1176 1230 1272; baseline 0 -24"><span class='ocrx_word' id='word_1_62' title='bbox 119 1176 208 1252; x_wconf 90' lang='lat' dir='ltr'>licito</span> <span class='ocrx_word' id='word_1_63' title='bbox 235 1178 418 1252; x_wconf 83' lang='lat' dir='ltr'><strong>concubitu</strong></span> <span class='ocrx_word' id='word_1_64' title='bbox 444 1179 515 1251; x_wconf 85' lang='lat' dir='ltr'>sire</span> <span class='ocrx_word' id='word_1_65' title='bbox 541 1179 627 1249; x_wconf 90' lang='lat' dir='ltr'>intra</span> <span class='ocrx_word' id='word_1_66' title='bbox 652 1177 725 1250; x_wconf 91' lang='lat' dir='ltr'>sive</span> <span class='ocrx_word' id='word_1_67' title='bbox 748 1193 840 1249; x_wconf 85' lang='lat' dir='ltr'>extra</span> <span class='ocrx_word' id='word_1_68' title='bbox 865 1176 1113 1249; x_wconf 83' lang='lat' dir='ltr'>matrimonium</span> <span class='ocrx_word' id='word_1_69' title='bbox 1141 1180 1230 1272; x_wconf 74' lang='lat'>(52).</span> 
     </span>
     <span class='ocr_line' id='line_1_9' title="bbox 121 1289 1233 1391; baseline -0.004 -25"><span class='ocrx_word' id='word_1_70' title='bbox 121 1293 280 1366; x_wconf 84' lang='lat' dir='ltr'>lusensu</span> <span class='ocrx_word' id='word_1_71' title='bbox 303 1293 404 1365; x_wconf 91' lang='lat' dir='ltr'>etiam</span> <span class='ocrx_word' id='word_1_72' title='bbox 426 1290 653 1391; x_wconf 92' lang='lat' dir='ltr'>metaphorico</span> <span class='ocrx_word' id='word_1_73' title='bbox 678 1290 721 1363; x_wconf 91' lang='lat' dir='ltr'>de</span> <span class='ocrx_word' id='word_1_74' title='bbox 746 1289 945 1363; x_wconf 87' lang='lat' dir='ltr'>infidelitate</span> <span class='ocrx_word' id='word_1_75' title='bbox 967 1291 1076 1387; x_wconf 78' lang='lat' dir='ltr'>gentis</span> <span class='ocrx_word' id='word_1_76' title='bbox 1103 1290 1233 1363; x_wconf 88' lang='lat' dir='ltr'>israeli-</span> 
     </span>
     <span class='ocr_line' id='line_1_10' title="bbox 122 1391 1232 1506; baseline -0.005 -25"><span class='ocrx_word' id='word_1_77' title='bbox 122 1408 205 1482; x_wconf 88' lang='lat' dir='ltr'>ticae</span> <span class='ocrx_word' id='word_1_78' title='bbox 230 1433 314 1504; x_wconf 82' lang='lat' dir='ltr'>erga</span> <span class='ocrx_word' id='word_1_79' title='bbox 333 1407 441 1479; x_wconf 86' lang='lat' dir='ltr'>Deum</span> <span class='ocrx_word' id='word_1_80' title='bbox 468 1431 632 1506; x_wconf 86' lang='lat' dir='ltr'>sponsum</span> <span class='ocrx_word' id='word_1_81' title='bbox 651 1431 750 1478; x_wconf 89' lang='lat' dir='ltr'>suum</span> <span class='ocrx_word' id='word_1_82' title='bbox 773 1404 891 1478; x_wconf 91' lang='lat' dir='ltr'>eadem</span> <span class='ocrx_word' id='word_1_83' title='bbox 912 1431 975 1479; x_wconf 84' lang='lat' dir='ltr'>vox</span> <span class='ocrx_word' id='word_1_84' title='bbox 1004 1391 1162 1502; x_wconf 74' lang='grc' dir='ltr'><em>πορνεία</em></span> <span class='ocrx_word' id='word_1_85' title='bbox 1188 1406 1232 1478; x_wconf 89' lang='lat' dir='ltr'>ad</span> 
     </span>
     <span class='ocr_line' id='line_1_11' title="bbox 121 1518 1231 1621; baseline -0.002 -27"><span class='ocrx_word' id='word_1_86' title='bbox 121 1519 298 1621; x_wconf 72' lang='lat' dir='ltr'>spirituale</span> <span class='ocrx_word' id='word_1_87' title='bbox 332 1519 530 1592; x_wconf 79' lang='lat' dir='ltr'>adulterium</span> <span class='ocrx_word' id='word_1_88' title='bbox 559 1518 819 1617; x_wconf 80' lang='lat' dir='ltr'>significandum</span> <span class='ocrx_word' id='word_1_89' title='bbox 852 1519 979 1618; x_wconf 87' lang='lat' dir='ltr'>passim</span> <span class='ocrx_word' id='word_1_90' title='bbox 1008 1546 1028 1592; x_wconf 92' lang='lat' dir='ltr'>a</span> <span class='ocrx_word' id='word_1_91' title='bbox 1058 1519 1231 1618; x_wconf 85' lang='lat' dir='ltr'>prophetis</span> 
     </span>
     <span class='ocr_line' id='line_1_12' title="bbox 121 1636 406 1731; baseline -0.007 -23"><span class='ocrx_word' id='word_1_92' title='bbox 121 1636 302 1708; x_wconf 78' lang='lat' dir='ltr'>adhibetur</span> <span class='ocrx_word' id='word_1_93' title='bbox 316 1638 406 1731; x_wconf 75' lang='lat'>(53).</span> 
     </span>
    </p>

    <p class='ocr_par' dir='ltr' id='par_1_3' title="bbox 121 1749 1236 2652">
     <span class='ocr_line' id='line_1_13' title="bbox 185 1749 1234 1830; baseline 0 -8"><span class='ocrx_word' id='word_1_94' title='bbox 185 1752 259 1824; x_wconf 88' lang='lat' dir='ltr'>Nec</span> <span class='ocrx_word' id='word_1_95' title='bbox 285 1750 385 1824; x_wconf 85' lang='lat' dir='ltr'>relert</span> <span class='ocrx_word' id='word_1_96' title='bbox 409 1750 581 1825; x_wconf 84' lang='lat' dir='ltr'>Christum</span> <span class='ocrx_word' id='word_1_97' title='bbox 614 1749 709 1823; x_wconf 85' lang='lat' dir='ltr'>hisce</span> <span class='ocrx_word' id='word_1_98' title='bbox 733 1752 769 1823; x_wconf 91' lang='lat' dir='ltr'>in</span> <span class='ocrx_word' id='word_1_99' title='bbox 799 1751 942 1824; x_wconf 87' lang='lat' dir='ltr'>textibus</span> <span class='ocrx_word' id='word_1_100' title='bbox 972 1776 1234 1830; x_wconf 83' lang='lat' dir='ltr'>commemorare</span> 
     </span>
     <span class='ocr_line' id='line_1_14' title="bbox 121 1850 1233 1962; baseline 0.004 -24"><span class='ocrx_word' id='word_1_101' title='bbox 121 1865 278 1941; x_wconf 86' lang='lat' dir='ltr'>distincte</span> <span class='ocrx_word' id='word_1_102' title='bbox 303 1850 481 1962; x_wconf 76' lang='grc' dir='ltr'><strong><em>πορνείαν</em></strong></span> <span class='ocrx_word' id='word_1_103' title='bbox 504 1866 539 1923; x_wconf 69' lang='grc' dir='ltr'>ιι</span> <span class='ocrx_word' id='word_1_104' title='bbox 563 1851 747 1960; x_wconf 80' lang='grc' dir='ltr'>μοιχείαν</span> <span class='ocrx_word' id='word_1_105' title='bbox 774 1866 1027 1940; x_wconf 82' lang='lat' dir='ltr'>fornicationem</span> <span class='ocrx_word' id='word_1_106' title='bbox 1048 1881 1082 1938; x_wconf 88' lang='lat' dir='ltr'>at</span> <span class='ocrx_word' id='word_1_107' title='bbox 1101 1864 1233 1943; x_wconf 79' lang='lat' dir='ltr'>adulte-</span> 
     </span>
     <span class='ocr_line' id='line_1_15' title="bbox 121 1979 1231 2080; baseline -0.002 -26"><span class='ocrx_word' id='word_1_108' title='bbox 121 1980 219 2068; x_wconf 87' lang='lat' dir='ltr'>rium,</span> <span class='ocrx_word' id='word_1_109' title='bbox 236 2007 314 2054; x_wconf 93' lang='lat' dir='ltr'>cum</span> <span class='ocrx_word' id='word_1_110' title='bbox 328 2007 368 2052; x_wconf 87' lang='lat' dir='ltr'>ex</span> <span class='ocrx_word' id='word_1_111' title='bbox 382 1979 542 2054; x_wconf 88' lang='lat' dir='ltr'>orationis</span> <span class='ocrx_word' id='word_1_112' title='bbox 563 1980 650 2053; x_wconf 88' lang='lat' dir='ltr'>serie</span> <span class='ocrx_word' id='word_1_113' title='bbox 672 1995 773 2078; x_wconf 87' lang='lat' dir='ltr'>atque</span> <span class='ocrx_word' id='word_1_114' title='bbox 786 2007 826 2053; x_wconf 88' lang='lat' dir='ltr'>ax</span> <span class='ocrx_word' id='word_1_115' title='bbox 841 2006 944 2080; x_wconf 86' lang='lat' dir='ltr'>scopo</span> <span class='ocrx_word' id='word_1_116' title='bbox 956 2001 1072 2080; x_wconf 88' lang='lat' dir='ltr'>aperte</span> <span class='ocrx_word' id='word_1_117' title='bbox 1087 1980 1231 2080; x_wconf 86' lang='lat' dir='ltr'>liqueat,</span> 
     </span>
     <span class='ocr_line' id='line_1_16' title="bbox 121 2095 1233 2195; baseline -0.003 -25"><span class='ocrx_word' id='word_1_118' title='bbox 121 2095 232 2170; x_wconf 83' lang='lat' dir='ltr'>eodem</span> <span class='ocrx_word' id='word_1_119' title='bbox 245 2097 282 2167; x_wconf 90' lang='lat' dir='ltr'>in</span> <span class='ocrx_word' id='word_1_120' title='bbox 295 2121 400 2169; x_wconf 88' lang='lat' dir='ltr'>sensu</span> <span class='ocrx_word' id='word_1_121' title='bbox 413 2095 475 2168; x_wconf 87' lang='lat' dir='ltr'>bas</span> <span class='ocrx_word' id='word_1_122' title='bbox 489 2122 588 2169; x_wconf 85' lang='lat' dir='ltr'>voces</span> <span class='ocrx_word' id='word_1_123' title='bbox 601 2097 788 2195; x_wconf 87' lang='lat' dir='ltr'>promiscue</span> <span class='ocrx_word' id='word_1_124' title='bbox 802 2095 845 2168; x_wconf 93' lang='lat' dir='ltr'>ab</span> <span class='ocrx_word' id='word_1_125' title='bbox 858 2123 898 2170; x_wconf 87' lang='lat' dir='ltr'>eo</span> <span class='ocrx_word' id='word_1_126' title='bbox 911 2096 1079 2170; x_wconf 89' lang='lat' dir='ltr'>adhiberi.</span> <span class='ocrx_word' id='word_1_127' title='bbox 1096 2098 1233 2169; x_wconf 86' lang='lat' dir='ltr'>Frustra</span> 
     </span>
     <span class='ocr_line' id='line_1_17' title="bbox 121 2209 1230 2311; baseline -0.004 -25"><span class='ocrx_word' id='word_1_128' title='bbox 121 2228 229 2287; x_wconf 77' lang='lat' dir='ltr'>autem</span> <span class='ocrx_word' id='word_1_129' title='bbox 247 2210 445 2284; x_wconf 90' lang='lat' dir='ltr'>adnituntur</span> <span class='ocrx_word' id='word_1_130' title='bbox 458 2209 558 2283; x_wconf 89' lang='lat' dir='ltr'>huius</span> <span class='ocrx_word' id='word_1_131' title='bbox 572 2212 757 2284; x_wconf 89' lang='lat' dir='ltr'>sententiae</span> <span class='ocrx_word' id='word_1_132' title='bbox 774 2212 1037 2311; x_wconf 82' lang='lat' dir='ltr'>patrocinatores</span> <span class='ocrx_word' id='word_1_133' title='bbox 1053 2210 1230 2286; x_wconf 86' lang='lat' dir='ltr'>ostendere</span> 
     </span>
     <span class='ocr_line' id='line_1_18' title="bbox 121 2324 1236 2427; baseline 0 -29"><span class='ocrx_word' id='word_1_134' title='bbox 121 2326 155 2399; x_wconf 88' lang='lat' dir='ltr'>in</span> <span class='ocrx_word' id='word_1_135' title='bbox 172 2352 280 2400; x_wconf 85' lang='lat' dir='ltr'>sensu</span> <span class='ocrx_word' id='word_1_136' title='bbox 300 2324 471 2399; x_wconf 83' lang='lat' dir='ltr'>exclusivo</span> <span class='ocrx_word' id='word_1_137' title='bbox 487 2325 653 2426; x_wconf 85' lang='lat' dir='ltr'>simplicis</span> <span class='ocrx_word' id='word_1_138' title='bbox 679 2327 908 2401; x_wconf 84' lang='lat' dir='ltr'>fornicationis</span> <span class='ocrx_word' id='word_1_139' title='bbox 926 2344 959 2400; x_wconf 89' lang='lat' dir='ltr'>et</span> <span class='ocrx_word' id='word_1_140' title='bbox 975 2355 1038 2427; x_wconf 95' lang='lat' dir='ltr'>per</span> <span class='ocrx_word' id='word_1_141' title='bbox 1054 2326 1236 2427; x_wconf 88' lang='lat' dir='ltr'>oppositio-</span> 
     </span>
     <span class='ocr_line' id='line_1_19' title="bbox 121 2426 1236 2541; baseline -0.004 -27"><span class='ocrx_word' id='word_1_142' title='bbox 121 2466 192 2514; x_wconf 86' lang='lat' dir='ltr'>nem</span> <span class='ocrx_word' id='word_1_143' title='bbox 206 2438 253 2513; x_wconf 92' lang='lat' dir='ltr'>ad</span> <span class='ocrx_word' id='word_1_144' title='bbox 271 2438 474 2512; x_wconf 90' lang='lat' dir='ltr'>adulterium</span> <span class='ocrx_word' id='word_1_145' title='bbox 488 2439 659 2513; x_wconf 86' lang='lat' dir='ltr'>Christum</span> <span class='ocrx_word' id='word_1_146' title='bbox 675 2439 777 2513; x_wconf 88' lang='lat' dir='ltr'>bisin</span> <span class='ocrx_word' id='word_1_147' title='bbox 793 2440 877 2514; x_wconf 89' lang='lat' dir='ltr'>locis</span> <span class='ocrx_word' id='word_1_148' title='bbox 895 2441 960 2516; x_wconf 93' lang='lat' dir='ltr'>hac</span> <span class='ocrx_word' id='word_1_149' title='bbox 976 2467 1058 2515; x_wconf 81' lang='lat' dir='ltr'>uoce</span> <span class='ocrx_word' id='word_1_150' title='bbox 1081 2426 1236 2541; x_wconf 75' lang='grc' dir='ltr'><strong><em>πορνεία</em></strong></span> 
     </span>
     <span class='ocr_line' id='line_1_20' title="bbox 121 2553 1195 2652; baseline -0.004 -22"><span class='ocrx_word' id='word_1_151' title='bbox 121 2557 178 2630; x_wconf 84' lang='lat' dir='ltr'>uti.</span> <span class='ocrx_word' id='word_1_152' title='bbox 196 2555 237 2627; x_wconf 93' lang='lat' dir='ltr'>ld</span> <span class='ocrx_word' id='word_1_153' title='bbox 255 2555 345 2627; x_wconf 90' lang='lat' dir='ltr'>enim</span> <span class='ocrx_word' id='word_1_154' title='bbox 365 2553 562 2627; x_wconf 85' lang='lat' dir='ltr'>adversatur</span> <span class='ocrx_word' id='word_1_155' title='bbox 585 2554 741 2628; x_wconf 86' lang='lat' dir='ltr'>omnibus</span> <span class='ocrx_word' id='word_1_156' title='bbox 767 2555 1036 2629; x_wconf 89' lang='lat' dir='ltr'>hermeneuticac</span> <span class='ocrx_word' id='word_1_157' title='bbox 1058 2554 1195 2652; x_wconf 82' lang='lat' dir='ltr'>regulis.</span> 
     </span>
    </p>

    <p class='ocr_par' dir='ltr' id='par_1_4' title="bbox 121 2667 1237 3916">
     <span class='ocr_line' id='line_1_21' title="bbox 192 2667 1237 2769; baseline -0.001 -27"><span class='ocrx_word' id='word_1_158' title='bbox 192 2670 227 2742; x_wconf 86' lang='lat' dir='ltr'>l.</span> <span class='ocrx_word' id='word_1_159' title='bbox 258 2667 380 2744; x_wconf 88' lang='lat' dir='ltr'>Obstat</span> <span class='ocrx_word' id='word_1_160' title='bbox 397 2670 577 2743; x_wconf 89' lang='lat' dir='ltr'>auctoritas</span> <span class='ocrx_word' id='word_1_161' title='bbox 595 2686 743 2742; x_wconf 86' lang='lat' dir='ltr'>veterum</span> <span class='ocrx_word' id='word_1_162' title='bbox 759 2671 971 2758; x_wconf 81' lang='lat' dir='ltr'>versionum,</span> <span class='ocrx_word' id='word_1_163' title='bbox 991 2696 1079 2769; x_wconf 89' lang='lat' dir='ltr'>quae</span> <span class='ocrx_word' id='word_1_164' title='bbox 1096 2670 1164 2741; x_wconf 86' lang='lat' dir='ltr'>vim</span> <span class='ocrx_word' id='word_1_165' title='bbox 1183 2695 1237 2741; x_wconf 87' lang='lat' dir='ltr'>ro·</span> 
     </span>
     <span class='ocr_line' id='line_1_22' title="bbox 121 2783 1236 2883; baseline -0.004 -25"><span class='ocrx_word' id='word_1_166' title='bbox 121 2785 165 2858; x_wconf 88' lang='lat' dir='ltr'>cis</span> <span class='ocrx_word' id='word_1_167' title='bbox 191 2784 370 2882; x_wconf 82' lang='lat' dir='ltr'>genericae</span> <span class='ocrx_word' id='word_1_168' title='bbox 393 2784 619 2883; x_wconf 77' lang='lat' dir='ltr'>fornicationis</span> <span class='ocrx_word' id='word_1_169' title='bbox 641 2783 875 2856; x_wconf 91' lang='lat' dir='ltr'>determinant.</span> <span class='ocrx_word' id='word_1_170' title='bbox 893 2784 1023 2857; x_wconf 81' lang='lat' dir='ltr'>Etenim</span> <span class='ocrx_word' id='word_1_171' title='bbox 1047 2783 1156 2856; x_wconf 89' lang='lat' dir='ltr'>versio</span> <span class='ocrx_word' id='word_1_172' title='bbox 1180 2809 1236 2854; x_wconf 88' lang='lat' dir='ltr'>ae-</span> 
     </span>
     <span class='ocr_line' id='line_1_23' title="bbox 123 2897 1235 2999; baseline -0.005 -26"><span class='ocrx_word' id='word_1_173' title='bbox 123 2899 272 2999; x_wconf 88' lang='lat' dir='ltr'>thiopica</span> <span class='ocrx_word' id='word_1_174' title='bbox 305 2899 355 2972; x_wconf 86' lang='lat' dir='ltr'>sic</span> <span class='ocrx_word' id='word_1_175' title='bbox 380 2898 490 2971; x_wconf 91' lang='lat' dir='ltr'>reddit</span> <span class='ocrx_word' id='word_1_176' title='bbox 520 2926 554 2972; x_wconf 85' lang='lat' dir='ltr'>v.</span> <span class='ocrx_word' id='word_1_177' title='bbox 583 2901 641 2971; x_wconf 74' lang='grc'>32.</span> <span class='ocrx_word' id='word_1_178' title='bbox 670 2925 745 2997; x_wconf 92' lang='lat' dir='ltr'>cap.</span> <span class='ocrx_word' id='word_1_179' title='bbox 772 2899 810 2970; x_wconf 83' lang='lat' dir='ltr'>v.</span> <span class='ocrx_word' id='word_1_180' title='bbox 839 2898 956 2971; x_wconf 89' lang='lat' dir='ltr'>llattb.</span> <span class='ocrx_word' id='word_1_181' title='bbox 990 2897 1149 2972; x_wconf 72' lang='lat' dir='ltr'>«Omnis</span> <span class='ocrx_word' id='word_1_182' title='bbox 1176 2897 1235 2994; x_wconf 87' lang='lat' dir='ltr'>qui</span> 
     </span>
     <span class='ocr_line' id='line_1_24' title="bbox 121 3011 1235 3115; baseline -0.006 -27"><span class='ocrx_word' id='word_1_183' title='bbox 121 3014 288 3115; x_wconf 87' lang='lat' dir='ltr'>relinquet</span> <span class='ocrx_word' id='word_1_184' title='bbox 311 3038 447 3086; x_wconf 80' lang='lat' dir='ltr'>uxorem</span> <span class='ocrx_word' id='word_1_185' title='bbox 473 3039 569 3086; x_wconf 91' lang='lat' dir='ltr'>suam</span> <span class='ocrx_word' id='word_1_186' title='bbox 585 3015 654 3085; x_wconf 80' lang='lat' dir='ltr'>sinc</span> <span class='ocrx_word' id='word_1_187' title='bbox 675 3013 907 3112; x_wconf 75' lang='lat' dir='ltr'>fornicatione,</span> <span class='ocrx_word' id='word_1_188' title='bbox 930 3011 1104 3085; x_wconf 82' lang='lat' dir='ltr'>faciteam</span> <span class='ocrx_word' id='word_1_189' title='bbox 1130 3012 1235 3111; x_wconf 77' lang='lat' dir='ltr'>forni-</span> 
     </span>
     <span class='ocr_line' id='line_1_25' title="bbox 121 3126 1236 3228; baseline -0.005 -26"><span class='ocrx_word' id='word_1_190' title='bbox 121 3132 208 3202; x_wconf 73' lang='lat' dir='ltr'>nri.-</span> <span class='ocrx_word' id='word_1_191' title='bbox 239 3128 355 3228; x_wconf 87' lang='lat' dir='ltr'>etqui</span> <span class='ocrx_word' id='word_1_192' title='bbox 381 3126 530 3202; x_wconf 89' lang='lat' dir='ltr'>relictam</span> <span class='ocrx_word' id='word_1_193' title='bbox 556 3127 669 3215; x_wconf 80' lang='lat' dir='ltr'>ducit,</span> <span class='ocrx_word' id='word_1_194' title='bbox 697 3129 878 3228; x_wconf 76' lang='lat' dir='ltr'>fornicatos</span> <span class='ocrx_word' id='word_1_195' title='bbox 901 3142 986 3200; x_wconf 83' lang='lat' dir='ltr'>est.»</span> <span class='ocrx_word' id='word_1_196' title='bbox 1003 3126 1051 3198; x_wconf 87' lang='lat' dir='ltr'>En</span> <span class='ocrx_word' id='word_1_197' title='bbox 1077 3153 1145 3226; x_wconf 92' lang='lat' dir='ltr'>qua</span> <span class='ocrx_word' id='word_1_198' title='bbox 1162 3150 1236 3197; x_wconf 86' lang='lat' dir='ltr'>rer-</span> 
     </span>
     <span class='ocr_line' id='line_1_26' title="bbox 123 3241 1236 3342; baseline -0.004 -26"><span class='ocrx_word' id='word_1_199' title='bbox 123 3243 215 3318; x_wconf 85' lang='lat' dir='ltr'>sioue</span> <span class='ocrx_word' id='word_1_200' title='bbox 238 3241 405 3316; x_wconf 88' lang='lat' dir='ltr'>habemus</span> <span class='ocrx_word' id='word_1_201' title='bbox 431 3243 561 3341; x_wconf 88' lang='lat' dir='ltr'>primo,</span> <span class='ocrx_word' id='word_1_202' title='bbox 589 3242 680 3342; x_wconf 91' lang='lat' dir='ltr'>quod</span> <span class='ocrx_word' id='word_1_203' title='bbox 704 3243 825 3318; x_wconf 81' lang='lat' dir='ltr'>uerba:</span> <span class='ocrx_word' id='word_1_204' title='bbox 856 3257 989 3342; x_wconf 78' lang='lat' dir='ltr'>eccepto</span> <span class='ocrx_word' id='word_1_205' title='bbox 1007 3267 1107 3314; x_wconf 81' lang='lat' dir='ltr'>causo</span> <span class='ocrx_word' id='word_1_206' title='bbox 1131 3241 1236 3340; x_wconf 73' lang='lat' dir='ltr'>forni-</span> 
     </span>
     <span class='ocr_line' id='line_1_27' title="bbox 123 3354 1234 3456; baseline -0.005 -25"><span class='ocrx_word' id='word_1_207' title='bbox 123 3360 282 3442; x_wconf 78' lang='lat' dir='ltr'>cationis,</span> <span class='ocrx_word' id='word_1_208' title='bbox 311 3357 505 3430; x_wconf 88' lang='lat' dir='ltr'>necessario</span> <span class='ocrx_word' id='word_1_209' title='bbox 531 3357 717 3430; x_wconf 79' lang='lat' dir='ltr'>referantur</span> <span class='ocrx_word' id='word_1_210' title='bbox 741 3356 782 3431; x_wconf 93' lang='lat' dir='ltr'>ad</span> <span class='ocrx_word' id='word_1_211' title='bbox 809 3382 965 3444; x_wconf 81' lang='lat' dir='ltr'>uxorem,</span> <span class='ocrx_word' id='word_1_212' title='bbox 985 3382 1073 3455; x_wconf 89' lang='lat' dir='ltr'>quae</span> <span class='ocrx_word' id='word_1_213' title='bbox 1090 3354 1234 3456; x_wconf 90' lang='lat' dir='ltr'>relinqui</span> 
     </span>
     <span class='ocr_line' id='line_1_28' title="bbox 123 3472 1237 3574; baseline -0.003 -29"><span class='ocrx_word' id='word_1_214' title='bbox 123 3474 240 3574; x_wconf 85' lang='lat' dir='ltr'>nequit</span> <span class='ocrx_word' id='word_1_215' title='bbox 262 3474 333 3545; x_wconf 82' lang='lat' dir='ltr'>sine</span> <span class='ocrx_word' id='word_1_216' title='bbox 352 3472 582 3571; x_wconf 60' lang='lat' dir='ltr'>fornicarium</span> <span class='ocrx_word' id='word_1_217' title='bbox 611 3472 780 3559; x_wconf 86' lang='lat' dir='ltr'>secundo,</span> <span class='ocrx_word' id='word_1_218' title='bbox 802 3472 893 3571; x_wconf 89' lang='lat' dir='ltr'>quod</span> <span class='ocrx_word' id='word_1_219' title='bbox 911 3498 974 3545; x_wconf 85' lang='lat' dir='ltr'>vox</span> <span class='ocrx_word' id='word_1_220' title='bbox 991 3473 1163 3571; x_wconf 69' lang='lat' dir='ltr'>[crematio</span> <span class='ocrx_word' id='word_1_221' title='bbox 1180 3496 1237 3542; x_wconf 88' lang='lat' dir='ltr'>ne·</span> 
     </span>
     <span class='ocr_line' id='line_1_29' title="bbox 123 3584 1237 3687; baseline -0.003 -25"><span class='ocrx_word' id='word_1_222' title='bbox 123 3589 270 3663; x_wconf 85' lang='lat' dir='ltr'>cessario</span> <span class='ocrx_word' id='word_1_223' title='bbox 301 3587 408 3687; x_wconf 85' lang='lat' dir='ltr'>accipi</span> <span class='ocrx_word' id='word_1_224' title='bbox 433 3585 552 3660; x_wconf 86' lang='lat' dir='ltr'>debeat</span> <span class='ocrx_word' id='word_1_225' title='bbox 576 3587 619 3660; x_wconf 87' lang='lat' dir='ltr'>de</span> <span class='ocrx_word' id='word_1_226' title='bbox 644 3586 830 3674; x_wconf 89' lang='lat' dir='ltr'>adulterio,</span> <span class='ocrx_word' id='word_1_227' title='bbox 864 3614 940 3660; x_wconf 91' lang='lat' dir='ltr'>cum</span> <span class='ocrx_word' id='word_1_228' title='bbox 966 3587 1097 3659; x_wconf 87' lang='lat' dir='ltr'>dicatur</span> <span class='ocrx_word' id='word_1_229' title='bbox 1126 3584 1168 3658; x_wconf 92' lang='lat' dir='ltr'>de</span> <span class='ocrx_word' id='word_1_230' title='bbox 1196 3611 1237 3659; x_wconf 88' lang='lat' dir='ltr'>eo</span> 
     </span>
     <span class='ocr_line' id='line_1_30' title="bbox 123 3700 1236 3803; baseline -0.003 -28"><span class='ocrx_word' id='word_1_231' title='bbox 123 3704 177 3803; x_wconf 79' lang='lat' dir='ltr'>qui</span> <span class='ocrx_word' id='word_1_232' title='bbox 204 3702 346 3776; x_wconf 90' lang='lat' dir='ltr'>alteram</span> <span class='ocrx_word' id='word_1_233' title='bbox 369 3728 506 3775; x_wconf 78' lang='lat' dir='ltr'>uxorem</span> <span class='ocrx_word' id='word_1_234' title='bbox 531 3703 643 3776; x_wconf 91' lang='lat' dir='ltr'>ducit:</span> <span class='ocrx_word' id='word_1_235' title='bbox 668 3704 847 3802; x_wconf 79' lang='lat' dir='ltr'>fornicatus</span> <span class='ocrx_word' id='word_1_236' title='bbox 860 3717 907 3775; x_wconf 82' lang='lat' dir='ltr'>est</span> <span class='ocrx_word' id='word_1_237' title='bbox 925 3728 984 3801; x_wconf 91' lang='lat' dir='ltr'>pro</span> <span class='ocrx_word' id='word_1_238' title='bbox 1002 3700 1183 3784; x_wconf 82' lang='lat' dir='ltr'>adulterat,</span> <span class='ocrx_word' id='word_1_239' title='bbox 1203 3715 1236 3772; x_wconf 87' lang='lat' dir='ltr'>et</span> 
     </span>
     <span class='ocr_line' id='line_1_31' title="bbox 122 3815 1237 3916; baseline -0.002 -27"><span class='ocrx_word' id='word_1_240' title='bbox 122 3817 200 3913; x_wconf 71' lang='lat' dir='ltr'>[orit</span> <span class='ocrx_word' id='word_1_241' title='bbox 225 3843 298 3889; x_wconf 81' lang='lat' dir='ltr'>enm</span> <span class='ocrx_word' id='word_1_242' title='bbox 321 3817 482 3916; x_wconf 79' lang='lat' dir='ltr'>[amicari</span> <span class='ocrx_word' id='word_1_243' title='bbox 502 3843 562 3916; x_wconf 90' lang='lat' dir='ltr'>pro</span> <span class='ocrx_word' id='word_1_244' title='bbox 582 3818 751 3916; x_wconf 73' lang='lat' dir='ltr'>faciteam</span> <span class='ocrx_word' id='word_1_245' title='bbox 767 3817 940 3889; x_wconf 80' lang='lat' dir='ltr'>moechari.</span> <span class='ocrx_word' id='word_1_246' title='bbox 957 3817 1013 3888; x_wconf 91' lang='lat' dir='ltr'>Sic</span> <span class='ocrx_word' id='word_1_247' title='bbox 1029 3815 1144 3890; x_wconf 78' lang='lat' dir='ltr'>versio</span> <span class='ocrx_word' id='word_1_248' title='bbox 1161 3841 1237 3887; x_wconf 87' lang='lat' dir='ltr'>ara·</span> 
     </span>
    </p>
   </div>
   <div class='ocr_carea' id='block_1_3' title="bbox 125 4069 1235 4373">
    <p class='ocr_par' dir='ltr' id='par_1_5' title="bbox 125 4069 1235 4212">
     <span class='ocr_line' id='line_1_32' title="bbox 191 4069 1235 4138; baseline -0.005 -16"><span class='ocrx_word' id='word_1_249' title='bbox 191 4072 243 4136; x_wconf 73' lang='grc' dir='ltr'>(ιι)</span> <span class='ocrx_word' id='word_1_250' title='bbox 258 4072 298 4122; x_wconf 78' lang='grc' dir='ltr'>(ιι.</span> <span class='ocrx_word' id='word_1_251' title='bbox 309 4072 402 4123; x_wconf 79' lang='grc' dir='ltr'>ιιιιίιιιι</span> <span class='ocrx_word' id='word_1_252' title='bbox 415 4074 439 4124; x_wconf 89' lang='lat' dir='ltr'>iu</span> <span class='ocrx_word' id='word_1_253' title='bbox 452 4074 477 4123; x_wconf 91' lang='lat' dir='ltr'>h.</span> <span class='ocrx_word' id='word_1_254' title='bbox 489 4075 507 4124; x_wconf 85' lang='grc'>1.</span> <span class='ocrx_word' id='word_1_255' title='bbox 519 4074 599 4138; x_wconf 80' lang='lat' dir='ltr'>agitur</span> <span class='ocrx_word' id='word_1_256' title='bbox 609 4073 640 4124; x_wconf 86' lang='lat' dir='ltr'>de</span> <span class='ocrx_word' id='word_1_257' title='bbox 651 4087 693 4135; x_wconf 89' lang='lat' dir='ltr'>eo,</span> <span class='ocrx_word' id='word_1_258' title='bbox 706 4075 749 4137; x_wconf 85' lang='lat' dir='ltr'>qui</span> <span class='ocrx_word' id='word_1_259' title='bbox 767 4088 823 4124; x_wconf 88' lang='lat' dir='ltr'>cum</span> <span class='ocrx_word' id='word_1_260' title='bbox 838 4086 956 4135; x_wconf 77' lang='lat' dir='ltr'>nouerca,</span> <span class='ocrx_word' id='word_1_261' title='bbox 977 4073 1077 4122; x_wconf 79' lang='lat' dir='ltr'>vivente</span> <span class='ocrx_word' id='word_1_262' title='bbox 1098 4069 1179 4119; x_wconf 80' lang='lat' dir='ltr'>adhuc</span> <span class='ocrx_word' id='word_1_263' title='bbox 1195 4079 1235 4132; x_wconf 84' lang='lat' dir='ltr'>pa·</span> 
     </span>
     <span class='ocr_line' id='line_1_33' title="bbox 125 4151 504 4212; baseline 0.003 -12"><span class='ocrx_word' id='word_1_264' title='bbox 125 4152 188 4201; x_wconf 74' lang='lat' dir='ltr'>rate</span> <span class='ocrx_word' id='word_1_265' title='bbox 206 4163 269 4212; x_wconf 80' lang='lat' dir='ltr'>suo,</span> <span class='ocrx_word' id='word_1_266' title='bbox 290 4151 504 4202; x_wconf 82' lang='lat' dir='ltr'>commiscebatur.</span> 
     </span>
    </p>

    <p class='ocr_par' dir='ltr' id='par_1_6' title="bbox 190 4229 1115 4296">
     <span class='ocr_line' id='line_1_34' title="bbox 190 4229 1115 4296; baseline -0.002 -15"><span class='ocrx_word' id='word_1_267' title='bbox 190 4230 243 4293; x_wconf 75' lang='grc' dir='ltr'>(ιι)</span> <span class='ocrx_word' id='word_1_268' title='bbox 258 4229 297 4280; x_wconf 78' lang='lat' dir='ltr'>el.</span> <span class='ocrx_word' id='word_1_269' title='bbox 311 4232 333 4280; x_wconf 93' lang='lat'>1.</span> <span class='ocrx_word' id='word_1_270' title='bbox 345 4231 404 4281; x_wconf 84' lang='lat' dir='ltr'>cor.</span> <span class='ocrx_word' id='word_1_271' title='bbox 414 4233 457 4281; x_wconf 79' lang='lat' dir='ltr'>vl.</span> <span class='ocrx_word' id='word_1_272' title='bbox 472 4239 508 4283; x_wconf 79' lang='grc' dir='ltr'>ιι.</span> <span class='ocrx_word' id='word_1_273' title='bbox 520 4234 557 4282; x_wconf 87' lang='lat' dir='ltr'>lo.</span> <span class='ocrx_word' id='word_1_274' title='bbox 571 4233 637 4282; x_wconf 83' lang='lat' dir='ltr'>vm.</span> <span class='ocrx_word' id='word_1_275' title='bbox 650 4236 688 4282; x_wconf 83' lang='grc' dir='ltr'>ιι.</span> <span class='ocrx_word' id='word_1_276' title='bbox 702 4231 1002 4296; x_wconf 64' lang='lat' dir='ltr'>nonannoeane</span> <span class='ocrx_word' id='word_1_277' title='bbox 1019 4234 1055 4281; x_wconf 85' lang='grc' dir='ltr'>ιι.</span> <span class='ocrx_word' id='word_1_278' title='bbox 1068 4231 1115 4280; x_wconf 85' lang='grc' dir='ltr'>ιιι.</span> 
     </span>
    </p>

    <p class='ocr_par' dir='ltr' id='par_1_7' title="bbox 191 4308 1159 4373">
     <span class='ocr_line' id='line_1_35' title="bbox 191 4308 1159 4373; baseline -0.003 -13"><span class='ocrx_word' id='word_1_279' title='bbox 191 4309 243 4373; x_wconf 77' lang='grc' dir='ltr'>(ιι)</span> <span class='ocrx_word' id='word_1_280' title='bbox 259 4311 346 4361; x_wconf 70' lang='lat' dir='ltr'>larun.</span> <span class='ocrx_word' id='word_1_281' title='bbox 362 4311 406 4360; x_wconf 88' lang='lat'>111.</span> <span class='ocrx_word' id='word_1_282' title='bbox 424 4318 445 4362; x_wconf 85' lang='grc' dir='ltr'>ι.</span> <span class='ocrx_word' id='word_1_283' title='bbox 457 4313 500 4361; x_wconf 79' lang='lat' dir='ltr'>Vl.</span> <span class='ocrx_word' id='word_1_284' title='bbox 515 4312 647 4363; x_wconf 55' lang='lat' dir='ltr'>nesrach.</span> <span class='ocrx_word' id='word_1_285' title='bbox 658 4314 702 4362; x_wconf 79' lang='lat' dir='ltr'>Vl.</span> <span class='ocrx_word' id='word_1_286' title='bbox 713 4313 803 4363; x_wconf 69' lang='lat' dir='ltr'>axvi.</span> <span class='ocrx_word' id='word_1_287' title='bbox 816 4318 853 4363; x_wconf 84' lang='grc' dir='ltr'>ιι.</span> <span class='ocrx_word' id='word_1_288' title='bbox 869 4317 904 4362; x_wconf 81' lang='grc' dir='ltr'>ιι.</span> <span class='ocrx_word' id='word_1_289' title='bbox 921 4311 1064 4361; x_wconf 81' lang='lat' dir='ltr'>17.0seel.</span> <span class='ocrx_word' id='word_1_290' title='bbox 1078 4315 1101 4360; x_wconf 84' lang='grc' dir='ltr'>ι.</span> <span class='ocrx_word' id='word_1_291' title='bbox 1111 4308 1159 4359; x_wconf 83' lang='grc' dir='ltr'>ιιι.</span> 
     </span>
    </p>
   </div>
   <div class='ocr_carea' id='block_1_4' title="bbox 202 4416 1189 4473">
    <p class='ocr_par' dir='ltr' id='par_1_8' title="bbox 202 4416 1189 4473">
     <span class='ocr_line' id='line_1_36' title="bbox 202 4416 1189 4473; baseline -0.002 -4"><span class='ocrx_word' id='word_1_292' title='bbox 202 4416 241 4473; x_wconf 84' lang='grc' dir='ltr'>ΙΙΙ</span> <span class='ocrx_word' id='word_1_293' title='bbox 1156 4417 1189 4468; x_wconf 73' lang='grc'>18</span> 
     </span>
    </p>
   </div>
   <div class='ocr_carea' id='block_1_5' title="bbox 0 0 1404 5064">
    <p class='ocr_par' dir='ltr' id='par_1_9' title="bbox 0 0 1404 5064">
     <span class='ocr_line' id='line_1_37' title="bbox 0 0 1404 5064; baseline 0 0"><span class='ocrx_word' id='word_1_294' title='bbox 0 0 1404 5064; x_wconf 95' lang='lat' dir='ltr'> </span> 
     </span>
    </p>
   </div>
  </div>
 </body>
</html>
