<?xml version="1.0" encoding="UTF-8"?>
<!DOCTYPE html PUBLIC "-//W3C//DTD XHTML 1.0 Transitional//EN"
    "http://www.w3.org/TR/xhtml1/DTD/xhtml1-transitional.dtd">
<html xmlns="http://www.w3.org/1999/xhtml" xml:lang="en" lang="en">
 <head>
  <title>
</title>
<meta http-equiv="Content-Type" content="text/html;charset=utf-8" />
  <meta name='ocr-system' content='tesseract 3.04.00' />
  <meta name='ocr-capabilities' content='ocr_page ocr_carea ocr_par ocr_line ocrx_word'/>
</head>
<body>
  <div class='ocr_page' id='page_1' title='image "./dematrimoniochr01perrgoog_0345.png"; bbox 0 0 2796 5064; ppageno 0'>
   <div class='ocr_carea' id='block_1_1' title="bbox 143 342 1102 416">
    <p class='ocr_par' dir='ltr' id='par_1_1' title="bbox 143 342 1102 416">
     <span class='ocr_line' id='line_1_1' title="bbox 143 342 1102 416; baseline 0 -3"><span class='ocrx_word' id='word_1_1' title='bbox 143 342 211 413; x_wconf 79' lang='lat' dir='ltr'><strong>stt</strong></span> <span class='ocrx_word' id='word_1_2' title='bbox 285 361 714 416; x_wconf 69' lang='lat' dir='ltr'><strong>conumeraremus</strong></span> <span class='ocrx_word' id='word_1_3' title='bbox 732 362 844 415; x_wconf 81' lang='lat' dir='ltr'><strong>mnus.</strong></span> <span class='ocrx_word' id='word_1_4' title='bbox 862 363 959 416; x_wconf 77' lang='lat' dir='ltr'><strong>siro.</strong></span> <span class='ocrx_word' id='word_1_5' title='bbox 977 363 1102 416; x_wconf 86' lang='lat' dir='ltr'><strong>csmsr.</strong></span> 
     </span>
    </p>
   </div>
   <div class='ocr_carea' id='block_1_2' title="bbox 42 480 1261 2532">
    <p class='ocr_par' dir='ltr' id='par_1_2' title="bbox 42 480 1260 1844">
     <span class='ocr_line' id='line_1_2' title="bbox 140 480 1256 582; baseline 0.002 -28"><span class='ocrx_word' id='word_1_6' title='bbox 140 483 175 555; x_wconf 95' lang='lat' dir='ltr'><strong>in</strong></span> <span class='ocrx_word' id='word_1_7' title='bbox 199 507 282 557; x_wconf 87' lang='lat' dir='ltr'><strong>casu</strong></span> <span class='ocrx_word' id='word_1_8' title='bbox 306 481 424 556; x_wconf 87' lang='lat' dir='ltr'><strong>saltem</strong></span> <span class='ocrx_word' id='word_1_9' title='bbox 455 481 707 569; x_wconf 81' lang='lat' dir='ltr'><strong>fornicationis,</strong></span> <span class='ocrx_word' id='word_1_10' title='bbox 740 508 843 582; x_wconf 88' lang='lat' dir='ltr'><strong>quam</strong></span> <span class='ocrx_word' id='word_1_11' title='bbox 873 507 935 582; x_wconf 88' lang='lat' dir='ltr'><strong>pro</strong></span> <span class='ocrx_word' id='word_1_12' title='bbox 961 480 1256 557; x_wconf 87' lang='lat' dir='ltr'><strong>indissolubilitste</strong></span> 
     </span>
     <span class='ocr_line' id='line_1_3' title="bbox 138 596 1258 697; baseline -0.004 -24"><span class='ocrx_word' id='word_1_13' title='bbox 138 597 338 673; x_wconf 88' lang='lat' dir='ltr'><strong>sententiam</strong></span> <span class='ocrx_word' id='word_1_14' title='bbox 356 596 486 671; x_wconf 85' lang='lat' dir='ltr'><strong>dixisse</strong></span> <span class='ocrx_word' id='word_1_15' title='bbox 505 598 625 692; x_wconf 79' lang='lat'><strong>(201);</strong></span> <span class='ocrx_word' id='word_1_16' title='bbox 646 612 796 671; x_wconf 88' lang='lat' dir='ltr'><strong>anteum</strong></span> <span class='ocrx_word' id='word_1_17' title='bbox 814 613 971 671; x_wconf 90' lang='lat' dir='ltr'><strong>asserunt</strong></span> <span class='ocrx_word' id='word_1_18' title='bbox 987 597 1186 672; x_wconf 88' lang='lat' dir='ltr'><strong>testimonia</strong></span> <span class='ocrx_word' id='word_1_19' title='bbox 1202 624 1258 697; x_wconf 85' lang='lat' dir='ltr'><strong>pa-</strong></span> 
     </span>
     <span class='ocr_line' id='line_1_4' title="bbox 140 707 1258 808; baseline -0.002 -22"><span class='ocrx_word' id='word_1_20' title='bbox 140 727 227 786; x_wconf 93' lang='lat' dir='ltr'><strong>trum</strong></span> <span class='ocrx_word' id='word_1_21' title='bbox 253 726 287 784; x_wconf 89' lang='lat' dir='ltr'><strong>et</strong></span> <span class='ocrx_word' id='word_1_22' title='bbox 311 708 530 783; x_wconf 86' lang='lat' dir='ltr'><strong>conciliorum</strong></span> <span class='ocrx_word' id='word_1_23' title='bbox 555 732 624 782; x_wconf 88' lang='lat' dir='ltr'><strong>sec.</strong></span> <span class='ocrx_word' id='word_1_24' title='bbox 646 707 706 778; x_wconf 90' lang='lat' dir='ltr'><strong>lli.</strong></span> <span class='ocrx_word' id='word_1_25' title='bbox 735 723 768 781; x_wconf 89' lang='lat' dir='ltr'><strong>et</strong></span> <span class='ocrx_word' id='word_1_26' title='bbox 789 709 842 780; x_wconf 91' lang='lat' dir='ltr'><strong>1v.</strong></span> <span class='ocrx_word' id='word_1_27' title='bbox 870 707 955 780; x_wconf 90' lang='lat' dir='ltr'><strong>nibil</strong></span> <span class='ocrx_word' id='word_1_28' title='bbox 980 708 1258 808; x_wconf 87' lang='lat' dir='ltr'><strong>adprobandum</strong></span> 
     </span>
     <span class='ocr_line' id='line_1_5' title="bbox 138 821 1260 924; baseline -0.003 -25"><span class='ocrx_word' id='word_1_29' title='bbox 138 824 266 911; x_wconf 83' lang='lat' dir='ltr'><strong>valere,</strong></span> <span class='ocrx_word' id='word_1_30' title='bbox 290 822 450 924; x_wconf 90' lang='lat' dir='ltr'><strong>spectatis</strong></span> <span class='ocrx_word' id='word_1_31' title='bbox 469 821 572 895; x_wconf 89' lang='lat' dir='ltr'><strong>buius</strong></span> <span class='ocrx_word' id='word_1_32' title='bbox 597 821 790 910; x_wconf 89' lang='lat' dir='ltr'><strong>doctrinae,</strong></span> <span class='ocrx_word' id='word_1_33' title='bbox 818 837 856 895; x_wconf 94' lang='lat' dir='ltr'><strong>ut</strong></span> <span class='ocrx_word' id='word_1_34' title='bbox 879 821 947 921; x_wconf 92' lang='lat' dir='ltr'><strong>ipsi</strong></span> <span class='ocrx_word' id='word_1_35' title='bbox 973 821 1183 922; x_wconf 89' lang='lat' dir='ltr'><strong>loquuntur,</strong></span> <span class='ocrx_word' id='word_1_36' title='bbox 1201 850 1260 896; x_wconf 78' lang='lat' dir='ltr'><strong>me</strong></span> 
     </span>
     <span class='ocr_line' id='line_1_6' title="bbox 139 936 1259 1038; baseline 0 -26"><span class='ocrx_word' id='word_1_37' title='bbox 139 939 300 1012; x_wconf 78' lang='lat' dir='ltr'><strong>cementis</strong></span> <span class='ocrx_word' id='word_1_38' title='bbox 321 938 494 1037; x_wconf 64' lang='lat' dir='ltr'><strong>praetiosi,</strong></span> <span class='ocrx_word' id='word_1_39' title='bbox 521 936 582 1010; x_wconf 91' lang='lat' dir='ltr'><strong>sed</strong></span> <span class='ocrx_word' id='word_1_40' title='bbox 600 937 643 1009; x_wconf 87' lang='lat' dir='ltr'><strong>ad</strong></span> <span class='ocrx_word' id='word_1_41' title='bbox 662 936 874 1010; x_wconf 78' lang='lat' dir='ltr'><strong>traditionem</strong></span> <span class='ocrx_word' id='word_1_42' title='bbox 892 937 1113 1011; x_wconf 80' lang='lat' dir='ltr'>evincendam</span> <span class='ocrx_word' id='word_1_43' title='bbox 1137 938 1259 1038; x_wconf 89' lang='lat' dir='ltr'><strong>primos</strong></span> 
     </span>
     <span class='ocr_line' id='line_1_7' title="bbox 140 1050 1258 1155; baseline -0.003 -27"><span class='ocrx_word' id='word_1_44' title='bbox 140 1068 270 1155; x_wconf 88' lang='lat' dir='ltr'><strong>patres,</strong></span> <span class='ocrx_word' id='word_1_45' title='bbox 295 1068 396 1152; x_wconf 91' lang='lat' dir='ltr'><strong>atque</strong></span> <span class='ocrx_word' id='word_1_46' title='bbox 413 1052 594 1150; x_wconf 74' lang='lat' dir='ltr'><strong>scriptores</strong></span> <span class='ocrx_word' id='word_1_47' title='bbox 615 1051 862 1126; x_wconf 89' lang='lat' dir='ltr'><strong>ecclesiasticos</strong></span> <span class='ocrx_word' id='word_1_48' title='bbox 880 1050 1021 1151; x_wconf 86' lang='lat' dir='ltr'><strong>prolerri</strong></span> <span class='ocrx_word' id='word_1_49' title='bbox 1040 1051 1185 1139; x_wconf 86' lang='lat' dir='ltr'><strong>debere,</strong></span> <span class='ocrx_word' id='word_1_50' title='bbox 1210 1079 1258 1125; x_wconf 93' lang='lat' dir='ltr'><strong>cu·</strong></span> 
     </span>
     <span class='ocr_line' id='line_1_8' title="bbox 142 1166 1255 1267; baseline 0.001 -27"><span class='ocrx_word' id='word_1_51' title='bbox 142 1167 287 1243; x_wconf 91' lang='lat' dir='ltr'><strong>iusmodi</strong></span> <span class='ocrx_word' id='word_1_52' title='bbox 317 1182 399 1242; x_wconf 92' lang='lat' dir='ltr'><strong>sunt</strong></span> <span class='ocrx_word' id='word_1_53' title='bbox 425 1166 580 1242; x_wconf 80' lang='lat' dir='ltr'><strong>Clemens</strong></span> <span class='ocrx_word' id='word_1_54' title='bbox 607 1192 791 1254; x_wconf 88' lang='lat' dir='ltr'><strong>romanus,</strong></span> <span class='ocrx_word' id='word_1_55' title='bbox 824 1167 997 1265; x_wconf 84' lang='lat' dir='ltr'><strong>ignatius,</strong></span> <span class='ocrx_word' id='word_1_56' title='bbox 1033 1167 1255 1267; x_wconf 81' lang='lat' dir='ltr'><strong>Polycarpus,</strong></span> 
     </span>
     <span class='ocr_line' id='line_1_9' title="bbox 141 1282 1257 1385; baseline -0.001 -28"><span class='ocrx_word' id='word_1_57' title='bbox 141 1284 276 1384; x_wconf 85' lang='lat' dir='ltr'><strong>Papias,</strong></span> <span class='ocrx_word' id='word_1_58' title='bbox 297 1283 356 1385; x_wconf 90' lang='lat' dir='ltr'><strong>qui</strong></span> <span class='ocrx_word' id='word_1_59' title='bbox 375 1299 486 1358; x_wconf 87' lang='lat' dir='ltr'><strong>tamen</strong></span> <span class='ocrx_word' id='word_1_60' title='bbox 504 1283 568 1357; x_wconf 91' lang='lat' dir='ltr'><strong>bac</strong></span> <span class='ocrx_word' id='word_1_61' title='bbox 587 1283 630 1358; x_wconf 89' lang='lat' dir='ltr'><strong>de</strong></span> <span class='ocrx_word' id='word_1_62' title='bbox 652 1309 688 1357; x_wconf 89' lang='lat' dir='ltr'><strong>re</strong></span> <span class='ocrx_word' id='word_1_63' title='bbox 708 1283 775 1357; x_wconf 85' lang='lat' dir='ltr'><strong>alte</strong></span> <span class='ocrx_word' id='word_1_64' title='bbox 787 1283 900 1358; x_wconf 90' lang='lat' dir='ltr'><strong>silent.</strong></span> <span class='ocrx_word' id='word_1_65' title='bbox 918 1282 1024 1370; x_wconf 83' lang='lat' dir='ltr'><strong>Quasi</strong></span> <span class='ocrx_word' id='word_1_66' title='bbox 1043 1309 1170 1384; x_wconf 87' lang='lat' dir='ltr'><strong>nempe</strong></span> <span class='ocrx_word' id='word_1_67' title='bbox 1182 1284 1257 1357; x_wconf 85' lang='lat' dir='ltr'><strong>ller-</strong></span> 
     </span>
     <span class='ocr_line' id='line_1_10' title="bbox 42 1398 1256 1504; baseline -0.002 -31"><span class='ocrx_word' id='word_1_68' title='bbox 42 1501 45 1504; x_wconf 74' lang='lat'><strong>.</strong></span> <span class='ocrx_word' id='word_1_69' title='bbox 141 1424 215 1474; x_wconf 86' lang='lat' dir='ltr'><strong>mas</strong></span> <span class='ocrx_word' id='word_1_70' title='bbox 237 1399 289 1475; x_wconf 84' lang='lat' dir='ltr'><strong>vir</strong></span> <span class='ocrx_word' id='word_1_71' title='bbox 312 1423 379 1472; x_wconf 92' lang='lat' dir='ltr'><strong>non</strong></span> <span class='ocrx_word' id='word_1_72' title='bbox 405 1398 505 1472; x_wconf 84' lang='lat' dir='ltr'><strong>luerit</strong></span> <span class='ocrx_word' id='word_1_73' title='bbox 528 1398 752 1500; x_wconf 88' lang='lat' dir='ltr'><strong>apostolicus,</strong></span> <span class='ocrx_word' id='word_1_74' title='bbox 780 1400 951 1499; x_wconf 89' lang='lat' dir='ltr'><strong>ceterique</strong></span> <span class='ocrx_word' id='word_1_75' title='bbox 972 1398 1175 1489; x_wconf 82' lang='lat' dir='ltr'><strong>debuerint,</strong></span> <span class='ocrx_word' id='word_1_76' title='bbox 1199 1425 1256 1473; x_wconf 96' lang='lat' dir='ltr'><strong>non</strong></span> 
     </span>
     <span class='ocr_line' id='line_1_11' title="bbox 141 1511 1258 1612; baseline -0.003 -25"><span class='ocrx_word' id='word_1_77' title='bbox 141 1511 254 1587; x_wconf 88' lang='lat' dir='ltr'><strong>oblata</strong></span> <span class='ocrx_word' id='word_1_78' title='bbox 274 1511 360 1612; x_wconf 89' lang='lat' dir='ltr'><strong>ipsis</strong></span> <span class='ocrx_word' id='word_1_79' title='bbox 381 1511 559 1586; x_wconf 80' lang='lat' dir='ltr'><strong>occasione</strong></span> <span class='ocrx_word' id='word_1_80' title='bbox 583 1528 643 1585; x_wconf 91' lang='lat' dir='ltr'><strong>aut</strong></span> <span class='ocrx_word' id='word_1_81' title='bbox 673 1513 892 1600; x_wconf 85' lang='lat' dir='ltr'><strong>necessitate,</strong></span> <span class='ocrx_word' id='word_1_82' title='bbox 918 1513 961 1586; x_wconf 91' lang='lat' dir='ltr'><strong>de</strong></span> <span class='ocrx_word' id='word_1_83' title='bbox 990 1512 1152 1587; x_wconf 88' lang='lat' dir='ltr'><strong>omnibus</strong></span> <span class='ocrx_word' id='word_1_84' title='bbox 1182 1513 1258 1586; x_wconf 88' lang='lat' dir='ltr'><strong>scri·</strong></span> 
     </span>
     <span class='ocr_line' id='line_1_12' title="bbox 141 1626 1257 1725; baseline -0.003 -22"><span class='ocrx_word' id='word_1_85' title='bbox 141 1627 233 1703; x_wconf 87' lang='lat' dir='ltr'><strong>bere.</strong></span> <span class='ocrx_word' id='word_1_86' title='bbox 254 1627 430 1716; x_wconf 83' lang='lat' dir='ltr'><strong>Quodnam</strong></span> <span class='ocrx_word' id='word_1_87' title='bbox 449 1627 527 1701; x_wconf 85' lang='lat' dir='ltr'><strong>fidei</strong></span> <span class='ocrx_word' id='word_1_88' title='bbox 545 1627 669 1725; x_wconf 80' lang='lat' dir='ltr'><strong>dogma</strong></span> <span class='ocrx_word' id='word_1_89' title='bbox 689 1626 823 1700; x_wconf 89' lang='lat' dir='ltr'><strong>firmum</strong></span> <span class='ocrx_word' id='word_1_90' title='bbox 840 1628 1058 1714; x_wconf 71' lang='lat' dir='ltr'><strong>consisteret,</strong></span> <span class='ocrx_word' id='word_1_91' title='bbox 1080 1627 1111 1702; x_wconf 89' lang='lat' dir='ltr'><strong>si</strong></span> <span class='ocrx_word' id='word_1_92' title='bbox 1130 1626 1197 1702; x_wconf 88' lang='lat' dir='ltr'><strong>bac</strong></span> <span class='ocrx_word' id='word_1_93' title='bbox 1214 1653 1257 1700; x_wconf 83' lang='lat' dir='ltr'><strong>ro</strong></span> 
     </span>
     <span class='ocr_line' id='line_1_13' title="bbox 142 1738 564 1844; baseline -0.012 -27"><span class='ocrx_word' id='word_1_94' title='bbox 142 1744 223 1844; x_wconf 85' lang='lat' dir='ltr'><strong>gula</strong></span> <span class='ocrx_word' id='word_1_95' title='bbox 246 1759 416 1819; x_wconf 85' lang='lat' dir='ltr'><strong>uteremur</strong></span> <span class='ocrx_word' id='word_1_96' title='bbox 436 1738 564 1839; x_wconf 57' lang='lat' dir='ltr'><strong>(202st</strong></span> 
     </span>
    </p>

    <p class='ocr_par' dir='ltr' id='par_1_3' title="bbox 144 1857 1261 2532">
     <span class='ocr_line' id='line_1_14' title="bbox 227 1857 1258 1959; baseline 0.003 -29"><span class='ocrx_word' id='word_1_97' title='bbox 227 1857 293 1931; x_wconf 82' lang='lat' dir='ltr'><strong>lilii</strong></span> <span class='ocrx_word' id='word_1_98' title='bbox 318 1858 410 1956; x_wconf 85' lang='lat' dir='ltr'><strong>gravi</strong></span> <span class='ocrx_word' id='word_1_99' title='bbox 435 1857 617 1958; x_wconf 89' lang='lat' dir='ltr'><strong>supercilio</strong></span> <span class='ocrx_word' id='word_1_100' title='bbox 642 1883 761 1959; x_wconf 88' lang='lat' dir='ltr'><strong>parum</strong></span> <span class='ocrx_word' id='word_1_101' title='bbox 785 1857 897 1932; x_wconf 88' lang='lat' dir='ltr'><strong>valere</strong></span> <span class='ocrx_word' id='word_1_102' title='bbox 926 1873 1104 1933; x_wconf 89' lang='lat' dir='ltr'><strong>autumant</strong></span> <span class='ocrx_word' id='word_1_103' title='bbox 1126 1859 1258 1958; x_wconf 84' lang='lat' dir='ltr'><strong>&#39;patrum</strong></span> 
     </span>
     <span class='ocr_line' id='line_1_15' title="bbox 145 1973 1259 2075; baseline -0.003 -24"><span class='ocrx_word' id='word_1_104' title='bbox 145 1974 357 2061; x_wconf 87' lang='lat' dir='ltr'><strong>testimonia,</strong></span> <span class='ocrx_word' id='word_1_105' title='bbox 384 1998 425 2048; x_wconf 90' lang='lat' dir='ltr'><strong>eo</strong></span> <span class='ocrx_word' id='word_1_106' title='bbox 450 1973 541 2074; x_wconf 90' lang='lat' dir='ltr'><strong>quod</strong></span> <span class='ocrx_word' id='word_1_107' title='bbox 562 1973 606 2048; x_wconf 89' lang='lat' dir='ltr'><strong>ad</strong></span> <span class='ocrx_word' id='word_1_108' title='bbox 629 1974 738 2048; x_wconf 91' lang='lat' dir='ltr'><strong>instar</strong></span> <span class='ocrx_word' id='word_1_109' title='bbox 754 1974 972 2075; x_wconf 88' lang='lat' dir='ltr'><strong>peculiarium</strong></span> <span class='ocrx_word' id='word_1_110' title='bbox 990 1974 1193 2074; x_wconf 91' lang='lat' dir='ltr'><strong>opinionum</strong></span> <span class='ocrx_word' id='word_1_111' title='bbox 1208 1991 1259 2048; x_wconf 90' lang='lat' dir='ltr'><strong>aut</strong></span> 
     </span>
     <span class='ocr_line' id='line_1_16' title="bbox 145 2087 1260 2190; baseline -0.001 -26"><span class='ocrx_word' id='word_1_112' title='bbox 145 2089 388 2166; x_wconf 87' lang='lat' dir='ltr'><strong>sententiarum</strong></span> <span class='ocrx_word' id='word_1_113' title='bbox 406 2087 523 2162; x_wconf 86' lang='lat' dir='ltr'><strong>baberi</strong></span> <span class='ocrx_word' id='word_1_114' title='bbox 543 2088 706 2177; x_wconf 89' lang='lat' dir='ltr'><strong>debeant,</strong></span> <span class='ocrx_word' id='word_1_115' title='bbox 727 2115 815 2189; x_wconf 89' lang='lat' dir='ltr'><strong>quae</strong></span> <span class='ocrx_word' id='word_1_116' title='bbox 840 2104 1053 2188; x_wconf 86' lang='lat' dir='ltr'><strong>comparatae</strong></span> <span class='ocrx_word' id='word_1_117' title='bbox 1069 2106 1176 2190; x_wconf 87' lang='lat' dir='ltr'><strong>atque</strong></span> <span class='ocrx_word' id='word_1_118' title='bbox 1191 2115 1260 2165; x_wconf 81' lang='lat' dir='ltr'><strong>exa·</strong></span> 
     </span>
     <span class='ocr_line' id='line_1_17' title="bbox 144 2203 1261 2305; baseline -0.002 -27"><span class='ocrx_word' id='word_1_119' title='bbox 144 2220 219 2279; x_wconf 90' lang='lat' dir='ltr'><strong>ctae</strong></span> <span class='ocrx_word' id='word_1_120' title='bbox 242 2203 286 2277; x_wconf 89' lang='lat' dir='ltr'><strong>ad</strong></span> <span class='ocrx_word' id='word_1_121' title='bbox 311 2229 461 2278; x_wconf 87' lang='lat' dir='ltr'><strong>normam</strong></span> <span class='ocrx_word' id='word_1_122' title='bbox 488 2203 684 2278; x_wconf 81' lang='lat' dir='ltr'><strong>recentioris</strong></span> <span class='ocrx_word' id='word_1_123' title='bbox 709 2203 964 2303; x_wconf 86' lang='lat' dir='ltr'><strong>philosophiae,</strong></span> <span class='ocrx_word' id='word_1_124' title='bbox 987 2204 1174 2293; x_wconf 84' lang='lat' dir='ltr'><strong>historiae,</strong></span> <span class='ocrx_word' id='word_1_125' title='bbox 1195 2205 1261 2305; x_wconf 84' lang='lat' dir='ltr'><strong>pbi-</strong></span> 
     </span>
     <span class='ocr_line' id='line_1_18' title="bbox 144 2316 1260 2416; baseline -0.001 -24"><span class='ocrx_word' id='word_1_126' title='bbox 144 2317 303 2416; x_wconf 87' lang='lat' dir='ltr'><strong>lologiae,</strong></span> <span class='ocrx_word' id='word_1_127' title='bbox 323 2333 357 2392; x_wconf 88' lang='lat' dir='ltr'><strong>et</strong></span> <span class='ocrx_word' id='word_1_128' title='bbox 373 2316 509 2392; x_wconf 88' lang='lat' dir='ltr'><strong>criticae</strong></span> <span class='ocrx_word' id='word_1_129' title='bbox 534 2316 742 2393; x_wconf 87' lang='lat' dir='ltr'><strong>sublimioris</strong></span> <span class='ocrx_word' id='word_1_130' title='bbox 767 2317 886 2393; x_wconf 88' lang='lat' dir='ltr'><strong>cedere</strong></span> <span class='ocrx_word' id='word_1_131' title='bbox 910 2316 1056 2392; x_wconf 88' lang='lat' dir='ltr'><strong>debeant</strong></span> <span class='ocrx_word' id='word_1_132' title='bbox 1072 2318 1260 2394; x_wconf 80' lang='lat' dir='ltr'><strong>sanioribus</strong></span> 
     </span>
     <span class='ocr_line' id='line_1_19' title="bbox 145 2431 1260 2532; baseline 0 -25"><span class='ocrx_word' id='word_1_133' title='bbox 145 2433 371 2509; x_wconf 87' lang='lat' dir='ltr'><strong>doctrinarum</strong></span> <span class='ocrx_word' id='word_1_134' title='bbox 398 2431 576 2532; x_wconf 90' lang='lat' dir='ltr'><strong>principiis</strong></span> <span class='ocrx_word' id='word_1_135' title='bbox 597 2434 711 2530; x_wconf 81' lang='lat'>(203).</span> <span class='ocrx_word' id='word_1_136' title='bbox 737 2434 900 2508; x_wconf 88' lang='lat' dir='ltr'><strong>Nimirum</strong></span> <span class='ocrx_word' id='word_1_137' title='bbox 926 2460 967 2507; x_wconf 83' lang='lat' dir='ltr'><strong>ex</strong></span> <span class='ocrx_word' id='word_1_138' title='bbox 996 2434 1139 2508; x_wconf 87' lang='lat' dir='ltr'><strong>istorum</strong></span> <span class='ocrx_word' id='word_1_139' title='bbox 1167 2459 1260 2509; x_wconf 87' lang='lat' dir='ltr'><strong>sensu</strong></span> 
     </span>
    </p>
   </div>
   <div class='ocr_carea' id='block_1_3' title="bbox 145 2549 1260 3111">
    <p class='ocr_par' dir='ltr' id='par_1_4' title="bbox 145 2549 1260 3111">
     <span class='ocr_line' id='line_1_20' title="bbox 145 2549 1260 2651; baseline -0.004 -26"><span class='ocrx_word' id='word_1_140' title='bbox 145 2566 273 2641; x_wconf 77' lang='lat' dir='ltr'><strong>veteres</strong></span> <span class='ocrx_word' id='word_1_141' title='bbox 285 2575 402 2624; x_wconf 89' lang='lat' dir='ltr'><strong>omnes</strong></span> <span class='ocrx_word' id='word_1_142' title='bbox 416 2549 551 2651; x_wconf 82' lang='lat' dir='ltr'><strong>pygmei</strong></span> <span class='ocrx_word' id='word_1_143' title='bbox 566 2565 661 2636; x_wconf 89' lang='lat' dir='ltr'><strong>sunt,</strong></span> <span class='ocrx_word' id='word_1_144' title='bbox 682 2550 712 2624; x_wconf 89' lang='lat' dir='ltr'><strong>si</strong></span> <span class='ocrx_word' id='word_1_145' title='bbox 734 2550 831 2624; x_wconf 84' lang='lat' dir='ltr'><strong>novis</strong></span> <span class='ocrx_word' id='word_1_146' title='bbox 851 2550 945 2622; x_wconf 90' lang='lat' dir='ltr'><strong>hisce</strong></span> <span class='ocrx_word' id='word_1_147' title='bbox 962 2550 1161 2649; x_wconf 82' lang='lat' dir='ltr'><strong>gigantibus</strong></span> <span class='ocrx_word' id='word_1_148' title='bbox 1178 2576 1260 2624; x_wconf 89' lang='lat' dir='ltr'><strong>con-</strong></span> 
     </span>
     <span class='ocr_line' id='line_1_21' title="bbox 145 2664 1259 2769; baseline -0.004 -28"><span class='ocrx_word' id='word_1_149' title='bbox 145 2682 323 2769; x_wconf 81' lang='lat' dir='ltr'><strong>parentur,</strong></span> <span class='ocrx_word' id='word_1_150' title='bbox 351 2666 410 2765; x_wconf 92' lang='lat' dir='ltr'><strong>qui</strong></span> <span class='ocrx_word' id='word_1_151' title='bbox 436 2665 599 2740; x_wconf 83' lang='lat' dir='ltr'><strong>ecclesiae</strong></span> <span class='ocrx_word' id='word_1_152' title='bbox 630 2664 802 2738; x_wconf 86' lang='lat' dir='ltr'><strong>doctrinae</strong></span> <span class='ocrx_word' id='word_1_153' title='bbox 827 2665 1059 2738; x_wconf 86' lang='lat' dir='ltr'><strong>adversantur.</strong></span> <span class='ocrx_word' id='word_1_154' title='bbox 1097 2665 1165 2738; x_wconf 79' lang='lat' dir='ltr'><strong>dlii</strong></span> <span class='ocrx_word' id='word_1_155' title='bbox 1189 2690 1259 2738; x_wconf 88' lang='lat' dir='ltr'><strong>vcro</strong></span> 
     </span>
     <span class='ocr_line' id='line_1_22' title="bbox 146 2780 1260 2882; baseline -0.004 -26"><span class='ocrx_word' id='word_1_156' title='bbox 146 2783 299 2882; x_wconf 86' lang='lat' dir='ltr'><strong>patribus</strong></span> <span class='ocrx_word' id='word_1_157' title='bbox 317 2783 382 2856; x_wconf 88' lang='lat' dir='ltr'><strong>bac</strong></span> <span class='ocrx_word' id='word_1_158' title='bbox 404 2783 438 2854; x_wconf 93' lang='lat' dir='ltr'><strong>in</strong></span> <span class='ocrx_word' id='word_1_159' title='bbox 464 2809 500 2856; x_wconf 90' lang='lat' dir='ltr'><strong>re</strong></span> <span class='ocrx_word' id='word_1_160' title='bbox 525 2781 724 2867; x_wconf 87' lang='lat' dir='ltr'><strong>detrabunt,</strong></span> <span class='ocrx_word' id='word_1_161' title='bbox 747 2780 837 2880; x_wconf 92' lang='lat' dir='ltr'><strong>quod</strong></span> <span class='ocrx_word' id='word_1_162' title='bbox 863 2782 1049 2855; x_wconf 83' lang='lat' dir='ltr'><strong>monastico</strong></span> <span class='ocrx_word' id='word_1_163' title='bbox 1066 2781 1191 2880; x_wconf 91' lang='lat' dir='ltr'><strong>spiritu</strong></span> <span class='ocrx_word' id='word_1_164' title='bbox 1209 2781 1260 2851; x_wconf 91' lang='lat' dir='ltr'><strong>im·</strong></span> 
     </span>
     <span class='ocr_line' id='line_1_23' title="bbox 145 2895 1257 2993; baseline -0.005 -21"><span class='ocrx_word' id='word_1_165' title='bbox 145 2898 237 2985; x_wconf 91' lang='lat' dir='ltr'><strong>buti,</strong></span> <span class='ocrx_word' id='word_1_166' title='bbox 265 2899 367 2972; x_wconf 90' lang='lat' dir='ltr'><strong>nimis</strong></span> <span class='ocrx_word' id='word_1_167' title='bbox 393 2897 550 2972; x_wconf 88' lang='lat' dir='ltr'><strong>asceticis</strong></span> <span class='ocrx_word' id='word_1_168' title='bbox 568 2897 654 2971; x_wconf 91' lang='lat' dir='ltr'><strong>ideis</strong></span> <span class='ocrx_word' id='word_1_169' title='bbox 673 2895 885 2993; x_wconf 89' lang='lat' dir='ltr'><strong>indulgerent</strong></span> <span class='ocrx_word' id='word_1_170' title='bbox 900 2898 1014 2992; x_wconf 76' lang='lat' dir='ltr'><strong>(tot).</strong></span> <span class='ocrx_word' id='word_1_171' title='bbox 1045 2896 1113 2968; x_wconf 79' lang='lat' dir='ltr'><strong>Alii</strong></span> <span class='ocrx_word' id='word_1_172' title='bbox 1132 2897 1257 2970; x_wconf 90' lang='lat' dir='ltr'><strong>demum</strong></span> 
     </span>
     <span class='ocr_line' id='line_1_24' title="bbox 147 3011 1258 3111; baseline -0.002 -26"><span class='ocrx_word' id='word_1_173' title='bbox 147 3038 212 3088; x_wconf 91' lang='lat' dir='ltr'><strong>non</strong></span> <span class='ocrx_word' id='word_1_174' title='bbox 237 3028 391 3088; x_wconf 85' lang='lat' dir='ltr'><strong>verentur</strong></span> <span class='ocrx_word' id='word_1_175' title='bbox 415 3012 587 3086; x_wconf 86' lang='lat' dir='ltr'><strong>adstruere</strong></span> <span class='ocrx_word' id='word_1_176' title='bbox 608 3038 726 3111; x_wconf 93' lang='lat' dir='ltr'><strong>parum</strong></span> <span class='ocrx_word' id='word_1_177' title='bbox 753 3011 926 3085; x_wconf 88' lang='lat' dir='ltr'><strong>fidendum</strong></span> <span class='ocrx_word' id='word_1_178' title='bbox 952 3011 1158 3085; x_wconf 88' lang='lat' dir='ltr'><strong>testimoniis</strong></span> <span class='ocrx_word' id='word_1_179' title='bbox 1180 3026 1258 3083; x_wconf 81' lang='lat' dir='ltr'><strong>vete</strong></span> 
     </span>
    </p>
   </div>
   <div class='ocr_carea' id='block_1_4' title="bbox 145 3286 1261 4388">
    <p class='ocr_par' dir='ltr' id='par_1_5' title="bbox 222 3286 1099 3352">
     <span class='ocr_line' id='line_1_25' title="bbox 222 3286 1099 3352; baseline -0.005 -14"><span class='ocrx_word' id='word_1_180' title='bbox 222 3288 288 3350; x_wconf 85' lang='lat' dir='ltr'><strong>(titi)</strong></span> <span class='ocrx_word' id='word_1_181' title='bbox 303 3289 338 3337; x_wconf 87' lang='lat' dir='ltr'><strong>Ut</strong></span> <span class='ocrx_word' id='word_1_182' title='bbox 357 3290 442 3338; x_wconf 88' lang='lat' dir='ltr'><strong>auctor</strong></span> <span class='ocrx_word' id='word_1_183' title='bbox 459 3287 602 3352; x_wconf 75' lang='lat' dir='ltr'><strong>Epistotar.</strong></span> <span class='ocrx_word' id='word_1_184' title='bbox 620 3287 653 3339; x_wconf 86' lang='lat' dir='ltr'><strong>de</strong></span> <span class='ocrx_word' id='word_1_185' title='bbox 669 3286 905 3339; x_wconf 81' lang='lat' dir='ltr'><strong>indissolubilitete</strong></span> <span class='ocrx_word' id='word_1_186' title='bbox 925 3287 1099 3336; x_wconf 77' lang='lat' dir='ltr'><strong>matrimonii.</strong></span> 
     </span>
    </p>

    <p class='ocr_par' dir='ltr' id='par_1_6' title="bbox 145 3363 1261 4074">
     <span class='ocr_line' id='line_1_26' title="bbox 221 3363 1256 3432; baseline -0.004 -14"><span class='ocrx_word' id='word_1_187' title='bbox 221 3367 287 3430; x_wconf 82' lang='lat' dir='ltr'><strong>(tot)</strong></span> <span class='ocrx_word' id='word_1_188' title='bbox 302 3369 394 3419; x_wconf 80' lang='lat' dir='ltr'><strong>Notum</strong></span> <span class='ocrx_word' id='word_1_189' title='bbox 404 3369 442 3419; x_wconf 87' lang='lat' dir='ltr'><strong>est</strong></span> <span class='ocrx_word' id='word_1_190' title='bbox 450 3369 613 3432; x_wconf 68' lang='lat' dir='ltr'><strong>suprstinurn</strong></span> <span class='ocrx_word' id='word_1_191' title='bbox 623 3368 741 3418; x_wconf 82' lang='lat' dir='ltr'><strong>adversus</strong></span> <span class='ocrx_word' id='word_1_192' title='bbox 755 3367 896 3431; x_wconf 81' lang='lat' dir='ltr'><strong>pelagianos</strong></span> <span class='ocrx_word' id='word_1_193' title='bbox 912 3365 1036 3417; x_wconf 75' lang='lat' dir='ltr'><strong>undecim</strong></span> <span class='ocrx_word' id='word_1_194' title='bbox 1045 3367 1130 3429; x_wconf 76' lang='lat' dir='ltr'><strong>patres</strong></span> <span class='ocrx_word' id='word_1_195' title='bbox 1145 3363 1256 3423; x_wconf 64' lang='lat' dir='ltr'><strong>taurinae</strong></span> 
     </span>
     <span class='ocr_line' id='line_1_27' title="bbox 145 3441 1257 3513; baseline -0.006 -16"><span class='ocrx_word' id='word_1_196' title='bbox 145 3445 265 3512; x_wconf 65' lang='lat' dir='ltr'><strong>amodum</strong></span> <span class='ocrx_word' id='word_1_197' title='bbox 286 3457 344 3497; x_wconf 83' lang='lat' dir='ltr'><strong>vero</strong></span> <span class='ocrx_word' id='word_1_198' title='bbox 363 3448 543 3497; x_wconf 87' lang='lat' dir='ltr'><strong>oecumenicam</strong></span> <span class='ocrx_word' id='word_1_199' title='bbox 554 3448 695 3513; x_wconf 80' lang='lat' dir='ltr'><strong>ephesinam</strong></span> <span class='ocrx_word' id='word_1_200' title='bbox 707 3446 840 3497; x_wconf 86' lang='lat' dir='ltr'><strong>duodecim</strong></span> <span class='ocrx_word' id='word_1_201' title='bbox 853 3445 978 3505; x_wconf 69' lang='lat' dir='ltr'><strong>adnitere,</strong></span> <span class='ocrx_word' id='word_1_202' title='bbox 995 3456 1088 3507; x_wconf 87' lang='lat' dir='ltr'><strong>eosque</strong></span> <span class='ocrx_word' id='word_1_203' title='bbox 1108 3444 1205 3495; x_wconf 85' lang='lat' dir='ltr'><strong>citimos</strong></span> <span class='ocrx_word' id='word_1_204' title='bbox 1223 3441 1257 3491; x_wconf 85' lang='lat' dir='ltr'><strong>ad·</strong></span> 
     </span>
     <span class='ocr_line' id='line_1_28' title="bbox 147 3521 1258 3589; baseline -0.005 -14"><span class='ocrx_word' id='word_1_205' title='bbox 147 3539 232 3577; x_wconf 83' lang='lat' dir='ltr'><strong>versus</strong></span> <span class='ocrx_word' id='word_1_206' title='bbox 251 3526 404 3587; x_wconf 79' lang='lat' dir='ltr'><strong>Nestorium,</strong></span> <span class='ocrx_word' id='word_1_207' title='bbox 417 3540 480 3589; x_wconf 91' lang='lat' dir='ltr'><strong>quos</strong></span> <span class='ocrx_word' id='word_1_208' title='bbox 490 3528 602 3578; x_wconf 87' lang='lat' dir='ltr'><strong>suiticere</strong></span> <span class='ocrx_word' id='word_1_209' title='bbox 620 3527 652 3577; x_wconf 88' lang='lat' dir='ltr'><strong>ad</strong></span> <span class='ocrx_word' id='word_1_210' title='bbox 670 3526 822 3577; x_wconf 88' lang='lat' dir='ltr'><strong>reddendum</strong></span> <span class='ocrx_word' id='word_1_211' title='bbox 833 3524 1001 3576; x_wconf 88' lang='lat' dir='ltr'><strong>testimonium</strong></span> <span class='ocrx_word' id='word_1_212' title='bbox 1016 3523 1073 3574; x_wconf 89' lang='lat' dir='ltr'><strong>lidei</strong></span> <span class='ocrx_word' id='word_1_213' title='bbox 1090 3521 1258 3574; x_wconf 69' lang='lat' dir='ltr'><strong>erdesiaeeri·</strong></span> 
     </span>
     <span class='ocr_line' id='line_1_29' title="bbox 146 3601 1259 3666; baseline -0.006 -9"><span class='ocrx_word' id='word_1_214' title='bbox 146 3606 286 3657; x_wconf 83' lang='lat' dir='ltr'><strong>stimcmrrt.</strong></span> <span class='ocrx_word' id='word_1_215' title='bbox 306 3604 344 3656; x_wconf 87' lang='lat' dir='ltr'><strong>ct.</strong></span> <span class='ocrx_word' id='word_1_216' title='bbox 357 3605 484 3654; x_wconf 82' lang='lat' dir='ltr'><strong>Petavium</strong></span> <span class='ocrx_word' id='word_1_217' title='bbox 496 3609 533 3656; x_wconf 85' lang='lat' dir='ltr'><strong>De</strong></span> <span class='ocrx_word' id='word_1_218' title='bbox 548 3609 681 3658; x_wconf 82' lang='lat' dir='ltr'><strong>incarnat.</strong></span> <span class='ocrx_word' id='word_1_219' title='bbox 703 3606 746 3656; x_wconf 90' lang='lat' dir='ltr'><strong>lib.</strong></span> <span class='ocrx_word' id='word_1_220' title='bbox 767 3608 832 3656; x_wconf 82' lang='lat' dir='ltr'><strong>xiv.</strong></span> <span class='ocrx_word' id='word_1_221' title='bbox 847 3618 869 3655; x_wconf 88' lang='lat' dir='ltr'><strong>c.</strong></span> <span class='ocrx_word' id='word_1_222' title='bbox 882 3607 935 3653; x_wconf 82' lang='lat' dir='ltr'><strong>xv.</strong></span> <span class='ocrx_word' id='word_1_223' title='bbox 949 3618 974 3652; x_wconf 91' lang='lat' dir='ltr'><strong>n.</strong></span> <span class='ocrx_word' id='word_1_224' title='bbox 991 3611 1086 3666; x_wconf 80' lang='lat' dir='ltr'><strong>tseqq.</strong></span> <span class='ocrx_word' id='word_1_225' title='bbox 1103 3603 1148 3652; x_wconf 91' lang='lat' dir='ltr'><strong>ubi</strong></span> <span class='ocrx_word' id='word_1_226' title='bbox 1163 3601 1259 3653; x_wconf 81' lang='lat' dir='ltr'><strong>ostendit</strong></span> 
     </span>
     <span class='ocr_line' id='line_1_30' title="bbox 145 3682 1259 3750; baseline -0.005 -14"><span class='ocrx_word' id='word_1_227' title='bbox 145 3685 338 3738; x_wconf 87' lang='lat' dir='ltr'><strong>luculentissime</strong></span> <span class='ocrx_word' id='word_1_228' title='bbox 347 3685 502 3736; x_wconf 84' lang='lat' dir='ltr'><strong>consuevisse</strong></span> <span class='ocrx_word' id='word_1_229' title='bbox 513 3687 617 3736; x_wconf 87' lang='lat' dir='ltr'><strong>concilia</strong></span> <span class='ocrx_word' id='word_1_230' title='bbox 626 3689 650 3737; x_wconf 90' lang='lat' dir='ltr'><strong>et</strong></span> <span class='ocrx_word' id='word_1_231' title='bbox 663 3688 745 3750; x_wconf 81' lang='lat' dir='ltr'><strong>patres</strong></span> <span class='ocrx_word' id='word_1_232' title='bbox 757 3698 806 3735; x_wconf 90' lang='lat' dir='ltr'><strong>nou</strong></span> <span class='ocrx_word' id='word_1_233' title='bbox 816 3685 848 3735; x_wconf 80' lang='lat' dir='ltr'><strong>ab</strong></span> <span class='ocrx_word' id='word_1_234' title='bbox 860 3685 1060 3748; x_wconf 72' lang='lat' dir='ltr'><strong>untiqmmtmtr,</strong></span> <span class='ocrx_word' id='word_1_235' title='bbox 1074 3682 1120 3732; x_wconf 86' lang='lat' dir='ltr'><strong>sed</strong></span> <span class='ocrx_word' id='word_1_236' title='bbox 1131 3682 1163 3732; x_wconf 85' lang='lat' dir='ltr'><strong>ab</strong></span> <span class='ocrx_word' id='word_1_237' title='bbox 1173 3685 1259 3734; x_wconf 74' lang='lat' dir='ltr'><strong>cirino</strong></span> 
     </span>
     <span class='ocr_line' id='line_1_31' title="bbox 145 3757 1259 3831; baseline -0.006 -14"><span class='ocrx_word' id='word_1_238' title='bbox 145 3766 243 3831; x_wconf 87' lang='lat' dir='ltr'><strong>potins,</strong></span> <span class='ocrx_word' id='word_1_239' title='bbox 263 3767 288 3817; x_wconf 90' lang='lat' dir='ltr'><strong>et</strong></span> <span class='ocrx_word' id='word_1_240' title='bbox 299 3762 404 3813; x_wconf 87' lang='lat' dir='ltr'><strong>recentis</strong></span> <span class='ocrx_word' id='word_1_241' title='bbox 413 3765 545 3815; x_wconf 78' lang='lat' dir='ltr'><strong>memoriae</strong></span> <span class='ocrx_word' id='word_1_242' title='bbox 555 3764 697 3816; x_wconf 88' lang='lat' dir='ltr'><strong>doctoribus</strong></span> <span class='ocrx_word' id='word_1_243' title='bbox 715 3764 871 3828; x_wconf 80' lang='lat' dir='ltr'><strong>probationes</strong></span> <span class='ocrx_word' id='word_1_244' title='bbox 888 3765 913 3813; x_wconf 89' lang='lat' dir='ltr'><strong>et</strong></span> <span class='ocrx_word' id='word_1_245' title='bbox 929 3762 1071 3812; x_wconf 80' lang='lat' dir='ltr'><strong>testimonis</strong></span> <span class='ocrx_word' id='word_1_246' title='bbox 1085 3762 1182 3812; x_wconf 75' lang='lat' dir='ltr'><strong>aliene.</strong></span> <span class='ocrx_word' id='word_1_247' title='bbox 1197 3757 1259 3819; x_wconf 83' lang='lat' dir='ltr'><strong>Quot</strong></span> 
     </span>
     <span class='ocr_line' id='line_1_32' title="bbox 146 3839 1260 3909; baseline -0.004 -13"><span class='ocrx_word' id='word_1_248' title='bbox 146 3847 260 3897; x_wconf 76' lang='lat' dir='ltr'><strong>adductis</strong></span> <span class='ocrx_word' id='word_1_249' title='bbox 268 3843 479 3896; x_wconf 78' lang='lat' dir='ltr'><strong>oecumenicarum</strong></span> <span class='ocrx_word' id='word_1_250' title='bbox 497 3845 641 3909; x_wconf 82' lang='lat' dir='ltr'><strong>ephesinae,</strong></span> <span class='ocrx_word' id='word_1_251' title='bbox 660 3844 878 3905; x_wconf 86' lang='lat' dir='ltr'><strong>chalcedonensis,</strong></span> <span class='ocrx_word' id='word_1_252' title='bbox 897 3842 998 3905; x_wconf 86' lang='lat' dir='ltr'><strong>quintae</strong></span> <span class='ocrx_word' id='word_1_253' title='bbox 1015 3843 1041 3892; x_wconf 88' lang='lat' dir='ltr'><strong>et</strong></span> <span class='ocrx_word' id='word_1_254' title='bbox 1061 3845 1147 3892; x_wconf 73' lang='lat' dir='ltr'><strong>sextae</strong></span> <span class='ocrx_word' id='word_1_255' title='bbox 1165 3839 1260 3903; x_wconf 74' lang='lat' dir='ltr'><strong>synode</strong></span> 
     </span>
     <span class='ocr_line' id='line_1_33' title="bbox 146 3921 1261 3992; baseline -0.007 -15"><span class='ocrx_word' id='word_1_256' title='bbox 146 3942 201 3978; x_wconf 91' lang='lat' dir='ltr'><strong>rum</strong></span> <span class='ocrx_word' id='word_1_257' title='bbox 222 3928 358 3992; x_wconf 82' lang='lat' dir='ltr'><strong>exemplis,</strong></span> <span class='ocrx_word' id='word_1_258' title='bbox 376 3940 421 3979; x_wconf 91' lang='lat' dir='ltr'><strong>nec</strong></span> <span class='ocrx_word' id='word_1_259' title='bbox 438 3938 487 3975; x_wconf 91' lang='lat' dir='ltr'><strong>non</strong></span> <span class='ocrx_word' id='word_1_260' title='bbox 504 3926 649 3990; x_wconf 80' lang='lat' dir='ltr'><strong>Augustini,</strong></span> <span class='ocrx_word' id='word_1_261' title='bbox 660 3925 826 3986; x_wconf 85' lang='lat' dir='ltr'><strong>Theodoreti,</strong></span> <span class='ocrx_word' id='word_1_262' title='bbox 846 3923 931 3986; x_wconf 74' lang='lat' dir='ltr'><strong>cyrilli</strong></span> <span class='ocrx_word' id='word_1_263' title='bbox 951 3925 1026 3982; x_wconf 66' lang='lat' dir='ltr'><strong>ater,</strong></span> <span class='ocrx_word' id='word_1_264' title='bbox 1047 3922 1141 3973; x_wconf 61' lang='lat' dir='ltr'><strong>Geiffli</strong></span> <span class='ocrx_word' id='word_1_265' title='bbox 1151 3921 1261 3986; x_wconf 82' lang='lat' dir='ltr'><strong>pontilicis</strong></span> 
     </span>
     <span class='ocr_line' id='line_1_34' title="bbox 147 4003 953 4074; baseline -0.006 -18"><span class='ocrx_word' id='word_1_266' title='bbox 147 4008 173 4057; x_wconf 91' lang='lat' dir='ltr'><strong>in</strong></span> <span class='ocrx_word' id='word_1_267' title='bbox 192 4008 334 4072; x_wconf 73' lang='lat' dir='ltr'><strong>dogmatum</strong></span> <span class='ocrx_word' id='word_1_268' title='bbox 352 4007 546 4074; x_wconf 84' lang='lat' dir='ltr'><strong>propugnatione</strong></span> <span class='ocrx_word' id='word_1_269' title='bbox 562 4005 680 4056; x_wconf 76' lang='lat' dir='ltr'><strong>adversm</strong></span> <span class='ocrx_word' id='word_1_270' title='bbox 696 4005 833 4055; x_wconf 78' lang='lat' dir='ltr'><strong>haereticos</strong></span> <span class='ocrx_word' id='word_1_271' title='bbox 854 4003 953 4054; x_wconf 83' lang='lat' dir='ltr'><strong>evincit.</strong></span> 
     </span>
    </p>

    <p class='ocr_par' dir='ltr' id='par_1_7' title="bbox 146 4083 1259 4231">
     <span class='ocr_line' id='line_1_35' title="bbox 221 4083 1259 4153; baseline -0.01 -12"><span class='ocrx_word' id='word_1_272' title='bbox 221 4091 287 4152; x_wconf 77' lang='lat' dir='ltr'><strong>(tot)</strong></span> <span class='ocrx_word' id='word_1_273' title='bbox 303 4090 339 4140; x_wconf 88' lang='lat' dir='ltr'><strong>lta</strong></span> <span class='ocrx_word' id='word_1_274' title='bbox 358 4091 424 4139; x_wconf 83' lang='lat' dir='ltr'><strong>auct.</strong></span> <span class='ocrx_word' id='word_1_275' title='bbox 445 4101 485 4153; x_wconf 87' lang='lat' dir='ltr'><strong>op.</strong></span> <span class='ocrx_word' id='word_1_276' title='bbox 509 4101 584 4152; x_wconf 86' lang='lat' dir='ltr'><strong>germ.</strong></span> <span class='ocrx_word' id='word_1_277' title='bbox 606 4086 716 4151; x_wconf 73' lang='lat' dir='ltr'><strong>Iaeqottt.</strong></span> <span class='ocrx_word' id='word_1_278' title='bbox 747 4085 858 4137; x_wconf 84' lang='lat' dir='ltr'><strong>divortit</strong></span> <span class='ocrx_word' id='word_1_279' title='bbox 880 4083 967 4135; x_wconf 79' lang='lat' dir='ltr'><strong>ctoitis</strong></span> <span class='ocrx_word' id='word_1_280' title='bbox 987 4086 1015 4133; x_wconf 88' lang='lat' dir='ltr'><strong>itt</strong></span> <span class='ocrx_word' id='word_1_281' title='bbox 1036 4084 1167 4134; x_wconf 64' lang='lat' dir='ltr'><strong>Bouana.</strong></span> <span class='ocrx_word' id='word_1_282' title='bbox 1188 4084 1259 4132; x_wconf 78' lang='lat' dir='ltr'><strong>tione·</strong></span> 
     </span>
     <span class='ocr_line' id='line_1_36' title="bbox 146 4167 477 4231; baseline 0.006 -16"><span class='ocrx_word' id='word_1_283' title='bbox 146 4167 197 4216; x_wconf 86' lang='lat' dir='ltr'><strong>obii</strong></span> <span class='ocrx_word' id='word_1_284' title='bbox 213 4174 281 4219; x_wconf 80' lang='lat' dir='ltr'><strong>isto.</strong></span> <span class='ocrx_word' id='word_1_285' title='bbox 295 4180 351 4231; x_wconf 84' lang='lat' dir='ltr'><strong>pag.</strong></span> <span class='ocrx_word' id='word_1_286' title='bbox 364 4172 392 4218; x_wconf 83' lang='lat' dir='ltr'><strong>nt</strong></span> <span class='ocrx_word' id='word_1_287' title='bbox 407 4181 477 4231; x_wconf 85' lang='lat' dir='ltr'><strong>seqq.</strong></span> 
     </span>
    </p>

    <p class='ocr_par' dir='ltr' id='par_1_8' title="bbox 147 4241 1259 4388">
     <span class='ocr_line' id='line_1_37' title="bbox 221 4241 1255 4310; baseline -0.008 -12"><span class='ocrx_word' id='word_1_288' title='bbox 221 4249 287 4310; x_wconf 80' lang='lat' dir='ltr'><strong>(toi)</strong></span> <span class='ocrx_word' id='word_1_289' title='bbox 303 4250 337 4299; x_wconf 89' lang='lat' dir='ltr'><strong>Ut</strong></span> <span class='ocrx_word' id='word_1_290' title='bbox 352 4247 470 4298; x_wconf 77' lang='lat' dir='ltr'><strong>anard.</strong></span> <span class='ocrx_word' id='word_1_291' title='bbox 489 4246 566 4297; x_wconf 80' lang='lat' dir='ltr'><strong>Seuer</strong></span> <span class='ocrx_word' id='word_1_292' title='bbox 585 4246 610 4294; x_wconf 94' lang='lat' dir='ltr'><strong>in</strong></span> <span class='ocrx_word' id='word_1_293' title='bbox 629 4247 738 4296; x_wconf 69' lang='lat' dir='ltr'><strong>Dircen.</strong></span> <span class='ocrx_word' id='word_1_294' title='bbox 751 4247 824 4295; x_wconf 82' lang='lat' dir='ltr'><strong>circo</strong></span> <span class='ocrx_word' id='word_1_295' title='bbox 838 4245 951 4308; x_wconf 79' lang='lat' dir='ltr'><strong>quaest:</strong></span> <span class='ocrx_word' id='word_1_296' title='bbox 965 4243 1014 4292; x_wconf 75' lang='lat' dir='ltr'><strong>Bet</strong></span> <span class='ocrx_word' id='word_1_297' title='bbox 1031 4254 1065 4292; x_wconf 84' lang='lat' dir='ltr'><strong>tre</strong></span> <span class='ocrx_word' id='word_1_298' title='bbox 1075 4241 1194 4292; x_wconf 74' lang='lat' dir='ltr'><strong>rotaticos</strong></span> <span class='ocrx_word' id='word_1_299' title='bbox 1207 4241 1255 4290; x_wconf 76' lang='lat' dir='ltr'><strong>oin·</strong></span> 
     </span>
     <span class='ocr_line' id='line_1_38' title="bbox 147 4321 1259 4388; baseline -0.004 -13"><span class='ocrx_word' id='word_1_300' title='bbox 147 4323 201 4375; x_wconf 79' lang='lat' dir='ltr'><strong>eut.</strong></span> <span class='ocrx_word' id='word_1_301' title='bbox 216 4327 319 4388; x_wconf 72' lang='lat' dir='ltr'><strong>contro.</strong></span> <span class='ocrx_word' id='word_1_302' title='bbox 341 4325 373 4377; x_wconf 87' lang='lat' dir='ltr'><strong>ot</strong></span> <span class='ocrx_word' id='word_1_303' title='bbox 388 4325 552 4377; x_wconf 65' lang='lat' dir='ltr'><strong>wodanum</strong></span> <span class='ocrx_word' id='word_1_304' title='bbox 572 4323 684 4376; x_wconf 70' lang='lat' dir='ltr'><strong>tundier</strong></span> <span class='ocrx_word' id='word_1_305' title='bbox 697 4322 857 4386; x_wconf 73' lang='lat' dir='ltr'><strong>definitioni</strong></span> <span class='ocrx_word' id='word_1_306' title='bbox 869 4321 993 4374; x_wconf 80' lang='lat' dir='ltr'><strong>itanheirrr</strong></span> <span class='ocrx_word' id='word_1_307' title='bbox 1005 4327 1073 4373; x_wconf 82' lang='lat' dir='ltr'><strong>toto.</strong></span> <span class='ocrx_word' id='word_1_308' title='bbox 1087 4334 1144 4384; x_wconf 73' lang='lat' dir='ltr'><strong>pag.</strong></span> <span class='ocrx_word' id='word_1_309' title='bbox 1157 4326 1187 4372; x_wconf 83' lang='lat' dir='ltr'><strong>m</strong></span> <span class='ocrx_word' id='word_1_310' title='bbox 1199 4328 1259 4379; x_wconf 77' lang='lat' dir='ltr'><strong>seqq-</strong></span> 
     </span>
    </p>
   </div>
   <div class='ocr_carea' id='block_1_5' title="bbox 0 0 1408 5064">
    <p class='ocr_par' dir='ltr' id='par_1_9' title="bbox 0 0 1408 5064">
     <span class='ocr_line' id='line_1_39' title="bbox 0 0 1408 5064; baseline 0 0"><span class='ocrx_word' id='word_1_311' title='bbox 0 0 1408 5064; x_wconf 95' lang='lat' dir='ltr'><strong> </strong></span> 
     </span>
    </p>
   </div>
  </div>
 </body>
</html>
