2796 5064
146 364 215 435 ttt
290 385 353 436 nn.
364 383 413 434 ιιι.
430 381 517 433 saur.
535 381 664 432 rursm.
682 381 721 431 nr
738 381 851 432 unnim.
867 382 963 433 narn.
979 381 1104 434 unnsr.

216 502 315 590 Quod
332 502 363 574 si
380 527 422 575 ox
439 517 578 573 naturae
603 498 677 596 lege
699 497 981 572 indissolubilitas
995 499 1124 573 vinculi
1143 499 1241 574 conio

142 618 229 719 galis
246 618 414 703 dimanat,
431 642 497 689 non
521 615 642 712 igitur,
659 613 942 714 quemadmodum
960 616 1099 714 quidam
1119 617 1241 717 pseudo

144 733 338 835 philosophi
368 731 565 817 allirmant,
599 757 639 803 ex
673 756 766 804 mera
797 730 1067 804 contrahentium
1097 731 1241 806 electiou

144 848 343 950 privataque
357 845 549 932 uoluntate,
570 860 629 919 aut
646 871 686 918 ex
704 844 914 918 institutione
934 847 1194 944 magistratuum
1213 848 1241 919 ci

141 962 280 1050 uilium,
300 988 361 1037 seu
379 960 519 1034 humani
546 959 696 1033 cuiusvis
723 957 925 1056 legislatoris
942 987 983 1034 ea
1000 962 1107 1060 repeti
1126 978 1237 1062 potest

144 1095 203 1154 aut
227 1078 338 1152 dohet.
356 1077 568 1177 Quapropter
584 1093 622 1149 ut
639 1075 705 1149 hoo
725 1075 825 1149 etiam
843 1076 919 1150 heic
936 1076 1043 1150 obiter
1061 1077 1241 1151 innuamus

142 1209 258 1270 eontra
275 1192 381 1291 legem
400 1207 538 1267 naturae
558 1208 684 1290 agunt,
707 1191 766 1291 qui
784 1192 942 1289 coniugia
958 1193 1168 1279 dissolvunt,
1185 1191 1241 1266 nul

45 1342 46 1346 ¹
143 1313 277 1412 liusque
295 1309 424 1386 roboris
445 1307 576 1395 civilia,
598 1307 804 1408 autpolitica
823 1325 946 1382 statuta
968 1325 1063 1395 sunt,
1085 1334 1176 1409 quae
1192 1334 1241 1382 ma

143 1426 291 1502 trimonii
309 1424 532 1500 consummati
552 1423 808 1498 dissolutionem
825 1422 1098 1523 quibuscumque
1123 1422 1241 1497 tandcu

141 1543 176 1616 in
197 1542 335 1618 casibus
362 1540 488 1615 audent
511 1539 691 1612 decemero
714 1541 802 1634 (35).

215 1658 265 1730 lli
291 1657 460 1755 hisquae
490 1653 638 1727 diximus
672 1669 915 1754 praeoccupata
947 1670 1027 1726 suut
1059 1667 1241 1750 argument

142 1773 344 1874 praecipua,
360 1770 485 1871 quihus
497 1768 635 1869 quidam
650 1769 911 1868 patrocinatores
925 1768 1162 1842 dissolutionis
1179 1794 1241 1842 con

142 1887 264 1986 iugalis
285 1884 489 1986 persuadere
514 1883 581 1955 nisi
608 1900 706 1969 sunt,
732 1899 881 1982 spectato
907 1883 979 1957 solo
1005 1887 1146 1957 naturae
1171 1884 1241 1956 iure

140 2001 367 2077 omnimodam
393 2016 659 2099 perpetuamque
683 1999 829 2095 coniugii
856 1999 1045 2073 firmitatem
1069 2001 1174 2073 statui
1191 2024 1241 2074 nor

142 2144 256 2217 posse.

215 2232 285 2332 lpsi
311 2230 401 2304 euim
426 2257 501 2305 eam
522 2232 686 2331 impetunt
710 2231 746 2302 in
770 2232 890 2330 primis
914 2258 955 2305 ex
979 2248 1173 2306 contractus
1198 2259 1241 2306 na

141 2365 235 2436 tura,
263 2347 322 2447 qui
350 2372 427 2420 cum
458 2346 668 2421 voluntarius
693 2347 739 2420 sit
763 2362 796 2419 et
820 2373 860 2420 ex
890 2347 1050 2421 electione
1080 2347 1241 2422 admittes

141 2479 252 2562 potest
276 2461 485 2537 conditiones
511 2488 598 2561 quas
623 2461 858 2537 contrahentes
884 2481 1074 2562 apponant,
1096 2482 1197 2563 prout
1220 2462 1241 2535 fi

64 2678 66 2680 Ι
141 2580 175 2650 in
201 2579 427 2653 contractibus
444 2578 584 2663 ceteris,
606 2577 690 2651 adeo
706 2594 744 2650 ut
759 2604 812 2651 ex.
830 2604 880 2674 gr.
897 2603 936 2651 se
952 2579 1093 2676 iungant
1114 2595 1241 2652 tantum

140 2694 239 2770 modo
257 2693 299 2767 ad
318 2694 532 2794 praefinitum
552 2709 703 2793 tempus,
724 2719 849 2792 nempe
866 2694 1036 2793 usquead
1054 2692 1163 2794 prolis
1181 2719 1241 2794 pro

141 2812 359 2899 creationem,
388 2811 531 2909 eiusque
551 2809 729 2911 physicam
747 2809 964 2883 nemoralem
987 2811 1234 2885 institutionem

140 2946 174 3001 et
190 2953 258 3002 non
275 2927 435 3014 ultorius3
457 2942 516 2999 aut
532 2925 715 2999 dummodo
733 2951 817 2998 uxor
830 2927 874 2999 sit
886 2925 1068 3011 foecunda,
1085 2943 1145 2999 aut
1156 2927 1241 3001 etian

141 3068 208 3116 non
222 3043 407 3117 intercedat
419 3069 458 3115 ex
474 3041 632 3115 alterutra
646 3056 739 3142 parte
752 3042 933 3115 infidelitas
947 3043 1018 3116 sive
1030 3041 1234 3117 adulterium

140 3174 198 3232 aut
223 3158 369 3259 denique
396 3159 462 3230 nisi
481 3157 676 3231 oboriantur
695 3158 802 3243 rixae,
824 3157 970 3257 odioque
988 3175 1105 3231 mutua
1122 3185 1165 3232 ex
1182 3159 1241 3260 qui·

140 3273 204 3346 hus
231 3273 290 3346 liat
314 3287 351 3346 ut
375 3275 537 3370 coniuges
563 3273 748 3346 consistere
774 3273 874 3346 simul
901 3290 1086 3372 nequeant,
1122 3276 1241 3378 aliaqui

141 3388 306 3462 eiusmodi
329 3391 417 3484 (36).

212 3505 311 3576 Enim
336 3529 415 3577 vero
445 3503 609 3578 eiusmodi
642 3504 856 3579 difficultates
885 3531 925 3577 ex
949 3504 1041 3577 ¹salsa
1072 3507 1240 3607 hypothes

139 3620 304 3693 oriuntur.
326 3620 524 3719 Supponunt
550 3625 676 3721 quippe
699 3621 882 3694 adversarii
910 3636 1118 3694 contractum
1142 3623 1240 3696 coniu

140 3733 249 3830 galam
268 3733 420 3807 eiusdem
447 3761 523 3809 esse
548 3752 689 3809 naturae
707 3762 746 3808 ac
763 3751 954 3809 contractus
972 3736 1086 3821 ceteri,
1109 3738 1169 3836 qui
1187 3762 1241 3810 uer

211 4003 261 4065 (³5)
277 4004 316 4053 ct.
328 4005 449 4068 'saparelli
462 4007 556 4069 suppio
567 4009 614 4056 etc.
627 4007 676 4056 loc.
687 4007 729 4057 cit.
742 4020 766 4055 n.
781 4012 848 4057 1530.

211 4087 262 4145 (³6)
278 4086 344 4134 ilaec
357 4087 415 4134 sunt
429 4085 550 4135 rationum
570 4089 706 4147 momenta,
722 4099 786 4148 quae
802 4088 872 4148 urget
889 4086 1007 4137 Bentharn
1025 4087 1072 4136 loc.
1085 4085 1129 4136 cit.
1143 4096 1241 4150 quaerut

140 4178 184 4214 nos
196 4165 221 4214 io
233 4165 406 4228 compendium
420 4167 495 4229 atque
505 4165 536 4216 ad
549 4165 678 4229 praecipua
689 4167 770 4230 capita
781 4165 926 4229 redegimus.
937 4167 974 4216 lhi
986 4171 1093 4229 quatuor
1103 4165 1151 4216 sibi
1168 4177 1241 4231 propo

137 4243 187 4293 suit
202 4243 373 4307 difficultates,
392 4258 455 4309 quas
472 4259 597 4310 perperam
612 4247 707 4297 solvere
724 4247 867 4296 connititur.
882 4247 928 4297 Alii
943 4245 1032 4297 deinde
1043 4261 1073 4297 ox
1092 4247 1139 4298 hoc
1154 4248 1241 4298 nouos

138 4324 198 4373 liaeo
213 4325 266 4388 ipsa
281 4329 424 4387 argumenta
439 4324 640 4390 dcsumpserunt,
658 4340 701 4377 seu
716 4327 904 4390 exscripserunt.
