2796 5064
243 385 314 437 oar.
331 384 380 437 m.
396 385 437 436 nn
451 384 548 436 sensu
565 384 657 434 rann.
675 382 737 433 orn.
756 382 867 434 murm.
887 385 982 435 narn.
1006 384 1079 433 nur.
1096 382 1119 433 r.
1175 361 1245 433 283

127 506 184 579 boc
196 529 239 576 ex
252 529 383 578 canone
395 498 630 600 argumentum
644 503 771 574 eruitur
788 501 831 574 de
849 501 1009 574 firmitate
1022 500 1148 576 vinculi
1166 496 1247 577 con-

126 621 267 719 iugalis,
297 646 399 720 quam
426 635 539 719 patres
566 617 759 690 illiberitani
794 616 996 705 adstruunt,
1026 617 1107 690 dum
1137 644 1247 718 neque

125 738 154 808 in
179 737 248 809 boc
270 761 353 809 casu
378 735 422 808 de
446 734 547 807 ducto
572 733 725 806 criminis
751 732 865 818 socio,
894 730 1041 829 legitime
1059 759 1120 805 seu
1135 732 1248 806 valide

123 851 264 926 alterum
277 850 486 948 coniugium,
502 847 560 921 illo
576 848 731 934 vivente,
753 845 829 919 iniri
850 849 1065 946 permittunt,
1087 849 1154 922 imo
1172 875 1248 948 por-

123 982 222 1068 petua
239 964 584 1040 excommunicatione
606 989 699 1049 eam,
728 989 816 1062 quae
845 961 1012 1035 eiusmodi
1040 962 1173 1037 facinus
1198 979 1248 1037 at-

123 1083 318 1168 tentaverit,
348 1080 520 1179 plectunt,
549 1078 613 1151 etsi
640 1079 733 1150 iuxta
759 1077 876 1150 civiles
900 1078 991 1174 leges
1016 1077 1109 1151 illius
1127 1079 1248 1152 aetatis

122 1200 261 1296 impuno
284 1222 324 1269 ac
343 1196 493 1292 legitimo
519 1194 554 1264 id
582 1194 654 1266 lieri
678 1209 794 1292 posset
815 1196 903 1288 (78).

193 1313 324 1398 Quarto
350 1311 492 1410 proinde
515 1310 630 1384 seculo
655 1309 790 1382 ineunte
815 1308 850 1380 in
878 1308 1094 1406 possessione
1118 1323 1189 1381 erat
1213 1311 1248 1381 in

121 1429 268 1504 ecclesia
292 1426 459 1501 catholica
483 1426 637 1500 doctrina
657 1425 700 1498 de
720 1426 821 1524 plena
845 1421 1144 1498 indissolubilitate
1161 1425 1249 1497 obri·

124 1547 226 1619 atiani
244 1544 416 1641 coniugii,
436 1570 476 1616 ao
493 1569 653 1642 germana
678 1543 906 1642 interpretatio
927 1542 1104 1615 verborum
1123 1538 1247 1614 Christi

123 1661 213 1761 apud
227 1659 446 1732 Matthaeum:
467 1659 546 1732 Nisi
557 1658 596 1732 ob
614 1661 882 1757 fornicationem,
902 1674 933 1730 ei
953 1673 1088 1756 eccepto
1104 1658 1249 1757 fornico-

125 1778 221 1848 ti'onis
235 1801 361 1859 causo,
382 1800 471 1872 quae
496 1774 539 1846 ad
558 1773 664 1848 solam
684 1773 917 1846 dimissionem
943 1771 1057 1845 uxoris
1078 1771 1250 1845 adulterae

124 1915 161 1963 ea
172 1887 280 1962 verba
291 1903 449 1975 coarctat,
466 1888 549 1988 quin
561 1886 703 1960 facultas
716 1888 813 1960 detur
825 1913 929 1961 novas
943 1887 1082 1959 ineundi
1096 1888 1245 1986 nuptias.

193 2004 282 2076 Cum
307 2002 394 2076 adeo
418 2003 588 2103 perspicui
612 2003 682 2075 sint
699 2001 763 2074 hac
783 2004 816 2073 in
836 2028 871 2074 re
888 2027 1035 2075 canones
1054 2001 1247 2074 illiberitani

125 2119 277 2206 concilii,
305 2119 428 2190 mirum
453 2134 505 2191 est
530 2118 710 2191 nonnullos
737 2119 838 2190 etiarn
865 2119 950 2190 inter
975 2116 1161 2191 catholicos
1186 2144 1248 2191 ceu

126 2236 287 2311 adversos
305 2234 493 2308 catholicae
510 2234 682 2308 doctrinae
700 2260 758 2307 eos
776 2234 921 2307 abiicere
942 2236 1036 2329 (79),
1063 2234 1148 2308 alios
1169 2260 1249 2308 vero

125 2351 249 2424 conniti
276 2365 314 2422 nt
343 2350 377 2421 in
410 2376 548 2423 sensum
575 2350 712 2422 omnino
736 2349 885 2421 alienum
919 2375 978 2421 eos
1003 2348 1245 2448 detorqueant,

126 2483 182 2540 aut
199 2466 323 2539 saltem
344 2481 382 2538 ut
397 2490 531 2539 omnem
549 2465 593 2538 iis
612 2465 730 2538 tollant
744 2465 812 2540 vim
834 2465 877 2538 ad
895 2466 1041 2562 coniugii
1066 2465 1250 2539 indissolu-

125 2581 289 2656 bilitatom
315 2582 611 2681 comprobandam.
1024 2582 1030 2599 '

208 2696 372 2782 Quamvis
398 2696 465 2768 iarn
492 2697 617 2769 luerint
642 2713 908 2796 praeoccupata,
939 2722 1027 2796 quae
1053 2696 1096 2768 ab
1127 2696 1181 2770 bis
1214 2697 1249 2770 in

124 2814 274 2886 medium
296 2810 530 2911 proferuntur,
552 2839 618 2885 non
638 2813 818 2885 abnuimus
838 2830 949 2886 tamen
968 2839 1007 2885 ea
1025 2811 1067 2884 ad
1087 2811 1248 2884 trutinam

125 2953 296 3002 revocare.
326 2925 429 2999 Aiunt
452 2928 556 3024 igitur
582 2930 616 2998 1.
642 2937 721 3000 can.
743 2928 831 2999 Vlll.
852 2943 885 2999 et
907 2928 963 2996 lll.
991 2927 1033 2998 de
1052 2924 1251 2999 mulieribus

126 3059 278 3128 tautum,
302 3068 367 3114 non
387 3059 498 3114 autem
518 3044 560 3115 de
578 3042 659 3116 viris
678 3069 793 3139 agere;
815 3042 967 3140 adeoquo
984 3042 1061 3113 istis
1081 3041 1247 3140 permitti,

124 3172 174 3244 ui,
190 3156 337 3228 dimissa
350 3159 493 3253 coniuge
506 3156 672 3243 adultere,
689 3157 791 3229 aliam
805 3157 932 3231 ducant
948 3159 1037 3252 (80);
1063 3158 1097 3229 ἰ.
1114 3155 1251 3229 eosdem

125 3297 275 3345 canonos
300 3270 475 3344 absolutae
502 3272 792 3344 indissolubilitati
821 3299 1027 3371 repugnare,
1048 3298 1089 3346 eo
1111 3271 1165 3345 vel
1184 3299 1252 3346 rna·

124 3387 197 3485 gia,
213 3386 307 3486 quod
331 3387 364 3458 in
382 3387 528 3460 ecclesia
542 3386 745 3461 adulterium
763 3388 932 3487 usquead
952 3412 1022 3461 sec.
1037 3388 1091 3459 Vl.
1112 3414 1251 3462 cansam

200 3555 251 3618 (78)
266 3554 363 3605 Exinde
380 3555 535 3606 ineluctabile
554 3557 657 3607 babetur
678 3560 847 3619 argrrntrninnr
865 3558 895 3606 ad
915 3557 1078 3607 evincendum
1101 3557 1132 3607 ab
1149 3558 1253 3609 ecclesia

125 3637 262 3688 constituta
281 3637 356 3685 inisse
378 3635 431 3686 inre
453 3638 551 3700 proprio
569 3637 744 3700 inpedimenta
766 3637 923 3700 rllrirnrniia,
942 3640 967 3686 et
988 3636 1088 3699 quidem
1109 3639 1196 3688 contra
1216 3639 1251 3688 vl·

124 3721 222 3781 geniem
243 3717 383 3780 principum
401 3717 586 3780 legislationem.
607 3721 657 3767 lloc
673 3719 806 3768 concilium
825 3720 928 3768 fortusse
943 3719 1048 3782 primurn
1066 3720 1125 3780 luit,
1142 3719 1209 3782 queo
1225 3720 1256 3770 lo-

125 3811 167 3860 ges
182 3796 297 3847 sininerit
311 3797 341 3844 nd
356 3798 469 3856 coningio
483 3799 615 3847 christiana
629 3798 745 3848 :nlvnraus
761 3800 824 3859 leges
836 3797 921 3848 civiles
934 3803 993 3848 iuno
1010 3801 1126 3861 ternporis
1143 3803 1253 3863 receptas

124 3875 291 3936 moderan‹tn;
310 3877 345 3924 nli
368 3876 543 3926 aitirnadvertii
563 3879 683 3926 Gonznlrz
701 3879 718 3926 Ι.
738 3891 760 3925 c.

198 3957 250 4018 (79)
268 3957 335 4004 lnicr
350 3969 413 4018 quos
430 3960 587 4006 recensentur
602 3959 711 4007 Didacns
723 3959 887 4007 Covarrnrios
906 3958 930 4007 in
946 3962 968 4008 l.
984 3965 1006 4008 2.
1021 3961 1083 4021 pari.
1100 3957 1123 4021 §.
1137 3965 1160 4007 o.
1175 3971 1200 4008 a.
1213 3966 1252 4008 aa.

127 4050 172 4087 noc
190 4051 242 4086 uon
256 4037 341 4086 Sirius
357 4039 466 4086 senensis
487 4037 557 4087 Bibl.
574 4041 668 4087 noireto
689 4052 746 4087 ann.
762 4048 800 4088 ει.
823 4052 906 4087 errore
921 4038 1016 4101 decepti
1034 4052 1062 4087 ex
1082 4038 1179 4087 ,iecretc
1195 4041 1254 4087 Gra·

127 4117 187 4168 iiani
205 4117 232 4166 in
253 4130 308 4179 cap.
329 4119 357 4165 Si
375 4129 444 4180 qnae
465 4117 571 4166 rntciirr.
584 4121 663 4167 cansa
680 4120 766 4167 xxxi.
780 4132 805 4180 q.
821 4125 841 4167 1.
859 4118 903 4180 qni
917 4117 1004 4167 tribuit
1016 4130 1086 4166 conc.
1104 4117 1252 4167 illiberitano

126 4209 247 4248 moenem
267 4209 337 4246 conc.
356 4197 544 4246 warmatiensis.

201 4276 254 4340 (ao)
271 4277 312 4326 Uti
336 4279 414 4326 Braun
437 4276 461 4326 in
479 4277 521 4326 cit.
545 4277 642 4327 dissert.
667 4279 762 4328 Utrum
782 4280 945 4329 matrimonii
967 4276 1106 4328 vincutum
1122 4278 1168 4326 eie.
1188 4274 1254 4338 apud

130 4357 211 4409 iacobi
232 4370 291 4421 opp.
312 4357 355 4408 rit.
372 4355 601 4410 indissolubiliter
620 4359 668 4410 cic.
686 4371 710 4421 p,
731 4365 775 4411 tao
791 4371 860 4421 seqq.
