2796 5064
163 393 235 447 oss.
252 387 710 447 r.ssr.m.1nsrrmrss.nsra.
726 391 832 445 assor.
850 390 921 443 usa.
936 387 1052 445 truso.
1107 370 1178 442 tto

75 528 224 588 nantum.
245 512 332 586 Nam
356 509 387 585 si
412 535 454 585 sa
471 510 558 585 ratio
577 509 754 612 quidpiam
771 508 917 595 salutat,
933 508 1185 585 matrimonium

72 653 170 728 saque
193 625 412 713 naturaliter,
428 651 539 726 nequa
567 641 665 725 prout
690 639 743 700 ast
766 638 1013 700 sacramentum
1041 623 1195 699 indisso.

69 743 164 817 lubile
190 742 263 817 diei
291 741 453 829 deberat,
474 767 579 841 quum
608 741 710 814 etism
736 739 985 815 matrimonium
1013 755 1121 814 ratum
1148 738 1195 815 fi«

68 858 186 931 delium
213 856 357 932 dissolri
382 857 502 957 possit.
519 855 561 931 Ut
576 855 827 931 matrimonium
842 854 1052 930 'naturaliter
1077 854 1188 931 indis·

69 971 212 1048 solubile
235 972 385 1058 dicatur,
399 971 527 1046 sullioit
549 987 588 1046 ut
613 971 648 1043 in
674 996 785 1044 rerum
803 986 924 1046 nature
947 970 1111 1047 uallatis
1129 971 1185 1057 sit,

68 1114 147 1188 qnae
161 1088 276 1188 possit
296 1083 382 1161 illud
400 1086 577 1175 dirimere,
595 1087 753 1187 quamvis
772 1103 912 1162 naturae
925 1086 1049 1163 Auctor
1063 1085 1098 1159 id
1111 1112 1190 1188 pos·

69 1204 121 1290 sit;
148 1200 438 1303 quemadmodum
456 1216 490 1278 et
508 1201 578 1277 alia
595 1201 693 1301 plura
718 1202 812 1277 iuxta
829 1217 969 1276 naturus
986 1200 1094 1300 legem
1114 1201 1187 1277 fieri

70 1333 256 1420 noqueunt,
275 1344 365 1418 qnae
381 1334 494 1392 tameo
511 1319 582 1392 Deo
602 1317 681 1418 ipso
697 1318 909 1418 permittente
922 1335 956 1391 at
966 1317 1098 1393 uolente
1114 1317 1188 1393 lieri

71 1451 223 1532 possunt.
243 1433 354 1535 Atque
373 1450 410 1509 ut
427 1433 495 1509 ulio
519 1434 620 1508 etiam
643 1433 795 1534 exemplo
812 1449 968 1521 utamur,
985 1433 1100 1507 anima
1123 1431 1186 1507 ho-

72 1551 169 1626 minis
195 1549 397 1624 naturaliter
425 1549 691 1649 inoorruptibilis
724 1563 760 1623 et
784 1547 984 1623 immortalia
1005 1547 1133 1623 dieitur
1155 1563 1191 1623 et

70 1680 131 1754 ost,
155 1664 245 1766 quia
268 1664 364 1740 nulla
385 1681 439 1740 est
463 1664 646 1741 intrinsaoa
670 1664 894 1766 eorruptionis
925 1689 1049 1752 eausa,
1078 1659 1191 1738 uulla-

72 1807 131 1881 qna
155 1780 215 1856 ris
239 1796 381 1854 naturus
403 1806 493 1880 qnae
516 1804 591 1854 eam
614 1780 726 1880 possit
750 1780 939 1866 destruere,
968 1779 1047 1853 lieet
1067 1803 1127 1880 per
1150 1803 1191 1854 sa

68 1894 189 1970 luctor
202 1911 347 1971 naturae
364 1895 400 1969 id
423 1894 535 1970 lasere
554 1902 680 1994 posset:
704 1921 745 1969 ex
766 1920 807 1968 en
832 1909 945 1968 autem
970 1892 1062 1995 quod
1079 1893 1193 1982 Deos·

69 2009 171 2084 indito
184 2008 336 2083 malmsb
358 2008 673 2084 immortalitatisat
697 2008 869 2083 lelioitatis
891 2007 1063 2108 appetitu,
1081 2016 1192 2082 ostem

68 2124 149 2200 derit
178 2123 282 2200 said
310 2150 495 2225 numquam
525 2125 690 2199 laoturum
716 2125 810 2224 quod
840 2124 993 2199 absolute
1018 2122 1193 2224 loquendo

70 2241 174 2317 {mere
191 2238 383 2340 petulum,
402 2240 643 2340 noueequitur
667 2241 812 2315 animam
839 2265 906 2314 uon
931 2264 1009 2315 esse
1030 2239 1193 2316 intrinse—

70 2381 122 2430 ons
145 2371 183 2430 et
209 2353 408 2429 naturaliter
435 2354 745 2456 incorruptibilem
772 2355 926 2456 adeoquo
949 2355 1025 2430 eius
1051 2355 1192 2431 immor„

69 2468 227 2544 talitatem
253 2494 276 2544 a
300 2466 374 2544 sola
397 2468 460 2542 Ilei
484 2468 656 2544 voluntate
676 2469 822 2568 positiva
844 2469 1011 2568 pendere3
1030 2469 1101 2543 ,sed
1127 2495 1192 2545 sor,

69 2582 130 2658 lum
156 2585 337 2685 sequitur,
360 2584 509 2658 animam
531 2610 620 2684 quae
644 2600 765 2659 natura
785 2608 849 2659 sua
867 2584 1066 2660 immortalis
1087 2596 1191 2659 estat

70 2698 344 2802 inoorrnptibilis‚
359 2724 545 2801 numquam
571 2699 777 2775 destruatum
804 2701 846 2772 iri
864 2724 975 2801 neque
995 2700 1039 2774 ab
1066 2728 1106 2775 eo
1128 2701 1189 2801 qui

70 2831 114 2890 ast
137 2831 237 2890 extra
259 2840 302 2890 ae
332 2840 437 2915 supra
461 2831 615 2890 naturam
643 2841 791 2889 omnem.
823 2816 948 2889 Simili.
962 2816 1091 2892 ratione
1119 2841 1192 2914 ms·

70 2930 265 3007 timonium
284 2947 337 3006 ast
354 2929 551 3006 naturaliter
567 2929 822 3018 indissolubile,
844 2931 927 3030 quis
951 2928 1042 3004 nulla
1065 2945 1121 3005 est
1138 2930 1192 3003 in-

70 3046 223 3121 trinseca
237 3043 472 3121 dissolutionis
497 3070 621 3132 causa,
640 3045 710 3119 imo'
725 3044 819 3120 nulla
842 3045 895 3119 ris
921 3059 1080 3132 naturae,
1100 3069 1192 3144 quae

70 3159 151 3234 illud
186 3157 318 3234 solvere
346 3158 473 3260 possit,
498 3156 578 3233 lieet
601 3158 637 3233 id
668 3158 741 3233 lieri
771 3159 881 3259 possit
908 3157 952 3235 ab
981 3158 1189 3245 extrinseco„

69 3275 199 3351 soilioet
223 3273 267 3349 ab
291 3276 435 3350 duetore
459 3286 612 3349 naturae.
633 3274 683 3348 Ex
700 3298 741 3348 eo
758 3286 869 3350 sutem
895 3275 985 3375 quod
1003 3275 1095 3349 Deus
1121 3290 1193 3351 sta·

69 3391 169 3466 tuerit
197 3389 284 3465 illud
313 3416 380 3465 non
414 3389 565 3489 soluere,
592 3389 785 3466 nullatenus
820 3390 889 3465 dioi
922 3390 1025 3466 debet
1057 3406 1191 3469 omnam

69 3504 401 3581 indissolubilitatem
434 3533 476 3582 ax
504 3531 547 3581 ea
568 3505 712 3608 positiva
741 3507 912 3581 voluntate
937 3507 1103 3608 pendere,
1130 3508 1192 3584 sad

68 3621 177 3694 solnm
199 3619 403 3695 intrinseoae
422 3647 463 3695 uo
484 3619 628 3695 naturali
654 3621 875 3695 extrinseoam
897 3621 1000 3696 etiam
1027 3622 1190 3698 rationem

70 3734 240 3809 firmitatis
265 3736 470 3811 secessisse.

138 3848 230 3924 ilino
248 3851 283 3923 3.
311 3849 385 3924 iure
401 3849 527 3949 optimo
544 3850 610 3924 diei
632 3865 742 3950 potest
757 3851 1006 3927 matrimonium
1030 3852 1188 3928 christis-

70 3991 175 4053 num,
201 3981 371 4066 quotanus
402 3979 455 4040 est
479 3982 744 4053 sacramentum,
778 3993 818 4042 so
849 3968 1030 4068 perfectius
1055 3968 1192 4043 subibat

71 4081 232 4155 unionem
246 4079 373 4155 Christi
390 4106 469 4155 oum
485 4081 649 4170 aeclesis,
667 4083 827 4158 maiorem
845 4084 1035 4158 firmitatem
1049 4083 1190 4173 habere,-

75 4220 113 4268 ao
136 4195 291 4294 pressius
312 4222 389 4272 assa
413 4195 615 4285 insolubile,
643 4224 745 4298 quam
772 4199 819 4274 sit
842 4214 964 4299 suapte
987 4213 1123 4285 natura;
1151 4224 1193 4274 aa

80 4312 201 4387 ratione
226 4312 316 4386 enim
337 4313 547 4389 sacramenti
563 4329 598 4389 et
614 4313 703 4412 signi
725 4315 912 4390 extrinseca
932 4314 1074 4390 firmitus
1096 4339 1193 4415 repo·
