2796 5064
264 399 333 448 car.
348 395 393 447 n.
406 397 445 446 nr
459 387 537 447 urse.
552 396 648 447 unrn.
660 396 743 460 nan,
755 396 819 453 non
832 397 993 449 consuas.
1008 397 1080 448 aar.
1092 399 1135 448 rr.
1190 374 1262 446 did
1374 457 1376 461 ¹

139 516 411 592 commixtionem
432 514 626 589 solemniter
643 515 841 588 duxissexet
858 514 1076 612 cognovisse:
1105 531 1181 587 tuce
1199 514 1263 588 lra-

139 631 289 706 ternitati
313 628 470 703 duximus
496 629 605 704 taliter
638 629 930 729 respondendum,
959 628 1104 730 quodsi
1130 628 1263 730 primus

139 748 246 820 viret
269 743 390 818 mulier
415 745 488 845 pari
513 771 680 820 consensu
707 745 749 819 de
765 747 931 846 praesenti
954 772 1029 820 sese
1055 745 1259 844 receperint,

140 863 218 963 ipsa
250 860 349 934 debet
381 861 489 960 primo
518 861 673 948 restitui;
703 887 779 934 cum
810 886 871 934 nec
903 861 1072 960 potuerit,
1110 886 1170 934 nec
1204 859 1263 933 de-

139 975 253 1050 buerit
277 992 352 1076 post
377 975 476 1048 talem
494 1002 697 1049 consensum
722 976 781 1050 alii
801 975 938 1050 nubere.
955 977 990 1047 Si
1014 1002 1094 1050 uero
1119 1002 1263 1050 consen-

141 1118 204 1165 sus
229 1089 306 1164 talis
331 1090 502 1163 intereos
528 1116 594 1164 non
613 1092 838 1165 intercesserit
860 1091 924 1163 sub
949 1089 1061 1164 verbis
1087 1091 1155 1164 illis
1174 1116 1262 1190 quae

140 1207 315 1294 diximus,
349 1231 410 1279 nec
439 1205 583 1280 carnalis
618 1207 738 1306 copula
769 1208 869 1280 etiam
899 1232 1043 1280 assensu
1075 1205 1117 1278 de
1152 1206 1262 1280 luturo

141 1339 343 1424 praeeunte:
372 1322 521 1396 secundo
545 1323 635 1410 viro,
664 1323 723 1423 qui
749 1350 823 1396 eam
848 1340 965 1424 postea
990 1321 1135 1395 traduxit
1160 1339 1261 1421 atque

141 1437 319 1535 cognovit,
348 1436 470 1510 mulier
502 1436 578 1535 ipsa
605 1437 705 1513 debet
732 1437 895 1538 relinqui,
923 1453 957 1510 et
988 1437 1031 1512 ab
1057 1435 1262 1537 impetitione

141 1553 265 1653 prioris
291 1552 420 1626 absolvi
436 1581 444 1639 ;
472 1552 622 1626 iniuncta
641 1553 750 1652 primo
775 1551 979 1652 poenitentia
995 1551 1039 1623 de
1056 1550 1207 1651 laesione
1221 1549 1262 1621 fi-

142 1667 199 1741 dei
225 1666 277 1741 rel
296 1666 475 1741 violatione
493 1667 690 1755 iuramenti,
712 1668 742 1740 si
761 1666 854 1740 dedit
872 1666 990 1753 fidem,
1018 1664 1070 1739 vel
1095 1665 1263 1765 praestitit

145 1785 370 1856 iuramentum
392 1784 530 1878 (ldlln
547 1783 589 1855 Ut
606 1783 726 1880 legenti
746 1798 856 1881 patet,
885 1782 970 1854 nihil
988 1780 1079 1882 quod
1097 1781 1139 1853 ad
1156 1806 1262 1881 quae·

142 1897 287 1972 ctionem
313 1912 461 1970 nostram
487 1895 649 1970 reseratur
667 1898 702 1969 in
720 1897 784 1970 hoo
803 1897 927 1995 pariter
951 1896 1058 1997 capite
1083 1895 1257 1997 reperitur.

216 2010 300 2085 Cum
325 2027 437 2086 autem
463 2012 548 2084 haec
574 2012 643 2086 sint
659 2012 773 2086 omnia
798 2030 831 2086 et
850 2010 926 2086 sola
952 2012 1151 2086 documenta
1175 2037 1264 2112 quae

142 2157 184 2202 ex
209 2127 397 2202 Alexandro
422 2128 482 2200 111.
503 2155 524 2223 a
549 2128 668 2203 Pontio
693 2129 834 2228 eiusque
859 2126 1000 2203 asseclis
1030 2128 1259 2230 proferantur,

143 2269 235 2344 quae
247 2241 333 2314 nihil
352 2243 488 2317 omnino
505 2244 676 2318 continent
693 2244 736 2317 de
759 2259 925 2344 potestate
946 2270 1048 2343 quam
1066 2242 1131 2318 sibi
1151 2243 1264 2316 inesse

144 2358 362 2455 denegaverit
375 2358 527 2433 solvendi
542 2361 756 2434 matrimonia
779 2376 873 2449 rata,
891 2360 966 2434 ideo
980 2361 1053 2435 iure
1078 2359 1265 2459 meritoque

144 2473 659 2572 concludimue:ergoexcensu
681 2475 800 2548 horum
822 2504 906 2550 rom.
927 2475 1124 2549 Pontificum
1142 2474 1263 2548 adver·

143 2589 293 2663 santium
307 2588 387 2661 huic
410 2589 602 2678 doctrinae,
625 2590 725 2663 etiam
746 2591 841 2665 Alex.
863 2591 923 2662 lll.
945 2588 1172 2664 eliminandus
1193 2605 1258 2663 est.

219 2704 334 2778 Restat
346 2722 383 2778 ut
396 2707 625 2805 expendamus
638 2733 725 2807 quae
738 2706 923 2780 afferuntur
937 2733 977 2780 ex
992 2703 1184 2778 Innocentio
1198 2703 1258 2775 lll.

144 2821 231 2893 Sunt
255 2846 354 2921 porro
385 2821 472 2907 duo;
501 2822 645 2922 primum
680 2823 867 2897 desumitur
891 2848 932 2897 ex
956 2847 1031 2920 cap.
1065 2821 1122 2893 Ee
1142 2834 1259 2918 parte,

146 2936 182 3008 in
207 2961 275 3037 quo
300 2936 384 3009 hacc
408 2936 509 3010 habet
533 2937 590 3010 hic
614 2965 767 3012 summus
793 2938 957 3013 Pontifex.
989 2939 1091 3010 «Noe
1116 2934 1264 3035 inquisi-

145 3051 231 3124 tioni
257 3066 335 3124 tuae
358 3053 469 3126 taliter
493 3053 756 3154 respondemus,
777 3054 869 3154 quod
894 3054 957 3127 etsi
984 3053 1091 3153 possit
1116 3078 1184 3125 non
1211 3051 1265 3123 in-

145 3164 299 3240 consulte
315 3166 444 3254 rideri,
464 3168 555 3266 quod
573 3195 614 3242 ex
631 3196 699 3270 quo
716 3169 966 3243 matrimonium
987 3169 1073 3241 inter
1092 3166 1261 3264 legitimas

145 3307 330 3382 personas,
360 3309 419 3382 per
442 3283 545 3357 verba
561 3284 604 3357 de
625 3286 793 3384 praesenti
811 3284 1038 3371 contrahitur,
1060 3283 1129 3356 illis
1145 3283 1263 3358 viven-

147 3394 238 3470 tibus
265 3399 300 3468 in
320 3398 410 3469 nullo
434 3425 513 3471 casu
533 3402 638 3498 poscit
661 3400 816 3485 dissolvi,
844 3415 882 3474 ut
897 3399 1030 3473 vivente
1047 3398 1197 3501 reliquo,
1217 3398 1264 3473 al·
1353 3471 1359 3483 ,

146 3529 198 3585 ter
224 3512 267 3585 ad
293 3513 440 3587 secunda
466 3530 544 3589 vota
567 3516 801 3612 transmigret,
822 3515 955 3589 etiamsi
981 3542 1069 3590 unus
1089 3514 1259 3599 fidelium,

148 3629 236 3700 inter
260 3652 348 3728 quos
364 3642 416 3700 est
433 3643 541 3701 ratum
559 3630 773 3728 coniugium,
795 3630 888 3704 fieret
906 3631 1117 3716 haereticus,
1140 3645 1174 3702 et
1191 3628 1265 3702 nol-

146 3742 193 3815 let
218 3767 415 3842 permanere
438 3767 516 3815 cum
540 3744 645 3819 altero
669 3746 744 3818 sine
764 3745 967 3819 contumelia
988 3743 1174 3827 Crantoris,
1196 3742 1263 3816 nisi

147 3858 233 3931 sorte
259 3883 359 3932 secus
383 3858 477 3930 lieret
497 3885 537 3931 ex
555 3861 756 3935 revelatione
776 3860 910 3946 divina,
936 3885 1023 3960 quae
1043 3873 1180 3957 superat
1196 3882 1264 3931 cm·

146 3999 226 4046 nem
252 3971 382 4070 legem,
410 3973 498 4046 sicut
522 4001 543 4047 a
572 3976 775 4075 quibusdam
810 3976 936 4050 sanctis
962 3974 1083 4071 legitur
1112 3999 1189 4047 esse
1213 3972 1264 4047 la·

147 4105 251 4162 ctum.
280 4090 347 4162 Nos
377 4106 486 4162 temen
518 4088 668 4165 nolentes
693 4118 714 4164 a
743 4092 1038 4193 praedecessomm
1073 4104 1262 4163 nostrorum

146 4205 291 4301 vestigio
308 4204 496 4291 declinare,
518 4207 576 4308 qui
596 4208 799 4306 respondere
811 4207 976 4294 consulti,
998 4224 1177 4304 antequam
1195 4231 1264 4278 ma·

218 4356 283 4418 (itt)
299 4355 362 4407 lbid.
375 4357 422 4407 col.
440 4361 498 4407 tttc
511 4369 563 4421 seq.
