2796 5064
250 378 321 430 ons.
332 377 376 429 rt.
390 376 431 428 nn
443 376 522 428 ures.
537 375 632 427 ιιιιι.
644 337 733 439 narr,
747 373 813 427 non
826 373 989 428 consen.
1005 376 1078 427 aar.
1089 376 1125 428 rr.
1181 353 1249 426 tto

126 523 204 572 esse
229 493 457 570 conditionem
484 492 620 567 tacitam
646 490 689 566 ah
713 491 857 567 ecclesia
888 492 1078 592 appositam
1108 491 1253 568 celebra-

128 612 211 687 tioni
237 609 386 708 coniugii
407 608 558 684 omnium
577 606 741 683 fidelium.
771 607 947 710 Siquidem
973 608 1117 683 ecclesia
1133 609 1253 685 eodem

128 730 202 803 iure
229 754 298 827 qno
316 741 427 826 potest
447 724 651 800 constituere
677 723 919 824 impedimenta
938 725 1187 800 matrimonium
1204 725 1255 798 di·

128 844 306 929 timentia,
336 841 444 944 potuit
466 840 693 915 conditionem
723 866 913 941 apponere,
941 857 978 914 ut
1003 841 1253 915 matrimonium

130 959 266 1032 tamdiu
284 955 484 1031 dissolubile
500 955 562 1044 sit,
586 955 748 1055 quamdiu
766 981 834 1030 non
853 955 952 1028 luerit
968 972 1249 1030 consummatum.

128 1075 169 1149 llt
193 1075 248 1149 sic
273 1074 399 1172 optime
424 1071 557 1160 omnia,
585 1086 623 1145 ut
647 1071 714 1171 ipsi
737 1087 873 1171 putant,
901 1069 1131 1170 explicantur,
1152 1088 1254 1172 atqrm

128 1207 337 1265 evanescunt
363 1187 597 1276 difficultates,
625 1213 713 1289 quae
737 1203 854 1262 contra
876 1186 990 1284 urgeri
1024 1203 1176 1287 possent.

199 1305 265 1379 Aet
286 1303 454 1378 eiusmodi
487 1303 652 1389 conditio,
688 1328 776 1403 quae
806 1302 927 1376 recidit
950 1302 985 1374 in
1014 1301 1245 1402 superiorem,

127 1444 234 1520 quam
264 1417 366 1518 paulo
396 1433 474 1491 ante
504 1416 749 1518 expendimus,
786 1443 854 1491 non
888 1415 991 1491 efficit
1016 1415 1083 1490 nisi
1116 1415 1253 1491 modum

128 1561 231 1636 quem
255 1533 398 1608 ecclesia
423 1549 531 1622 tenet,
553 1534 635 1607 dnm
661 1533 754 1608 iuxta
778 1533 868 1607 hanc
889 1534 1090 1607 seutentiam
1106 1558 1171 1608 sua
1187 1532 1252 1607 uti-

128 1666 181 1725 tur
206 1664 392 1750 potestate,
423 1676 485 1724 nec
519 1649 587 1723 dici
614 1666 723 1751 potest
748 1675 872 1724 novum
903 1666 1161 1748 argumentum,
1190 1675 1253 1725 seu

128 1792 219 1843 nora
245 1765 409 1866 probatio.
439 1766 511 1840 lam
534 1782 731 1863 argumenta
750 1765 832 1865 <ipsa
858 1764 1120 1865 perpendamus.

201 1879 383 1981 Reponum
406 1879 510 1980 igitur
533 1879 738 1954 adversarii:
759 1880 818 1981 qui
844 1879 932 1954 hanc
957 1895 1092 1954 tuentur
1118 1895 1253 1955 senten·

127 1996 211 2073 tiam
236 2011 415 2071 assumunt
438 1993 616 2071 ecclesiam
641 1993 829 2095 praeditam
846 1993 911 2069 hac
934 2010 1100 2095 potestate
1124 1993 1255 2069 aChri·

127 2129 181 2188 sto
206 2111 336 2200 luisse,
364 2137 426 2186 nec
454 2127 566 2186 tamen
591 2110 625 2184 id
652 2111 824 2186 evincunt.
860 2111 954 2199 Quae
980 2113 1070 2185 enim
1097 2110 1141 2186 ah
1166 2112 1254 2212 ipsis

128 2229 347 2330 proferuntur
369 2227 560 2303 testimonia
580 2227 707 2302 biblica
731 2228 833 2302 nimis
854 2255 942 2327 vaga
962 2245 1063 2317 sunt,
1088 2254 1129 2304 ac
1153 2253 1252 2327 gene

127 2341 236 2418 ιαΙοιιι
253 2343 409 2419 collatam
426 2343 591 2418 ecclesiae
608 2358 805 2444 potestatem
823 2344 933 2420 solum
958 2345 1163 2447 respiciunt,
1174 2370 1251 2419 non

127 2474 243 2533 sutem
262 2458 446 2558 specialem
467 2460 511 2533 de
528 2486 596 2560 qua
621 2460 841 2549 disserimus,
862 2487 1018 2564 quaeque
1039 2462 1070 2534 si
1094 2487 1256 2559 urgeren-

127 2591 183 2649 tur
207 2574 287 2675 plus
311 2574 502 2649 evincerent
527 2601 631 2676 quarn
656 2575 692 2647 hi
717 2575 865 2674 theologi
887 2576 1023 2650 vellent.
1052 2577 1136 2648 Num
1162 2577 1192 2648 si
1218 2574 1255 2647 id

128 2688 338 2766 concludunt
361 2716 402 2765 ex
426 2689 557 2764 rerhis:
582 2690 811 2790 Quodcunque
832 2692 1006 2790 liquescis,
1028 2691 1252 2790 quodcumque

127 2805 286 2892 colueris,
310 2831 417 2907 quare
441 2833 483 2880 en
506 2806 685 2880 extendere
704 2833 771 2881 non
788 2823 926 2908 possent
942 2807 1044 2880 etiam
1062 2805 1107 2880 ad
1133 2807 1254 2879 matri·

128 2922 283 2997 monium
308 2921 603 2998 consummatum?
628 2921 722 2997 Idem
747 2921 804 2997 dic
827 2923 871 2999 de
895 2922 993 2997 aliis:
1024 2948 1124 3021 posce
1151 2947 1253 3022 equos

127 3062 227 3112 m·
1211 3068 1213 3072 .

204 3151 393 3226 Meumunt
409 3171 600 3254 praeterea,
620 3153 815 3242 ecclesiam,
840 3153 922 3226 dum
939 3152 1189 3226 matrimonium
1206 3179 1257 3227 ra·

130 3284 203 3342 tum
228 3265 385 3342 dissolvit
408 3267 453 3343 ob
470 3267 653 3342 solemnem
672 3267 845 3366 religionis
872 3268 1135 3368 professionem,
1156 3293 1255 3343 usam

128 3408 208 3458 esse
233 3400 398 3484 potestate
428 3383 496 3457 sihi
528 3385 684 3485 propria,
716 3411 819 3485 quam
844 3410 866 3458 a
889 3383 1025 3459 Christo
1050 3385 1201 3485 accepit,
1222 3400 1256 3459 et

128 3522 198 3573 non
233 3499 348 3599 potius
373 3525 411 3573 se
436 3500 587 3597 gessisse
611 3516 649 3573 ut
672 3499 779 3575 divini
812 3500 896 3574 iuris
927 3501 1153 3603 interpretem.
1182 3499 1256 3575 llao

127 3616 221 3690 enim
240 3617 276 3688 in
292 3615 475 3717 hypothesi
492 3618 606 3691 omnia
623 3617 724 3691 etiam
746 3632 979 3716 exponuntur,
1000 3643 1089 3719 quae
1107 3616 1255 3692 aSuare·

126 3732 183 3808 zio
207 3733 300 3807 dicta
320 3751 400 3808 sunt
418 3734 462 3807 de
487 3733 651 3833 exemplis
673 3760 714 3807 ex
740 3734 941 3834 antiquitate
966 3734 1198 3834 depromptis,
1218 3733 1255 3805 iu

126 3848 256 3948 quihus
282 3866 319 3923 ut
343 3849 525 3950 plurimum
552 3849 690 3940 saltem,
712 3877 779 3926 non
797 3851 908 3949 agitur
925 3851 990 3924 nisi
1011 3851 1054 3925 de
1080 3848 1255 3950 proposito

127 3963 355 4038 continentiae
374 3964 581 4053 servandae,
602 3981 660 4038 aut
677 3965 720 4039 de
738 3964 814 4064 ipsa
830 3965 1056 4040 observantie.
1078 3962 1253 4065 Siquidem

127 4077 276 4154 ecclesia
300 4096 417 4181 utpote
441 4081 547 4154 divini
576 4081 658 4154 iuris
680 4081 846 4181 interpres
867 4080 1028 4155 iudicavit
1046 4079 1115 4154 illis
1142 4080 1178 4152 in
1203 4105 1256 4153 ca·

128 4193 228 4271 sibus
250 4197 306 4271 ius
323 4197 475 4271 divinum
492 4197 706 4273 dissolutioni
724 4199 884 4272 contracti
903 4197 1107 4272 matrimonii
1127 4197 1250 4271 lavere.

128 4309 290 4412 Alioquin
317 4312 458 4409 intelligi
485 4339 550 4387 non
578 4328 713 4412 posset,
741 4313 911 4414 quomodo
931 4328 978 4389 tot
998 4311 1189 4389 seculorum
1207 4311 1257 4385 in·.
