2796 5064
143 382 190 455 ll
311 405 374 463 nn.
392 401 439 454 xxx.
460 401 547 453 sacr.
564 402 588 451 1.
605 401 645 451 ox
663 400 760 453 xxrn.
781 354 903 452 cnaor.
925 400 1071 453 uxorin.

142 523 278 600 neniae
301 521 492 619 significant
515 533 646 596 coetum
676 517 768 593 illius
792 519 1042 592 communitatis
1071 518 1253 618 peculiaris

141 641 178 713 in
206 655 276 740 que
303 637 471 738 pecudum
500 662 594 710 mers
624 633 769 723 vivitur;
790 660 851 708 seu
879 635 994 709 verius
1012 634 1253 735 ‘voluptatibus

139 753 299 831 omnibus
324 753 527 850 indulgetur.

215 870 285 941 lam
300 894 381 943 vero
396 867 563 941 eiusmodi
583 883 710 954 sectas,
731 892 792 940 seu
808 866 921 965 potius
944 889 1120 965 perversus
1146 866 1254 940 homi·

141 1008 203 1058 nes
228 984 264 1056 in
289 983 354 1057 hac
379 983 544 1056 sentiendi
571 982 761 1082 agendique
787 983 915 1056 ratione
933 981 1034 1055 simul
1053 980 1119 1053 iuri
1137 981 1253 1056 divino

139 1125 182 1173 ac
205 1099 349 1172 naturali
375 1098 512 1173 omnino
537 1097 730 1184 adversari,
758 1113 890 1198 praeter
913 1123 953 1170 ea
978 1122 1066 1196 qnae
1081 1097 1251 1188 diximus,

142 1213 242 1287 facilc
267 1213 432 1288 evincitur
456 1237 496 1286 ex
521 1238 560 1286 eo
587 1212 678 1312 qucd
703 1212 902 1287 moralitatis
928 1237 968 1284 uc
993 1236 1097 1285 senae
1127 1211 1255 1285 ethices

141 1328 234 1427 leges
260 1328 473 1429 proculcent,
503 1351 620 1401 cinnes
643 1344 793 1401 veterum
819 1326 1061 1400 haereticorum
1086 1326 1257 1401 abomina-

142 1444 249 1518 tiones
282 1461 461 1532 renovent,
496 1443 648 1543 adeoque
678 1444 835 1542 publicae
852 1443 1035 1515 bcnestati
1065 1441 1191 1543 prcbno
1216 1470 1257 1517 ac

141 1561 297 1634 dedecori
324 1563 410 1648 sint;
429 1561 578 1660 denique
605 1560 757 1633 mulieris
782 1558 880 1632 cuius
897 1558 1199 1658 emancipationem
1218 1583 1257 1633 ac

142 1672 328 1748 libertatern
345 1677 470 1748 iactant
483 1701 601 1750 >veram
621 1675 836 1774 nativamque
856 1673 1054 1771 dignitatem
1079 1673 1252 1747 deiicient.

167 1815 169 1821 ·
215 1791 309 1878 Quae
341 1792 478 1891 quidem
509 1789 705 1888 singillatim
737 1788 957 1865 sicbreviter
988 1787 1193 1863 evolvimus:
1218 1815 1258 1864 ac

141 1907 251 2007 primo
273 1907 408 2007 quidem
427 1905 594 1979 eiusmodi
615 1905 770 1979 homines
796 1905 992 2006 proculcare
1013 1929 1132 1977 omnes
1153 1930 1257 1978 sanae

139 2022 269 2097 ethices
295 2023 385 2120 leges
411 2021 533 2095 exinde
557 2038 705 2108 constat,
735 2021 827 2121 quod
852 2035 1005 2120 receptas
1030 2019 1257 2120 omnibusque

140 2137 263 2214 insitas
277 2137 475 2211 moralitatis
491 2139 642 2211 notiones
657 2137 791 2235 penitus
806 2136 1045 2237 pessumdant,
1060 2137 1153 2219 iuxta
1169 2162 1258 2236 quas

141 2272 283 2327 sexuum
307 2253 498 2327 commixtio
515 2279 590 2326 uon
616 2252 659 2326 ad
680 2252 881 2352 explendam
902 2250 1077 2324 libidinem
1101 2250 1258 2325 ordinata

139 2382 210 2456 est,
232 2368 292 2441 sed
310 2383 363 2441 est
380 2367 529 2466 legitima
554 2369 745 2442 coniunctio
762 2367 967 2468 quibusdem
985 2366 1086 2441 certis
1102 2364 1258 2440 devincta

141 2481 274 2580 legibus
292 2483 399 2583 prolis
419 2482 658 2586 suscipiendae
677 2484 939 2582 educendosque
956 2480 1077 2569 causa,
1099 2481 1258 2581 quiduis

142 2614 236 2672 extra
261 2599 470 2698 coniugalem
497 2599 689 2673 societatem
716 2601 779 2673 rite
809 2599 950 2673 obtineri
986 2597 1113 2698 nequit.
1143 2596 1258 2686 Quare

142 2712 234 2814 apud
259 2740 377 2788 omnes
402 2715 539 2788 omnino
562 2731 678 2813 gentes
698 2713 820 2790 veleb
845 2714 933 2814 ipsis
957 2713 1098 2787 humani
1123 2713 1258 2811 generis

143 2830 339 2929 primordiis
359 2830 507 2929 coniugii
533 2831 724 2906 societatem
744 2832 777 2904 in
796 2857 872 2905 euxn
891 2831 992 2904 linem
1010 2828 1200 2905 institutam
1217 2853 1258 2903 sc

139 2960 307 3046 receptam
334 2946 503 3019 novimus.
520 2946 611 3020 Licet
630 2973 709 3021 vero
730 2944 1053 3042 nonnullacgantes
1065 2942 1109 3016 ad
1123 2958 1257 3045 tempus

140 3058 367 3134 aberraverint
384 3061 427 3134 ab
440 3062 606 3137 eiusmodi
625 3062 836 3137 institutione
856 3060 953 3137 falsis
974 3075 1147 3160 permotae
1162 3060 1259 3160 prin-

140 3174 268 3274 cipiis,
300 3176 490 3278 cuiusmodi
517 3179 622 3251 luisse
648 3177 795 3250 diximus
821 3176 1064 3276 Spartiatarum
1094 3191 1254 3273 gentem,

139 3314 181 3363 ea
206 3305 316 3364 tamen
342 3290 509 3365 sentiendi
535 3291 726 3392 agendique
744 3292 831 3366 ratio
851 3307 1002 3390 spectata
1015 3292 1110 3365 luite
1124 3290 1258 3392 pupulis

142 3405 283 3506 reliquis
307 3406 409 3481 veluti
436 3407 581 3482 deviatio
608 3407 773 3508 quaedam
796 3406 1098 3481 aocnnubialibus
1121 3406 1258 3480 institu-

139 3519 206 3608 tis,
235 3537 268 3594 et
297 3519 510 3621 improbata,
532 3538 574 3595 vlt
591 3521 806 3598 deviationes
832 3512 920 3595 aliae
944 3547 964 3595 a
991 3537 1131 3594 naturae
1156 3520 1255 3618 lege,

140 3635 330 3710 cuiusmodi
352 3636 485 3710 luerunt
506 3635 613 3725 furta,
635 3653 811 3737 parentum
833 3652 941 3711 aetate
960 3634 1257 3710 fatiscentiumfin-

139 3752 336 3849 teremptio‚
357 3767 458 3850 atque
479 3751 514 3823 id
537 3778 643 3848 genus
671 3752 815 3852 plurima
838 3754 927 3849 (17),
944 3776 1033 3850 quae
1050 3763 1139 3822 certe
1152 3775 1172 3822 e
1186 3772 1258 3820 mo-

139 3865 282 3944 ralitatis
308 3892 425 3940 norma
450 3866 546 3940 foede
572 3867 785 3942 aberrabant.
809 3868 1002 3940 Promiscua
1023 3866 1125 3963 igitur
1141 3863 1201 3935 illa
1217 3887 1257 3935 ac

139 4006 240 4057 coeca
252 3981 471 4056 foeminarum
488 3982 697 4072 communic,
716 4009 819 4082 quam
838 3981 895 4056 isti
914 3979 1057 4054 suadere
1074 4003 1114 4053 ac
1131 4003 1258 4076 propu-

200 4149 261 4215 .(17)
274 4152 311 4201 lle
328 4149 418 4214 quium
435 4150 582 4202 Plutarchus
601 4152 626 4201 in
650 4153 774 4215 Ltcurqo,
788 4146 885 4224 allique
902 4146 993 4227 passim
1013 4146 1052 4199 cl.
1064 4146 1159 4197 Brenno
1170 4147 1258 4209 Depe-

140 4229 343 4284 muranum
363 4242 491 4284 acorem
512 4235 540 4283 ln
561 4230 726 4297 cqocrceadu
746 4227 896 4282 dtctaltotc.
915 4227 1053 4280 moenere
1073 4230 1142 4278 177³.
1160 4226 1222 4278 tem.
1239 4227 1258 4274 l.

140 4313 203 4376 part.
213 4311 258 4363 alt.
268 4324 322 4377 cop.
335 4314 349 4363 7
361 4313 387 4363 et
397 4325 467 4378 seqq.
480 4312 603 4365 Nonnulla
613 4314 639 4363 et
650 4325 696 4363 noa
707 4309 738 4362 de
747 4310 789 4363 lile
800 4309 926 4377 att’qlmus
943 4307 969 4360 lu
986 4307 1059 4362 tract.
1071 4308 1109 4360 De
1122 4315 1187 4360 uero
1197 4301 1257 4357 reo·

140 4393 215 4460 me
232 4403 287 4458 rap.
301 4392 333 4444 ll.
345 4393 383 4444 Dc
393 4403 488 4445 mers.
500 4393 612 4446 revelat.
627 4406 698 4458 prop.
712 4395 804 4456 lseqq.
