2796 5064
367 117 436 169 ear.
455 117 481 169 r.
508 115 684 171 rotranun
700 115 909 175 ιιιιιιιιιιιιι,
928 121 1001 174 ιιι.
1019 121 1047 175 ι.
1144 157 1156 175 ι.
1211 104 1256 178 ιι

152 238 306 318 misereo
323 234 498 312 bominum
516 262 640 335 genere
663 235 785 314 maie
808 240 1176 341 superstesconiugali
1192 243 1259 320 foe·

148 353 225 428 dere
248 378 327 428 cum
351 352 458 426 sterili
482 353 601 428 marito
622 353 815 429 consociata
836 356 1053 446 remanserit,
1080 383 1259 457 argumen-
1313 429 1315 432 ,

148 485 216 543 tum
232 469 320 543 foret
335 469 453 541 mundi
479 468 581 543 finem
602 468 799 558 advenisse,
816 486 923 552 autut
934 471 1086 547 nonnulli
1104 491 1255 566 censent,

145 583 257 657 mariti
275 581 437 657 sterilitas
455 582 540 657 soret
551 583 615 658 hoc
632 583 667 656 in
684 610 765 659 casu
780 584 1053 685 impedimentum
1071 588 1254 678 dirimens,

142 697 297 799 adeoque
313 697 357 772 ob
374 698 485 772 maius
502 698 627 775 bonum
645 700 894 776 conservandae
919 701 1088 777 humanae
1111 706 1254 806 speciei,

140 815 246 912 priori
272 813 393 889 marito
417 813 584 902 dimisso,
608 830 724 914 posset
747 816 890 890 alterum
914 819 1037 893 ducere
1052 822 1140 916 (lb).
1158 820 1256 908 Quod

140 928 184 1002 ud
202 928 345 1004 alteram
366 945 495 1030 spectat
511 929 726 1032 hypothesim
740 931 783 1007 de
794 930 935 1033 speciali
952 950 1069 1033 pacto,
1089 938 1257 1026 nonsatis

140 1071 202 1146 per
224 1044 313 1118 illud
344 1044 576 1121 consuleretur
600 1046 706 1147 prolis
737 1049 954 1136 certitudini,
987 1071 1097 1151 neque
1130 1051 1257 1130 idcirco

139 1161 278 1236 debitae
301 1161 512 1252 educationi,
539 1163 709 1238 worse
733 1164 851 1239 saltem
874 1167 999 1238 ratione
1024 1165 1060 1237 in
1084 1183 1257 1244 contractu

142 1276 203 1352 illo
225 1276 437 1363 successivo,
470 1294 507 1352 ut
538 1276 610 1351 alia'
636 1278 773 1353 silentio
801 1293 1062 1380 praetereamus.
1094 1280 1256 1357 Similiter

142 1391 245 1466 relate
277 1391 321 1464 ad
349 1391 569 1492 hypothesim
600 1392 736 1468 diuinae
766 1393 1056 1494 dispensationis,
1087 1396 1254 1497 quidquid

138 1508 279 1581 demum
303 1507 350 1582 sit
373 1508 416 1582 de
439 1507 603 1607 singulari
633 1509 809 1585 Sancheaii
841 1510 1026 1599 sententia,
1053 1510 1155 1611 quam
1185 1537 1254 1595 ,non

137 1621 310 1722 ignobiles
335 1639 489 1699 auctores
513 1622 633 1699 falsam
659 1640 830 1726 reputant,
857 1641 946 1700 certe
969 1625 1024 1699 vel
1040 1626 1114 1727 ipse
1134 1626 1255 1704 fatetur

139 1739 354 1811 commutator
377 1738 470 1813 illam
495 1739 611 1827 reiici,
630 1765 671 1814 eo
688 1739 779 1839 quod
796 1739 842 1813 sit
858 1754 969 1813 contro
990 1743 1102 1839 primo
1117 1756 1254 1817 naturae

136 1855 370 1953 percepset
381 1853 530 1954 loquitur
541 1854 725 1929 slbomas
738 1857 827 1951 (lt).
840 1853 901 1929 Ast
913 1879 981 1928 non
994 1857 1149 1956 estquod
1168 1856 1254 1932 ulte-

140 1968 212 2043 rius
225 1967 264 2042 in
278 1969 398 2043 otiosis
409 1969 575 2044 eiusmodi
590 1967 836 2070 hypothesibus
846 1969 1054 2045 excutiendis
1065 1997 1249 2047 versemur.

211 2081 277 2157 llis
301 2083 404 2182 igitur
426 2083 599 2171 dimissis,
621 2100 659 2160 ιιι
679 2099 884 2159 reuertamur
899 2084 942 2158 ad
961 2084 996 2156 id
1017 2085 1108 2160 unde
1129 2086 1254 2164 disces

142 2199 273 2286 simus,
293 2198 347 2273 rel
373 2199 439 2300 ipsi
465 2201 666 2274 recentiores
690 2199 934 2274 communistae
950 2222 991 2274 ac
1007 2202 1252 2291 sansimoniani

142 2311 402 2414 locupletissimi
440 2329 543 2390 testes
577 2329 657 2388 sunt
694 2340 770 2388 oum
808 2314 945 2389 notione
978 2315 1126 2413 coniugii
1157 2315 1253 2416 poly-

144 2428 294 2503 andriam
329 2454 397 2503 non
430 2454 531 2529 posse
564 2427 761 2503 consistere.
797 2429 881 2516 Nec,
898 2428 988 2503 enim
1022 2429 1089 2528 ipsi
1127 2430 1252 2504 directe

144 2561 355 2643 propugnant
378 2543 632 2646 polyandrium,
661 2544 721 2617 sed
739 2544 851 2644 potius
869 2542 1043 2617 eliminant
1060 2569 1100 2618 ao
1121 2543 1253 2618 destru-

142 2674 199 2733 unt
227 2659 340 2761 ipsam
369 2660 518 2758 coniugii
550 2659 735 2745 notionem,
764 2658 844 2731 dum
871 2656 1078 2757 proclamant
1111 2686 1250 2757 urorum

140 2775 410 2848 communionem
434 2800 496 2848 seu
521 2774 634 2873 potius
651 2772 852 2861 mulierum,
872 2797 958 2870 quas
976 2771 1105 2847 solutas
1128 2773 1251 2849 vellent

140 2913 157 2960 a
181 2889 307 2989 quavis
331 2889 536 2965 matrimonii
560 2889 731 2964 seruitute.
754 2889 793 2960 ln
818 2888 959 2961 istorum
977 2904 1159 2987 systemate
1174 2915 1251 2965 con·

140 3002 248 3100 iugale
273 3001 445 3077 vinculum
461 3018 514 3076 est
529 3004 669 3077 seruitus
686 3019 839 3103 respectu
856 3001 1043 3090 foeminae,
1062 3029 1165 3101 quam
1183 3004 1249 3104 ipsi

139 3118 353 3219 emancipare
362 3117 590 3206 eontendunt,
613 3132 649 3190 ut
667 3115 959 3208 libercmlaciann
975 3115 1144 3215 siquidem
1158 3118 1249 3213 iuxta

139 3232 232 3333 ipsos
258 3231 351 3330 leges
368 3231 527 3307 connubii
545 3231 885 3331 iugumconstituunt
901 3229 1129 3321 intolerabile,
1148 3248 1250 3332 atque

140 3349 275 3446 penitus
291 3346 587 3447 disrumpendum
600 3345 716 3421 uolunt
732 3345 849 3446 utique
861 3344 1037 3446 familiam,
1055 3360 1089 3420 at
1103 3345 1249 3421 familiae

207 3586 262 3650 (ιι)
276 3586 316 3638 (ιι.
327 3587 428 3639 Sbwan
437 3600 478 3651 op.
486 3589 512 3639 et
521 3587 570 3639 loc.
579 3589 623 3640 eit.

207 3664 1249 3731 nmeanremnttncunaameoipementmuunrnnsnematramnaaxt,

140 3745 312 3810 responditque
330 3744 427 3798 nudum
447 3759 501 3799 esee
520 3746 764 3812 pericnlumnttatis
775 3759 846 3798 casas
857 3745 961 3797 aoetdat.
972 3746 1099 3797 nmentm
1119 3735 1193 3797 corae
1211 3747 1250 3797 est

142 3825 294 3888 prouidentia
309 3827 404 3891 genueris
419 3828 528 3879 humant.
539 3828 637 3892 alloqui
648 3829 723 3879 etiam
734 3840 850 3893 quaerere
861 3840 987 3892 possemtu
997 3841 1057 3878 num
1072 3826 1171 3878 deberet
1181 3827 1250 3890 pater

140 3903 212 3957 them
227 3920 333 3958 uxorem
348 3906 452 3971 ducere,
470 3910 514 3959 aut
533 3907 598 3959 titius
616 3909 734 3971 matrem,
752 3907 773 3958 si
790 3907 851 3958 nulli
867 3906 909 3958 alti
926 3907 991 3958 inter
1012 3906 1123 3957 homines
1139 3918 1248 3969 superes·

138 3988 195 4038 sent.
203 3989 311 4038 υαιιιιιιι
321 3987 347 4039 et
357 3987 409 4051 ipse
420 3987 445 4038 in
456 3987 578 4040 eiusmodi
590 3988 717 4053 hypothesi
729 3988 832 4040 recurrit
837 3987 868 4039 ad
876 3986 1022 4040 solutione·
1031 3984 1120 4052 prioris
1130 3985 1246 4050 mnlugtl.

206 4067 259 4130 (ιι)
275 4069 304 4118 ιιι
323 4071 346 4119 ι.
358 4068 425 4119 sent.
438 4066 464 4118 d.
478 4073 516 4120 aa.
528 4080 553 4132 q.
567 4075 588 4119 ι.
602 4069 648 4119 ιιι.
663 4075 682 4119 ι.
694 4065 725 4118 ad
737 4071 761 4119 7.
