2796 5064
143 389 186 457 20
319 413 379 459 hili.
403 411 449 458 lll.
472 411 557 459 suet.
580 413 601 459 1.
624 412 663 458 ΒΕ
682 410 912 460 ΜΑΤΒ.οΗΗ18Τ.
932 411 1075 459 titiane.

143 529 245 601 tiesas
271 554 310 599 ac
337 526 568 624 prophetissas
594 553 670 599 esse
688 527 882 599 decernunt.
904 527 1067 599 Sacerdos
1086 553 1127 600 ac
1143 547 1254 600 'sacer-

142 643 290 724 dotissa‚
318 641 412 712 aiunt
438 640 523 737 ipsi,
555 641 728 739 proprium
753 658 906 714 exercent
936 642 1160 714 ministerium
1191 670 1252 742 ope

144 784 225 830 suae
252 756 526 855 pulchritudinis.
551 758 681 829 Etenim
707 757 931 831 sacerdotium
962 759 1061 830 futuri
1095 761 1253 858 temporis

143 899 276 944 carnem
309 898 404 944 suam
438 872 575 943 minime
605 871 763 959 cohibet,
799 873 917 944 faciem
952 899 1047 945 suam
1079 873 1154 946 velo
1190 901 1251 947 nou

142 988 293 1072 obducit,
322 1013 387 1059 non
415 1013 452 1058 se
478 988 599 1059 scrutis
625 990 724 1084 tegit,
754 988 962 1085 flagellorum
988 988 1111 1062 ictibus
1130 1016 1251 1089 corpus

143 1131 241 1177 suum
274 1130 340 1176 non
371 1102 556 1175 contundit.
585 1103 763 1176 Pulchrum
796 1105 907 1202 ipsum
937 1122 1014 1190 est.
1048 1106 1185 1205 sapiens
1215 1132 1253 1179 ac

90 1295 94 1303 ,
143 1220 267 1293 benum
297 1221 384 1314 (tt).
407 1218 559 1290 Attamen
593 1235 625 1290 et
658 1221 722 1318 ipsi
756 1221 872 1293 eodem
907 1236 1054 1318 tempore
1083 1223 1252 1321 propriam

141 1335 302 1408 extollunt
320 1334 515 1434 pudicitiam
531 1351 631 1435 atque
645 1335 832 1408 decentiam
845 1365 852 1420 ;
867 1336 913 1407 ita
925 1337 1014 1407 enim
1030 1362 1254 1436 prossequun·

142 1467 213 1521 tur:
228 1448 355 1548 «Copia
377 1447 431 1543 (id
457 1465 508 1520 est
525 1452 620 1543 unio)
642 1450 861 1523 sacerdotalis
887 1466 987 1522 totam
1011 1449 1112 1522 sentit
1131 1450 1200 1522 vim
1222 1466 1255 1523 et

141 1563 398 1636 incantationem
417 1562 589 1635 decentiae
607 1591 645 1636 ac
664 1564 804 1662 pudoris
822 1580 979 1637 aetutem
998 1591 1131 1662 quoque
1150 1590 1253 1660 agno

141 1680 205 1752 seit
229 1680 370 1775 gratiam
395 1677 587 1750 donationis
613 1678 732 1777 plenae
749 1695 782 1750 et
799 1679 990 1778 voluptatis.
1015 1682 1091 1779 ipsa
1110 1681 1253 1778 imponit

142 1794 320 1894 imperium
346 1793 471 1866 amoris
498 1795 551 1865 sui
578 1820 760 1892 eorumque
785 1794 976 1881 beatorum,
1012 1822 1098 1894 quos
1130 1822 1252 1869 sensus

141 1927 276 1982 urentes
294 1909 480 2006 decipiunt,
497 1924 597 2006 atque
610 1908 653 1980 ab
671 1910 755 2007 ipsis
774 1910 933 1982 tributum
952 1912 1094 2008 percipit
1111 1937 1253 1983 arcanae

141 2052 179 2098 ao
206 2024 349 2124 pudicae
376 2023 608 2095 teneritudinis
633 2024 707 2095 sive
732 2025 921 2097 affectionis
936 2026 1126 2119 (ff).lnter
1144 2042 1253 2098 cetere

140 2140 289 2212 absurda
315 2138 560 2211 sansimoniani
580 2154 755 2237 expectant
772 2141 945 2237 foeminam
961 2142 1128 2223 messiam,
1150 2167 1251 2238 quam

139 2269 293 2337 matrem,
323 2253 371 2325 uti
397 2252 566 2350 quondam
593 2253 705 2324 Simon
733 2279 873 2350 magus,
900 2255 950 2326 sic
975 2271 1008 2325 et
1032 2255 1087 2326 isti
1112 2272 1250 2338 uocant3

140 2369 299 2441 affectant
324 2384 356 2438 et
383 2367 447 2465 ipsi
475 2367 696 2439 castimoniae
714 2395 753 2440 ac
777 2369 963 2441 sanctitatis
987 2369 1250 2467 professionem,

139 2485 187 2555 uti
205 2483 356 2578 'gnostici
381 2498 530 2566 veteres,
560 2482 639 2552 dum
667 2483 700 2553 in
726 2483 866 2557 delubro
896 2501 1071 2558 versantur
1101 2487 1254 2585 volupta-

140 2615 208 2670 tum
232 2601 320 2692 (Η).
628 2694 631 2699 y

211 2715 328 2787 Cetera
361 2741 427 2787 non
461 2740 666 2814 pressequar
698 2733 767 2787 tum
801 2744 843 2790 ne
873 2735 984 2790 castas
1015 2744 1114 2790 aures
1145 2720 1253 2815 magis

139 2831 329 2916 offendam,
358 2846 428 2903 tum
454 2829 534 2928 quia
560 2856 600 2901 ea
625 2857 711 2928 quae
737 2831 837 2904 allata
863 2848 942 2904 sunt
967 2833 1053 2904 ultro
1080 2833 1253 2905 sufficiunt

139 2948 181 3020 ad
207 2947 506 3019 demonstrandum
532 2947 622 3045 quod
656 2948 875 3019 intendimus.
904 2948 1187 3046 Quandoquidem
1212 2976 1251 3021 ex

138 3061 314 3134 collatione
338 3046 486 3134 veterum
513 3080 678 3133 sectarum
705 3089 781 3133 cum
812 3063 908 3134 novis
941 3064 1250 3136 sensimonianismi

138 3192 171 3247 et
196 3175 431 3248 communismi
450 3176 612 3247 doctrinis
631 3177 820 3275 agendique
838 3179 965 3250 ratione
982 3178 1156 3250 evidenter
1173 3205 1252 3250 eon·

138 3307 204 3363 stat
229 3288 314 3387 nihil
350 3289 426 3362 novi
461 3291 661 3362 recentiores
692 3290 863 3376 attulisse,
900 3292 990 3389 quod
1022 3309 1152 3364 veteres
1185 3319 1251 3364 uon

138 3403 398 3500 excogitaverint
424 3419 524 3503 atque
549 3406 583 3475 in
612 3406 729 3503 praxin
750 3432 817 3477 non
843 3406 1053 3480 deduxerint.

211 3629 260 3690 (to)
277 3628 340 3679 thid.
354 3632 387 3679 Le
401 3629 486 3680 Giohe.

210 3700 267 3768 (ltl'
276 3708 339 3757 lhid.

211 3789 262 3849 (ta)
279 3788 384 3845 Quidam
402 3791 535 3852 Duteyrier
554 3804 618 3839 uirus
639 3806 668 3840 cx
692 3792 877 3841 snrreiruouiauis
897 3792 1012 3855 apostolis
1031 3792 1064 3840 iia
1082 3793 1207 3855 repondit
1227 3793 1250 3842 in

138 3866 256 3917 tribunali
271 3867 399 3931 parisiensi
417 3867 527 3917 iudicum
546 3869 795 3932 interpellationibus,
813 3872 856 3932 qui
869 3871 891 3919 ei
907 3870 1074 3933 proponebant
1089 3870 1251 3932 aduocatum,

138 3948 182 4010 qui
194 3948 247 3996 eius
259 3949 421 4010 patrocinium
433 3949 578 4011 susciperet:
593 3953 650 3998 «Un
663 3955 762 4000 avocati
776 3951 838 4000 Mais
852 3952 884 3999 oir
899 3954 1095 4000 trouvereerous
1109 3952 1151 4013 qui
1171 3953 1251 4015 puisse

139 4040 178 4077 me
189 4027 324 4076 deiendre?
342 4030 387 4076 Lea
404 4029 470 4077 coita
483 4032 554 4090 tous;
563 4030 588 4091 je
599 4029 652 4078 leur
664 4031 687 4079 ai
702 4031 768 4094 parte
779 4032 853 4079 arant
869 4030 1018 4092 leudicam,
1029 4035 1054 4080 et
1061 4031 1087 4092 je
1103 4031 1157 4080 leur
1167 4033 1192 4080 ai
1201 4032 1250 4081 dit:

138 4108 204 4155 vous
216 4120 246 4155 ne
257 4119 350 4169 pouroz
366 4119 405 4155 mc
421 4106 551 4168 deiende,
573 4111 625 4157 moi
645 4109 860 4158 ecronttcllemerrt
881 4109 1012 4171 relictoue
1033 4114 1058 4160 et
1079 4111 1181 4170 morai,
1199 4113 1251 4160 moi

139 4185 239 4235 homme
246 4186 350 4235 onitate!
359 4188 406 4235 car
418 4185 503 4248 depuis
513 4187 550 4236 six
562 4188 657 4249 moieje
668 4189 705 4237 vis
714 4188 782 4238 dans
793 4188 817 4237 le
826 4189 922 4239 cetthot
931 4189 955 4238 le
962 4191 1026 4252 ptus
1035 4190 1143 4252 absolu,
1153 4203 1251 4241 comme

139 4267 196 4313 teus
207 4263 367 4324 massadae,
380 4265 461 4314 modis
470 4278 519 4328 quc
531 4279 605 4327 vous,
619 4280 680 4316 rone
690 4269 759 4318 vireo
773 4271 830 4316 tous
849 4267 910 4317 dena
928 4268 1054 4319 i’aduhdre
1065 4273 1089 4318 et
1099 4269 1123 4318 le
1135 4271 1250 4332 prestito·

140 4344 204 4392 tion!
217 4346 249 4394 tie
259 4348 302 4395 out
313 4345 391 4396 baisse
403 4346 426 4395 ia
439 4349 500 4408 tcto,
512 4350 536 4396 ct
546 4348 615 4396 n’out
626 4360 670 4410 pec
680 4348 814 4411 repondu.»
