2796 5064
331 386 398 433 cir.
414 384 436 432 1.
454 385 493 432 ns
508 382 682 432 66666666
707 381 914 433 susurrum.
932 385 1002 432 rur.
1018 384 1052 432 6.
1200 363 1243 432 2'l

149 527 257 574 mores
271 501 357 572 duas
371 500 509 572 alteram
527 499 682 573 dilectam
696 514 729 571 et
740 499 879 572 alteram
896 500 1046 574 odiosam
1060 517 1123 574 etc.
1132 505 1246 598 (68).»
1330 485 1334 492 ’

145 617 235 702 Quod
250 616 375 688 clarius
388 615 499 688 adbuc
514 631 603 713 patet
616 641 656 687 ox
671 615 726 700 iis,
744 640 831 713 quae
844 615 933 688 idem
948 614 1119 712 legislator
1130 619 1251 691 consti·

143 734 200 805 tuit
224 732 269 803 de
290 731 448 828 regibus,
477 731 602 830 quibus
629 731 728 803 unice
760 756 935 804 excessum
961 731 996 802 in
1022 759 1162 806 uxorum
1188 762 1251 808 nu-

140 876 228 922 mero
245 875 333 948 quas
355 848 477 921 ducere
497 863 634 945 possent
659 847 829 920 interdixit
849 847 903 920 his
922 848 1055 920 verbis:
1073 850 1174 923 «Non
1193 851 1251 924 ba-

139 965 228 1038 bebit
263 970 379 1059 (rex)
413 991 530 1037 uxores
563 966 754 1062 plurimos,
793 990 879 1063 quaa
917 965 1066 1038 alliciant
1101 966 1250 1039 animum

139 1081 210 1153 eius
241 1083 367 1174 (59).e
392 1080 486 1151 Hanc
519 1079 797 1152 consuetudinem
827 1106 930 1178 penes
964 1078 1058 1152 illum
1090 1081 1251 1180 populum

140 1222 246 1295 usque
272 1196 317 1268 ad
342 1194 545 1294 reipublicae
570 1195 738 1267 interitum
761 1213 829 1267 tum
849 1212 1002 1294 respectu
1024 1197 1249 1294 privatorum,

142 1328 206 1382 tum
235 1329 391 1410 respectu
416 1311 563 1383 viromm
594 1310 783 1409 principum
810 1311 959 1406 viguisse
985 1310 1138 1384 novimus
1159 1315 1248 1406 (66).

142 1426 233 1511 Quod
263 1453 344 1499 vero
368 1427 485 1500 attinet
509 1426 552 1498 ad
573 1425 659 1499 alios
684 1426 826 1524 populos
852 1425 923 1498 sive
948 1425 1127 1499 orientales
1154 1453 1252 1525 prae-

144 1542 275 1626 sertim,
306 1541 377 1614 sive
402 1542 502 1613 etiam
527 1539 773 1626 occidentales,
800 1567 853 1614 res
878 1558 930 1613 est
953 1541 1148 1626 notissima,
1169 1542 1254 1616 adeo

144 1672 175 1727 ut
200 1656 303 1752 longe
336 1655 469 1729 facilius
493 1656 537 1729 sit
563 1682 620 1730 eos
647 1682 823 1729 recensere
857 1682 961 1754 penes
993 1683 1080 1754 quos
1111 1656 1255 1730 obtinuit

145 1772 374 1868 monogamia,
390 1798 491 1870 quam
509 1798 567 1845 eos
580 1772 638 1870 qui
653 1771 877 1871 polygamiam
900 1787 978 1845 suut
996 1771 1132 1858 sectati,
1152 1772 1255 1872 idque

144 1887 407 1960 aromotissimis
420 1887 626 1986 temporibus
640 1944 647 1972 ,
665 1887 833 1985 siquidem
852 1885 1044 1986 polygamia
1057 1912 1078 1959 a
1092 1887 1255 1961 noecbica

146 2029 223 2100 pene
248 2020 360 2076 aetate
380 2004 502 2102 coepit.

209 2121 262 2191 lle
282 2120 450 2219 aegyptiis
472 2120 609 2219 quidem
624 2120 722 2191 relert
735 2119 923 2192 Herodotus
936 2145 994 2192 eos
1009 2119 1255 2217 monogamiam

145 2235 287 2309 coluisse
308 2236 478 2309 scribens:
499 2236 771 2335 «Unusquisque
793 2236 928 2309 nonnisi
946 2262 1048 2309 unam
1066 2262 1201 2309 uxorem
1220 2236 1255 2307 in

147 2352 355 2424 matrimonio
377 2352 477 2425 habet
494 2355 582 2425 sicut
599 2352 708 2449 graeci
727 2354 840 2446 (61).»
861 2351 921 2426 Ast
934 2352 1101 2426 Diodorus
1127 2351 1256 2427 siculus

146 2484 283 2541 testatur
313 2467 348 2538 id
375 2495 478 2566 penes
507 2468 597 2542 solos
630 2468 820 2540 sacerdotes
852 2457 1024 2565 viguisse,
1063 2467 1148 2541 alios
1178 2493 1257 2541 vero

146 2602 307 2683 quotquot
330 2585 476 2683 quisque
499 2583 597 2657 vellet
623 2583 780 2656 mulieres
804 2585 840 2655 in
865 2584 1113 2657 matrimonium
1140 2583 1257 2657 duxis-

147 2725 180 2772 se
195 2702 270 2793 (62)
280 2698 558 2771 Atheniensibus
573 2698 748 2797 aCeeropc
760 2699 896 2771 vetitam
909 2698 1136 2797 polygamiam
1151 2716 1259 2770 osten·

147 2813 191 2884 dit
202 2812 331 2886 Potitus
347 2817 435 2908 (63),
450 2831 548 2913 prout
563 2814 606 2885 de
619 2815 727 2885 Numa
743 2813 892 2911 idipsum
912 2828 1079 2885 statuente
1097 2813 1193 2884 testis
1207 2828 1259 2885 est

149 2929 261 3001 Festus
278 2931 369 3023 (66).
386 2931 436 3002 lta
455 2929 498 3001 do
518 2929 668 3028 antiquis
691 2929 861 3026 germanis
881 2926 998 3001 scribit
1015 2927 1148 3000 Tacitus
1167 2927 1256 3025 quod

149 3070 248 3144 prope
262 3044 327 3118 soli
340 3045 576 3131 barbarorum,
603 3044 747 3142 singulis
772 3043 934 3117 uxoribus
953 3043 1097 3116 contenti
1117 3043 1254 3129 luerint,

216 3218 268 3278 (66)
284 3219 357 3266 nent.
369 3219 434 3267 xxi.
450 3224 486 3267 15.

214 3300 267 3358 (so)
283 3300 356 3347 mut.
371 3300 447 3346 xvrr.
464 3302 498 3347 o.

216 3378 269 3438 (co)
286 3380 321 3426 De
337 3377 482 3426 ludaeorum
499 3378 636 3440 polygamiae
646 3378 679 3426 ol.
689 3378 850 3439 Hoioegerum
862 3376 887 3425 in
904 3379 1020 3425 Historia
1033 3375 1260 3440 patriarcharum,

150 3456 276 3507 seldenum
300 3459 372 3506 Uxor
387 3457 501 3508 hebraeo
519 3457 563 3507 lib.
581 3460 600 3508 1.
615 3471 638 3507 c,
653 3464 675 3508 9.
690 3459 867 3507 Moutocotium
884 3457 909 3506 in
927 3458 1065 3519 Apporotu
1084 3469 1109 3519 p.
1129 3463 1171 3506 193
1189 3468 1259 3519 seqq.

152 3536 296 3598 tristandus
314 3537 421 3586 ostendit
439 3540 546 3587 Kuraeos
560 3550 602 3587 seu
618 3538 731 3587 Karaitos
743 3537 811 3586 nullo
826 3550 928 3585 numero
939 3535 1089 3598 adstringere
1098 3534 1260 3597 polygamiam

154 3615 174 3662 iu
182 3629 222 3678 op.
237 3618 277 3665 De
292 3620 364 3666 secto
380 3615 536 3666 toroeorom
551 3630 577 3680 p.
594 3621 635 3667 tt?
648 3630 717 3679 seqq.
728 3618 819 3665 contra
831 3628 889 3664 vero
900 3613 1082 3664 rabbaoilerum
1094 3613 1264 3676 sectaedque·

154 3695 202 3744 tuor
218 3709 309 3744 uxores
327 3694 481 3756 coarctabat,
499 3699 527 3744 ot
542 3695 615 3745 refert
633 3695 801 3758 Lighptrootus
815 3694 840 3743 io
853 3696 932 3743 Horis
949 3693 1021 3744 bobr.
1033 3696 1058 3743 et
1078 3691 1216 3743 Tbelrnud.
1229 3691 1261 3742 ad

154 3774 233 3823 unctu.
246 3777 278 3823 V.
292 3783 330 3824 31.

218 3856 270 3916 (ot)
287 3854 350 3903 Hist.
365 3853 408 3902 lib.
419 3857 449 3903 ΙΙ.
461 3854 484 3916 §.
494 3854 571 3905 saed
591 3856 742 3917 argentorat.
758 3856 997 3916 teto.tom.1.pag.
1013 3860 1066 3903 aot.

219 3936 269 3995 (62)
286 3934 340 3984 Lib.
354 3939 372 3985 1.
385 3940 444 3984 sect.
457 3939 475 3984 Ι.
487 3949 511 3984 n.
526 3945 553 3986 21
567 3949 635 3998 seqq.
647 3935 685 3984 cd.
697 3935 818 3984 Diodorlit
832 3935 907 3984 Paris.
919 3936 993 3984 Firm.
1005 3934 1079 3984 Didot
1095 3939 1162 3985 rats.

218 4017 269 4078 (ot)
286 4015 326 4065 Ao
338 4015 407 4078 leoco
417 4019 528 4079 atticos,
541 4029 595 4080 pag.
605 4020 660 4066 tat.
673 4019 785 4066 Attamen
796 4029 826 4064 cx
838 4015 955 4064 6661Ιί6
967 4017 1091 4065 Noctium
1103 4017 1261 4073 otttcorum,

155 4093 190 4145 tit.
198 4100 218 4145 t.
231 4110 254 4146 c.
269 4101 307 4147 17.
320 4100 345 4148 et
358 4096 402 4146 lib.
412 4099 464 4147 xv.
474 4110 497 4147 c.
509 4103 548 4149 20.
556 4097 596 4148 ed.
609 4096 949 4159 Oisolitugd.Balav.1att.
962 4097 1074 4158 exempla
1085 4093 1207 4144 contraria
1219 4093 1260 4141 bo·

156 4173 241 4228 bmros.

218 4259 268 4319 (et)
285 4259 312 4306 tn
330 4256 423 4308 Pellae
438 4257 502 4320 apud
520 4263 537 4307 Α
558 4257 695 4308 Fabricium
713 4256 893 4319 stottopropt.
907 4260 1041 4320 66664666.
1052 4269 1105 4317 cap.
1118 4255 1168 4302 xx.
1184 4251 1256 4314 Poly·

155 4350 242 4394 erroro.
