2796 5064
235 351 304 423 1⁸18
378 372 440 422 nn.
456 371 505 422 111.
521 370 608 422 sacr.
624 369 754 422 mmor.
770 369 810 420 nn
824 369 936 422 moras.
951 370 1048 422 uara.
1070 368 1196 422 emur.

235 493 364 580 lerunt,
393 491 437 564 ad
465 516 525 564 eae
559 488 789 563 conciliandas
825 513 903 562 cum
936 488 1090 563 doctrina
1114 504 1148 562 et
1172 489 1267 588 praxi
1301 515 1356 564 ec-

235 606 375 693 clesiae,
393 604 464 677 'alii
485 603 588 678 aliam
611 604 701 679 mam
727 603 764 676 in
787 601 856 678 illis
882 600 1092 703 exponendis
1119 604 1282 678 inierunt.

307 723 391 795 Nam
410 723 444 794 l.
466 720 618 821 plerique
634 720 869 794 existimarunt
886 719 1057 794 Christum
1069 719 1254 795 Dominum
1275 719 1357 793 ldat-

233 836 283 913 th.
304 837 341 907 V.
365 834 592 908 calinulum
619 834 751 933 repudii
774 861 794 908 a
817 835 909 909 Mose
933 834 1137 935 permissum
1163 833 1277 908 solnm
1302 860 1354 907 sn

234 951 399 1040 stulisse,
429 976 468 1023 ac
497 950 721 1049 separationis
756 976 893 1024 oausam
919 976 960 1023 ea
992 947 1146 1028 clausula
1179 948 1223 1022 ad
1257 974 1355 1021 unam

234 1066 487 1142 fornicationem
514 1092 575 1140 seu
599 1064 801 1139 adulterium
825 1080 1041 1153 coarctasse,
1062 1080 1165 1164 atque
1185 1064 1220 1136 id
1245 1065 1353 1164 ipsum

233 1183 442 1284 praestitisse
461 1181 579 1256 lletth.
600 1182 686 1254 xlx.
710 1185 744 1254 9.
773 1208 849 1256 cum
875 1182 1100 1280 interrogatus
1122 1208 1144 1255 a
1164 1180 1352 1281 pharisaeis

232 1324 312 1371 num
337 1296 452 1371 liceret
479 1297 649 1371 dimittere
673 1322 811 1369 uxorem
836 1323 1051 1398 quacumque
1075 1322 1116 1369 ex
1141 1323 1279 1385 causa,
1306 1323 1353 1369 re

232 1414 391 1514 spondit,
425 1440 492 1487 non
518 1412 638 1500 licere,
667 1412 734 1485 nisi
763 1413 806 1485 ob
832 1412 938 1486 solam
968 1413 1244 1500 fornicationem,
1273 1412 1351 1486 nihil

230 1552 310 1605 vero
327 1526 507 1627 protulisse
527 1528 570 1602 de
593 1554 651 1616 eo,
672 1528 782 1629 quod,
803 1553 906 1601 uxore
931 1527 1093 1615 dimissa,
1114 1525 1187 1599 fieri
1208 1542 1340 1626 posset,

232 1644 391 1716 nimirum
418 1642 532 1717 liceret
558 1670 619 1717 neo
650 1669 693 1717 ne
719 1643 820 1717 aliam
845 1643 968 1717 ducere
997 1645 1086 1738 (33).

305 1761 340 1833 2.
369 1756 434 1830 Alii
462 1759 668 1833 contendunt
692 1785 766 1832 earn
791 1757 976 1833 clausulam
994 1784 1015 1830 a
1035 1757 1171 1830 Christo
1189 1756 1349 1831 adiectam

231 1874 338 1948 luisse
367 1890 520 1974 respectu
548 1888 677 1948 tantum
704 1873 821 1949 habito
849 1873 935 1972 legis
964 1873 1157 1960 mosaicae,
1186 1870 1232 1946 ad
1257 1873 1347 1947 cuins

107 2045 109 2050 -
229 2005 376 2064 mentem
400 1989 502 2063 locuti
527 1990 659 2063 luerent
685 1989 875 2090 pharisaei,
897 2015 964 2063 non
985 1987 1161 2062 autemde
1181 1988 1345 2062 coluisse

231 2103 401 2191 locutum,
429 2103 520 2204 quod
545 2104 581 2176 in
606 2103 680 2202 loge
705 2102 898 2203 evangelica
924 2103 1051 2179 servari
1068 2101 1230 2192 deberet,
1250 2103 1346 2202 idque

229 2234 349 2319 postea
374 2219 585 2319 praestitisse
609 2245 714 2319 quum
740 2235 868 2294 secreto
893 2218 1121 2320 alloqueretur
1143 2216 1344 2318 Apostolos,

230 2333 356 2434 quibus
384 2334 540 2434 patefecit
565 2332 691 2407 nullam
715 2335 876 2434 deinceps
899 2334 1012 2435 quoad
1036 2332 1215 2408 uinculum
1242 2332 1348 2437 'matri-

229 2449 333 2523 monii
361 2447 618 2524 dissolutionem
645 2448 716 2523 lore
741 2449 982 2523 admittendam
1003 2450 1095 2545 (36).

307 2566 341 2637 3.
370 2563 421 2636 Ab
447 2565 511 2639 hac
536 2565 702 2640 sententia
727 2593 794 2640 non
821 2566 1002 2639 admodum
1027 2563 1209 2639 discedant
1229 2565 1289 2667 qui
1304 2561 1346 2638 al·

229 2695 392 2754 terutrum
423 2678 541 2754 saltem
570 2695 696 2754 textum
721 2681 764 2755 de
789 2680 1011 2755 matrimoniis
1036 2677 1238 2753 iudaeorum
1264 2677 1346 2753 intel

227 2794 356 2895 ligant,
390 2822 457 2870 non
484 2813 595 2871 autem
627 2797 671 2870 de
688 2795 901 2871 matrimonio
926 2794 1101 2883 fidelium,
1123 2795 1192 2869 nisi
1213 2795 1345 2870 lorteex

228 2910 535 2986 accommodatione
548 2912 769 3011 seuquadam
781 2927 995 3012 temporanea
1007 2909 1204 2985 oeconomia
1217 2936 1288 3012 qua
1301 2909 1345 2984 di·

227 3025 372 3100 tortium
398 3025 442 3099 ob
473 3024 676 3100 adulterium
705 3025 748 3099 iis
775 3026 876 3099 etiam
905 3026 1115 3125 permittatur
1143 3025 1205 3125 qui
1237 3052 1280 3100 ex
1301 3026 1345 3098 iu·

201 3176 204 3182 ’
228 3139 360 3214 daismo
373 3142 518 3239 primum
532 3142 709 3215 adChristi
727 3141 827 3215 fidem
838 3143 1045 3216 accederent.
1057 3141 1215 3215 Ceterum
1230 3158 1345 3216 utrum

230 3282 297 3356 que
310 3255 418 3330 locum
434 3257 476 3329 ad
491 3258 705 3331 matrimonia
719 3258 869 3331 fidelium
884 3259 1051 3357 pertinere
1065 3273 1201 3356 aegaea
1215 3275 1252 3333 at
1270 3258 1345 3331 inter

228 3395 288 3443 eos
301 3369 483 3443 essentiale
495 3397 572 3443 esse
584 3372 765 3446 discrimen
780 3373 1002 3458 contendunt,
1021 3398 1125 3471 quum
1139 3370 1229 3445 alter
1245 3387 1343 3448 textus

227 3483 388 3573 iudaeos,
413 3486 497 3559 alter
515 3511 594 3560 vero
621 3487 737 3560 fideles
763 3487 923 3584 coniuges
949 3486 1119 3588 respiciat.
1148 3485 1342 3587 Verumqui

227 3599 277 3674 ita
303 3601 451 3675 sentiunt
476 3603 563 3675 inter
581 3631 618 3677 ee
644 3629 710 3677 non
737 3604 940 3677 conveniunt
958 3604 1047 3676 circa
1072 3601 1272 3678 alterutrius
1289 3599 1342 3676 loci

228 3716 412 3813 genuinum
431 3742 581 3791 sensum.
604 3718 735 3791 Etenim
757 3718 833 3815 Hug
851 3733 1001 3791 autumat
1019 3716 1109 3816 apud
1126 3718 1248 3792 llatth.
1263 3717 1338 3790 xlx.

231 3830 373 3904 «lesum
399 3858 466 3905 non
484 3832 592 3906 solum
615 3859 740 3907 morem
759 3831 981 3921 divortiandi,
1006 3835 1065 3929 (ut
1084 3832 1160 3932 ipse
1178 3833 1338 3934 loquitur)

304 4087 355 4152 (³5)
371 4088 409 4139 Ol.
426 4089 568 4140 Bellarmtn.
583 4093 621 4142 Dc
642 4095 757 4141 matrtm.
772 4105 825 4156 cap.
842 4093 906 4142 xvt.
923 4105 948 4141 n.
967 4098 1004 4142 18.

302 4168 353 4231 (aa)
368 4171 405 4219 lta
428 4173 465 4221 lo.
487 4173 565 4221 Metto
586 4171 611 4222 tn
634 4172 756 4222 Diatrttu
773 4171 806 4222 de
824 4171 1001 4223 divorttorum
1019 4174 1078 4223 ture
1098 4183 1129 4224 ac
1149 4171 1217 4223 Lod.
1232 4170 1306 4224 Μ(
1318 4167 1338 4216 it

224 4249 435 4382 ptpze‘rtppepoepp
444 4250 511 4396 pldpa
523 4256 590 4306 1792.
607 4253 646 4304 ct.
660 4252 788 4305 Praelect
805 4251 916 4316 tltcolop.
931 4255 1096 4306 Demotrtm.
1116 4265 1171 4316 cap.
1183 4253 1216 4304 u.
1237 4265 1303 4319 prop.
1313 4247 1336 4295 V·
