2796 5064
135 338 213 420 ‘tut
287 368 350 422 un.
368 368 416 420 m.
432 367 520 421 arar.
537 368 668 420 mrem.
684 366 724 420 cr
741 368 853 421 main.
868 368 966 422 mro.
982 365 1108 423 cunm.

140 489 283 564 cationis
308 504 378 563 tum
404 487 557 562 adulterii
591 489 758 595 llagitium
786 489 964 573 admittant
987 516 1029 565 ac
1058 488 1248 593 postulent,

141 605 227 680 lalso
244 603 385 704 proinde
406 604 589 678 assumitur
611 599 785 702 πορνείαν
806 606 842 677 in
859 606 985 681 nostris
1003 596 1174 694 textibus,
1189 628 1251 680 ncn

139 720 340 819 significare,
365 743 427 792 nec
450 720 635 819 siqnificcre
648 746 742 817 posse
766 720 932 819 flagitium
956 720 1001 795 ab
1026 710 1191 796 alterutro
1206 719 1251 795 le-

140 834 331 932 gitimorum
345 834 523 931 coniugum
538 859 615 907 eum
629 850 786 909 extraneo
805 851 985 936 patratum.
1002 828 1176 910 lnvertere
1191 835 1253 908 imc

140 949 254 1049 potius
278 940 327 1023 ita
352 976 533 1049 possumus
559 939 812 1047 argumentum,
840 951 996 1048 generice
1014 976 1080 1026 vox
1102 944 1253 1048 crepula

140 1090 206 1138 ncn
227 1064 327 1139 modo
348 1065 549 1139 latissimam
575 1064 677 1138 habet
700 1065 979 1163 significationem
1004 1066 1049 1139 ad
1074 1063 1254 1164 designan-

138 1179 218 1254 dam
244 1208 491 1283 quamcumque
518 1182 750 1281 impudicitiae
775 1184 942 1282 speciem,
970 1183 1031 1257 sed
1057 1182 1253 1257 nominatim

138 1296 330 1396 promiscue
352 1312 535 1397 usurpatur
559 1312 627 1370 tum
654 1323 716 1396 pro
740 1297 959 1372 lomicaticne
981 1292 1160 1396 simplici,
1188 1313 1253 1370 tum

139 1437 201 1511 pro
225 1412 410 1501 adulteri03
439 1439 478 1485 ex
503 1412 674 1486 substrata
707 1413 848 1513 proinde
881 1414 1021 1487 materia
1046 1413 1081 1485 in
1111 1438 1253 1513 Qunam

140 1554 244 1602 sensu
261 1543 442 1628 usurpetur
457 1527 712 1601 diiudicandum
724 1545 789 1602 est.
801 1528 885 1602 Cum
898 1554 976 1603 vero
988 1527 1253 1603 luculentissime

139 1634 269 1718 constet
294 1645 329 1716 in
355 1644 479 1717 nostris
512 1644 658 1718 textibus
692 1644 879 1719 adhibitam
903 1668 925 1718 a
949 1643 1085 1718 Christo
1112 1669 1192 1718 esse
1214 1643 1253 1716 de

139 1750 279 1833 muliere
301 1757 513 1833 matrimonio
536 1759 671 1846 iuncta;
692 1758 810 1832 meritc
830 1756 1185 1847 concludimus,'eam
1201 1783 1252 1831 vc

140 1899 213 1947 cem
230 1874 265 1946 in
284 1874 360 1947 istis
377 1873 460 1947 locis
477 1899 539 1946 nec
555 1873 760 1972 significare,
775 1900 834 1947 nec
849 1873 1035 1973 siqnificcre
1049 1898 1148 1972 posse
1159 1871 1252 1946 'aliud

139 2014 239 2087 qncnt
266 1987 432 2085 flagitium
449 1987 493 2060 ab
514 1986 672 2062 alterutro
697 1986 919 2085 legitimorum
941 1986 1126 2085 coniugum
1151 2003 1253 2088 patra

139 2095 210 2177 mm
235 2129 312 2176 cum
337 2117 504 2177 extraneo.
1029 2101 1033 2109 ’

213 2218 285 2291 Ncn
298 2216 397 2293 video
414 2234 524 2292 autem
543 2219 711 2319 quomodo
723 2218 809 2294 adeo
821 2235 1055 2295 asseveranter
1070 2217 1252 2293 affirmetur

139 2333 312 2407 Christum
338 2348 521 2407 scrutanter
534 2360 618 2409 uoce
641 2330 804 2430 μοιχιία
828 2336 1027 2433 designasse
1043 2335 1079 2407 in
1099 2333 1172 2409 illis
1187 2359 1252 2409 ser·

140 2448 297 2522 monibus
323 2448 544 2537 adulterium,
572 2467 739 2550 quatenus
764 2478 786 2525 a
810 2446 963 2551 neptale
989 2475 1049 2524 seu
1071 2450 1252 2540 alcanica·

140 2563 230 2636 tione
263 2563 500 2660 distinguitur,
528 2589 568 2636 ac
593 2582 788 2664 propterea,
816 2564 907 2665 quod
941 2590 1157 2663 consequens
1181 2581 1249 2651 est,

140 2693 333 2752 constanter
345 2676 563 2778 paritervoce
587 2675 741 2780 neptale
760 2680 972 2778 significasse
986 2679 1248 2764 fornicationem,

143 2810 244 2894 prcut
259 2793 480 2892 distinguitur
492 2793 534 2868 ab
547 2795 722 2870 adulterio.
736 2797 808 2870 Hoc
819 2823 898 2870 vere
908 2793 963 2870 est⁴
971 2821 1150 2869 assumere
1166 2791 1249 2895 quod

142 2910 176 2982 in
203 2911 400 3011 quaestione
424 2908 475 2984 est
501 2912 670 3013 positum,
697 2908 759 2986 eeu
784 2913 896 3011 potius
921 2909 1012 3012 quod
1035 2911 1177 2986 omnino
1200 2932 1249 2982 ne·

139 3024 212 3123 gari
236 3026 347 3101 debet.

213 3139 389 3229 Quinimo,
418 3167 458 3217 ec
483 3142 579 3241 ipsc,
608 3142 698 3242 quod
719 3142 874 3217 Christus
898 3139 1001 3217 uerba
1023 3129 1249 3238 μοιχᾶσθαι

140 3271 174 3328 et
208 3245 400 3349 μοιχᾶται
427 3306 437 3339 ,
472 3258 602 3330 scilicet
625 3259 789 3331 moechari
812 3273 845 3331 et
869 3257 1033 3330 adulterat
1062 3254 1248 3355 protulerit,

139 3369 357 3444 confirmatur
384 3397 500 3445 vocem
533 3368 708 3470 πορνείας
745 3373 970 3474 fornicationis
1004 3394 1195 3469 usurpasse
1221 3368 1252 3440 in

140 3511 243 3559 sensu
268 3486 437 3559 adulterii.
459 3488 554 3560 Ratio
580 3503 651 3574 est,
681 3489 763 3586 quia
788 3488 879 3560 iuxta
904 3485 1091 3560 doctrinam
1112 3474 1252 3560 'enucl-

140 3625 236 3687 cam,
264 3627 366 3700 quam
392 3616 509 3699 postea
535 3601 767 3689 adstruamus,
797 3601 951 3674 Christus
969 3600 1025 3672 his
1041 3600 1159 3675 verbis
1180 3622 1253 3674 ocn-

140 3714 243 3788 cessit
266 3715 404 3815 quidem
430 3716 515 3814 parti
542 3716 713 3790 innocenti
740 3715 986 3814 separationem
1008 3714 1123 3812 quoad
1151 3731 1251 3790 torum

140 3845 174 3903 et
193 3826 495 3919 cohabitationem,
518 3859 584 3905 non
601 3849 712 3906 autem
731 3831 842 3931 quoad
859 3829 1049 3916 vinculum,
1071 3830 1167 3929 quod
1184 3854 1252 3929 per·

140 3961 277 4046 petuam
296 3964 408 4020 manet
425 3948 525 4020 etiam
543 3947 577 4020 in
595 3974 678 4021 casu
696 3946 848 4020 adulterii
870 3944 1064 4019 alterutrius
1086 3944 1247 4042 coniugis,

141 4061 311 4161 adeoque,
333 4064 392 4162 qui
412 4079 566 4136 manente
588 4063 735 4159 coniugii
757 4060 891 4134 vinculo
910 4060 1047 4133 alteram
1067 4060 1103 4131 in
1121 4082 1249 4134 uxorem

140 4176 250 4264 ducit,
271 4203 349 4251 vere
364 4178 549 4250 moechetur
565 4193 597 4252 et
614 4175 795 4261 adulterat,
817 4201 857 4249 ac
874 4175 973 4248 etiam
991 4174 1158 4277 nccechqri
1176 4173 1250 4275 facit

141 4290 335 4380 dimissam,
356 4320 443 4393 quae
460 4292 554 4367 alteri
574 4290 689 4366 nubat.
707 4292 802 4377 Quae
821 4289 997 4366 verissima
1018 4288 1160 4389 quidem
1178 4299 1248 4365 sunt
