2796 5064
234 370 317 424 aar.
337 372 373 422 rr.
390 372 430 422 ur
450 371 626 422 roursrau
644 370 843 422 successive.
861 372 930 422 rvr.
948 373 983 422 n.
1102 352 1170 422 tta

124 488 218 562 Nunc
234 514 315 563 vero
334 488 426 589 quod
448 487 576 575 sciam,
599 504 774 562 nemo-est
792 490 851 587 qui
874 489 1053 562 contendat
1070 517 1169 590 quar-

63 620 104 677 tas
126 619 160 678 et
180 601 358 678 ulteriores
378 603 513 702 nuptias
536 602 650 677 divino
671 604 744 676 iure
760 630 837 677 esse
863 604 1071 702 prohibitas,
1094 606 1172 680 licet

61 719 222 792 mordicus
242 718 402 793 severiori
422 716 623 816 disciplinae
637 718 680 792 de
699 718 892 792 reiiciendis
914 719 1081 792 eiusmodi
1104 747 1169 792 nu-

59 834 131 931 ptiis
143 833 257 930 graeci
274 830 445 907 insistant.
470 831 537 904 Nec
557 848 648 906 mota
666 833 812 932 amplius
835 848 888 906 est
906 832 971 907 hac
983 833 1026 905 de
1039 859 1074 905 re
1089 861 1173 932 qne·

58 946 120 1020 rela
131 948 168 1019 in
182 946 327 1022 concilio
338 945 542 1044 lugdunensi
556 946 599 1018 ΙΙ.
617 947 790 1044 Eugenius
803 973 881 1021 vero
897 949 948 1019 lv.
975 949 1009 1020 in
1030 949 1173 1024 concilio

57 1061 230 1136 florentino
261 1061 298 1134 in
323 1060 457 1135 decreto
489 1087 551 1159 pro
580 1060 734 1134 iacobitis
765 1087 826 1134 seu
857 1062 1003 1135 armenis
1039 1063 1168 1136 edixit:
1241 1111 1246 1119 -

59 1177 257 1262 «Quoniam
284 1174 464 1250 nonnullos
495 1177 659 1249 asseritur
685 1196 823 1275 quartas
849 1177 985 1275 nuptias
1012 1193 1173 1276 tanquam

56 1273 293 1367 condemnatas
322 1317 480 1391 respuere
495 1328 514 1379 ,1
529 1309 568 1364 ut
592 1308 786 1390 peccatum,
816 1290 875 1364 ubi
898 1318 965 1365 non
990 1308 1068 1379 est,
1096 1318 1173 1366 esse

58 1422 207 1504 putetur,
235 1431 314 1481 cum
342 1406 532 1481 secundum
551 1406 767 1506 Apostolum,
791 1423 921 1480 mortuo
942 1407 1033 1509 viro,
1052 1406 1175 1482 mulier

58 1521 97 1595 sit
119 1521 166 1594 ab
190 1520 266 1595 eius
295 1521 370 1619 lege
395 1521 526 1609 soluta,
556 1539 590 1595 et
614 1521 764 1594 nubendi
794 1521 850 1593 cui
875 1520 948 1594 vult
971 1520 1006 1592 in
1032 1520 1176 1594 Domino

58 1635 176 1710 babeat
195 1636 410 1723 facultatem,
437 1662 499 1709 nec
519 1635 724 1733 distinguat,
750 1652 881 1710 mortuo
902 1635 1031 1733 primo,
1051 1634 1104 1710 vel
1121 1661 1176 1709 se-

58 1752 185 1838 cundo,
212 1750 265 1825 vel
291 1752 409 1838 tertio,
437 1749 650 1825 declaramus
677 1778 744 1824 non
765 1749 875 1824 solum
901 1749 1091 1836 secundas,
1113 1750 1174 1823 sed

59 1866 173 1939 tertias
190 1881 226 1939 et
240 1881 403 1965 quartae,
417 1881 519 1964 atque
534 1864 732 1951 ulteriores,
749 1865 780 1937 si
799 1863 938 1963 aliquod
955 1863 1176 1963 impedimen-

58 1997 121 2052 tum
152 2004 222 2054 non
250 1979 384 2066 obstat,
418 1979 510 2052 licite
536 1979 688 2052 contrahi
721 2005 833 2077 posse.
868 1978 1175 2053 Commendatiores

57 2112 162 2168 umen
185 2094 353 2180 dicimus,
377 2094 408 2166 si
435 2093 618 2168 ulteriusa
643 2095 800 2191 coniugio
826 2093 1034 2167 abstinentes
1060 2094 1095 2165 in
1119 2119 1177 2168 oa-

56 2211 166 2284 stitate
198 2209 469 2308 permanserint:
500 2209 582 2308 quia
608 2208 696 2282 sicut
721 2208 894 2282 viduitatis
920 2208 1171 2305 virginitatem,

57 2325 96 2398 ita
120 2323 252 2424 nuptiis
279 2339 406 2397 castam
429 2322 628 2396 viduitatem
659 2321 759 2395 laude
783 2336 817 2395 et
842 2322 960 2394 merito
985 2323 1176 2420 praeferen-

56 2439 129 2513 dam
154 2439 588 2534 esseccnsemus(91).»

122 2555 166 2628 Et
192 2554 277 2627 haec
300 2553 343 2625 de
367 2554 498 2652 graecis
523 2572 557 2626 et
583 2554 824 2641 orientalibus;
851 2556 944 2655 quod
962 2582 1041 2630 vero
1064 2557 1107 2630 ad
1126 2557 1176 2630 la-

56 2671 141 2744 tinos
166 2686 202 2742 et
226 2667 455 2743 occidentales
482 2685 610 2768 spectat
635 2668 814 2766 benignior
838 2696 973 2769 semper
999 2670 1061 2743 luit
1085 2672 1176 2770 quod

55 2786 90 2857 ad
123 2782 320 2881 trigamiam
345 2799 379 2855 et
405 2784 636 2879 tetragamiam
664 2782 910 2882 ulterioresque
935 2785 1071 2884 nuptias
1098 2811 1175 2882 spe-

55 2916 119 2973 ctat
144 2897 310 2997 loquendi
334 2896 418 2970 ratio
444 2923 485 2970 ac
509 2897 705 2997 disciplina.
736 2899 808 2970 Non
830 2898 1010 2970 defuerunt
1038 2898 1199 2997 quidem

53 3040 88 3086 en
114 3012 367 3112 antiquioribus
395 3013 497 3085 etiam
524 3012 638 3085 latinis
666 3013 838 3111 patribus,
864 3013 923 3112 qui
949 3012 1013 3086 has
1039 3014 1176 3111 nuptias

54 3154 193 3229 carpere
211 3127 290 3227 plus
304 3153 414 3226 aequo
435 3126 501 3200 visi
524 3143 623 3212 sunt,
641 3151 706 3198 non
728 3127 818 3226 quod
838 3153 896 3199 eas
914 3125 1068 3201 absolute
1084 3126 1177 3201 dam·

55 3245 207 3318 naverint
224 3268 264 3315 ac
281 3243 312 3317 si
330 3242 466 3315 divinae
483 3243 547 3338 legi
566 3242 841 3328 adversarentur,
862 3241 923 3314 sed
941 3268 1016 3315 eam
1035 3243 1175 3341 potissi-

56 3387 142 3432 mum
156 3357 203 3431 ob
222 3383 361 3431 causam
379 3383 480 3457 quam
499 3356 575 3455 plus
591 3357 695 3429 semel
714 3356 887 3430 attulimus
902 3388 909 3444 ;
931 3383 1052 3456 nempe
1069 3357 1114 3432 ob
1131 3358 1177 3430 el-

57 3474 163 3548 lusam
182 3487 218 3546 et
234 3471 492 3546 inverecundam
512 3473 717 3544 inveneram
738 3472 996 3571 propensionem
1024 3498 1127 3571 quam
1151 3473 1175 3542 ii

58 3590 262 3687 patefaciunt
286 3591 344 3687 qui
371 3590 468 3662 tertio
494 3604 527 3660 et
552 3605 673 3687 quarto
700 3588 843 3660 nubunt.

122 3707 248 3779 Notum
270 3720 323 3778 est
345 3731 375 3778 s.
404 3704 643 3804 Hieronymum
665 3703 751 3776 inter
777 3719 888 3803 patres
909 3702 1031 3776 latinos
1052 3727 1089 3774 se
1107 3728 1177 3775 ma-

57 3822 140 3894 xime
155 3820 266 3894 tertiis
280 3845 320 3892 ac
335 3818 550 3893 ulterioribus
564 3819 692 3918 nuptiis
707 3818 878 3891 insensum
896 3817 1107 3915 praebuisse.
1125 3817 1177 3888 Si-

60 4080 143 4127 tanea
163 4077 265 4127 nornine
283 4089 298 4125 a
316 4076 422 4127 Baronio
440 4080 466 4127 et
485 4089 499 4126 a
520 4077 702 4138 bollandianis,
728 4079 825 4140 cupere
843 4076 953 4136 scilicet,
979 4076 1004 4126 in
1032 4074 1175 4137 patriarchis

60 4155 260 4219 amurumpot.
286 4157 311 4205 et
332 4156 503 4217 Heuacbenio,
525 4155 551 4204 in
573 4155 744 4205 deluserat.
765 4153 805 4205 die
825 4162 862 4204 15.
883 4155 941 4204 maii
964 4153 1069 4202 donatus
1084 4154 1120 4200 ast
1143 4152 1175 4199 ct.

63 4232 144 4282 ttaturn
161 4233 238 4297 praet.
248 4234 292 4284 cit.
305 4247 358 4297 pag.
370 4237 403 4284 vl
415 4247 484 4296 seqq.
497 4246 542 4283 nee
557 4247 606 4283 non
623 4233 756 4283 arcuatum
775 4234 822 4283 loo.
839 4235 929 4296 pariter
944 4233 986 4281 cit.

131 4314 181 4374 (et)
198 4313 269 4376 Apud
287 4313 405 4363 ttarduin.
424 4315 489 4362 Acta
503 4311 596 4362 eoricu.
615 4311 864 4362 tauritorium.
