2796 5064
322 387 393 438 car.
410 386 446 439 n.
462 386 502 438 or
517 385 692 439 ronronrrn
705 384 903 438 succrssrrn.
916 387 987 438 aar.
1003 387 1027 439 r.
1186 368 1232 440 ct

123 503 174 580 init
204 503 274 603 legi
307 502 475 603 imperiali
508 529 597 606 quae
629 520 720 578 extat
750 503 787 577 in
816 502 932 580 codice
965 503 1221 581 Theodosiano:

123 620 182 692 :Si
200 645 273 719 qua
299 645 341 693 ex
366 617 525 693 foeminis
550 617 682 718 perdito
705 618 845 707 marito,
865 619 953 693 intra
978 620 1059 693 anni
1085 621 1232 721 spatium

123 734 210 809 alteri
238 734 412 809 festinavit
432 733 613 809 innubere:
637 737 774 834 (parum
800 735 890 809 enim
912 736 1074 835 temporis
1096 752 1174 837 post
1188 737 1232 810 X.

123 876 250 926 nenses
267 849 470 926 servandum
491 848 690 937 adiicimus,
712 851 844 924 tametsi
863 850 1021 948 exiguum
1037 856 1232 953 putemus);

123 964 289 1065 probrosis
320 965 434 1039 inusta
453 965 560 1051 notis,
582 963 785 1040 honestioris
809 965 1004 1067 nobilisque
1021 993 1185 1067 personae
1202 983 1236 1042 et

123 1081 237 1156 leeore
262 1097 297 1154 et
321 1081 395 1154 inre
419 1080 587 1180 privatum
608 1095 710 1180 atque
726 1081 841 1156 omnia
858 1107 947 1181 quae
964 1080 1007 1155 de
1024 1082 1149 1181 prioris
1166 1109 1236 1157 ma·

122 1198 167 1271 iti
192 1196 295 1271 honis
320 1195 374 1270 rel
397 1195 470 1270 iure
487 1195 754 1295 sponsaliorum,
768 1195 822 1272 vel
844 1196 972 1271 iudicio
988 1197 1137 1272 defuncti
1155 1222 1233 1272 con·

124 1311 203 1410 agis
229 1327 411 1386 consecuta
435 1309 562 1397 luerat,
588 1311 730 1384 amittat.
759 1310 802 1383 Et
832 1311 918 1384 sciat
949 1336 1011 1385 nec
1037 1311 1082 1385 de
1115 1329 1231 1388 nostro

122 1428 282 1503 tenelicio
316 1426 370 1502 vel
402 1425 637 1502 adhortatione
668 1426 876 1526 sperandum
909 1425 977 1500 sibi
1011 1453 1089 1502 esse
1120 1428 1235 1502 subsi-

122 1543 208 1617 lium
219 1544 336 1639 (68).»
348 1541 446 1616 Hunc
459 1556 571 1616 autem
585 1568 747 1617 canonem
760 1568 801 1616 ac
817 1541 926 1639 legem
940 1543 1155 1618 Innocentius
1168 1546 1229 1617 111.

122 1658 296 1756 abrogavit
311 1656 489 1732 definiens:
513 1657 645 1747 «Cum,
666 1658 852 1733 secundum
868 1659 1079 1759 Apostolum,
1099 1659 1233 1750 mulier,

122 1790 248 1849 mortno
272 1773 346 1848 viro
370 1799 451 1861 suo,
471 1772 515 1846 ab
532 1774 605 1848 eins
632 1773 677 1846 sit
701 1772 774 1872 loge
799 1772 929 1862 soluta,
949 1790 983 1849 et
999 1775 1148 1850 nubendi
1174 1776 1230 1850 cui

122 1888 195 1964 relit
222 1903 349 1962 tuntum
378 1890 414 1960 in
438 1889 595 1974 Domino,
617 1887 758 1963 liberam
783 1888 907 1964 habeat
931 1889 1138 1980 facultatem,
1159 1917 1248 1966 non·

122 2005 216 2080 lebet
238 2004 359 2103 legalis
385 2005 545 2079 infamiae
566 2007 735 2081 sustinere
751 2007 934 2095 iacturam,
954 2006 1138 2107 quaelicet
1155 2024 1233 2109 post

121 2122 177 2196 riri
196 2120 327 2195 obitum
344 2121 433 2197 intra
457 2137 589 2224 tempus
614 2120 726 2196 luctus
748 2122 894 2218 (scilicet
917 2123 1019 2198 unius
1044 2125 1125 2196 anni
1151 2150 1232 2224 spa-

121 2237 223 2334 tinm)
245 2236 366 2327 nubat,
388 2262 551 2312 concessa
575 2237 642 2312 sibi
667 2237 711 2312 ab
730 2237 888 2340 Apostolo
913 2238 1018 2312 utitur
1042 2255 1225 2338 potestate:

121 2378 190 2427 cnm
219 2353 255 2425 in
286 2352 340 2426 his
366 2353 564 2454 praesertim
589 2352 780 2428 saeculares
798 2353 890 2453 leges
915 2380 982 2429 non
1008 2353 1232 2454 dedignentur

121 2494 232 2543 sacros
259 2494 406 2543 canones
432 2468 556 2541 imitari
586 2471 700 2565 (69).»

186 2583 303 2658 Altera
327 2583 474 2658 conditio
498 2610 566 2684 qua
583 2583 703 2658 saltem
720 2583 844 2659 alicubi
862 2583 1062 2660 tenebantur
1077 2586 1228 2685 quicum·

121 2726 184 2801 qne
208 2700 332 2774 itemm
356 2698 480 2775 vellent
502 2699 628 2774 nubere
651 2700 738 2775 haec
761 2717 850 2788 erat,
871 2716 908 2775 ut
932 2726 1054 2775 novum
1081 2727 1147 2776 non
1172 2728 1228 2776 ce·

121 2815 288 2892 lebrarent
298 2816 494 2914 coniugium
507 2816 637 2917 absque
649 2816 860 2893 sacerdotum
873 2833 906 2891 et
919 2816 1035 2916 populi
1048 2842 1230 2906 consensa,

120 2946 218 3032 prout
229 2931 447 3006 constitutum
465 2931 631 3032 reperitur
648 2931 683 3004 in
701 2930 954 3031 capitularibus
971 2957 1087 3029 regum
1101 2930 1233 3007 franco-

185 3142 240 3204 (σε)
255 3140 310 3191 Lib.
334 3142 378 3191 111.
407 3139 447 3192 tit.
468 3148 492 3192 a.
512 3140 559 3206 leg.
579 3142 599 3192 1.
620 3144 659 3192 Dc
680 3140 802 3193 emundis
817 3142 942 3206 noptttta,
965 3141 1015 3191 lata
1036 3141 1119 3192 auten
1139 3141 1180 3192 lex
1200 3142 1238 3192 ast

120 3220 239 3272 munio
257 3223 284 3271 et
298 3219 400 3286 Syagrio
419 3221 612 3273 comnlihnsan.
626 3228 680 3273 tet.
693 3224 744 3273 Lex
761 3233 836 3284 porro
856 3221 917 3272 haec
932 3221 980 3271 mit
996 3221 1109 3272 veterum
1124 3233 1237 3272 mmano·

122 3314 172 3353 m
186 3315 204 3353 a
221 3301 330 3352 Romulo
342 3301 395 3366 ipso
406 3301 549 3364 mnstimta,
562 3315 620 3353 cum
631 3314 711 3352 mnne
720 3315 837 3354 romanus
845 3302 930 3353 decem
939 3304 1035 3353 tantum
1044 3301 1169 3353 mensibus
1179 3314 1237 3354 ooo·

120 3384 199 3435 auen
218 3383 290 3434 Lioet
307 3385 389 3434 antem
409 3386 494 3448 postea
512 3397 527 3434 a
547 3385 627 3435 Numa
644 3386 871 3448 snnnsprolrnotns
891 3383 966 3435 inerit
983 3382 1015 3435 ad
1032 3398 1129 3436 memes
1141 3383 1233 3436 duodo·

121 3463 174 3526 th,
183 3467 270 3515 tamen
283 3464 346 3515 nihil
362 3464 520 3515 immutatm
530 3466 568 3515 est
580 3463 647 3515 circa
658 3477 755 3515 menses
764 3463 848 3515 decem
867 3463 1009 3526 vidultatis,
1021 3463 1083 3516 adeo
1102 3466 1133 3516 ut
1141 3464 1239 3529 quoties

123 3542 331 3608 brnitarpcnes
343 3544 550 3595 rcwoeridnam
569 3544 717 3608 postmariti
737 3543 833 3595 obitum
853 3543 936 3608 ingere
955 3557 999 3609 per
1014 3558 1117 3610 annum,
1137 3545 1186 3595 hoc
1204 3543 1237 3597 de

125 3636 184 3676 mo
205 3637 311 3675 romano
332 3623 418 3675 decem
435 3625 556 3676 mensium
573 3627 670 3676 tantum
688 3625 791 3689 intelligi
805 3624 902 3676 debeat.
914 3628 995 3690 Atque
1011 3627 1046 3677 ita
1064 3638 1102 3676 res
1119 3624 1237 3689 perdura·

123 3702 156 3754 rit
174 3703 257 3755 donec
271 3703 426 3755 Theodosius
446 3703 510 3754 dnos
528 3702 646 3755 adiecerit
663 3717 776 3768 menam,
795 3704 975 3768 consonantque
996 3717 1089 3756 annum
1107 3705 1237 3769 integrum.

123 3782 158 3836 (tt.
169 3784 294 3847 mngmm
310 3786 409 3847 onqtn.
421 3783 565 3836 contutant.
579 3786 641 3835 tom.
654 3787 697 3836 lx.
716 3784 763 3836 lib.
775 3792 815 3836 aa.
827 3797 882 3849 cap.
891 3793 915 3837 a.
933 3783 956 3850 §.
970 3793 993 3836 e.

187 3862 240 3926 (aa)
256 3862 312 3913 Lib.
324 3864 367 3913 lv.
376 3863 508 3914 ἱκετεῖαι.
521 3866 562 3915 ut.
578 3866 616 3914 De
630 3863 753 3915 secandis
769 3867 871 3929 nupttts
881 3877 935 3928 cap.
948 3865 994 3915 ult.
1005 3864 1073 3916 idem
1084 3878 1139 3930 cap.
1151 3869 1175 3917 l.
1187 3868 1235 3917 Su·

123 3955 166 4006 par
179 3943 261 3994 titanis
280 3941 344 3993 ibid.
360 3944 447 3995 statuit
463 3943 577 3994 Urbanus
597 3945 640 3995 111.
654 3946 728 4007 atquc
751 3944 800 3994 hoc
817 3944 925 4008 merito,
945 3957 1003 3995 nam
1024 3957 1055 3995 en
1076 3945 1152 3996 allata
1168 3945 1240 3997 Pauli

125 4024 241 4074 utatis
258 4026 387 4074 revocatae
403 4026 462 4075 sunt
486 4037 572 4076 omnes
589 4037 682 4088 poenae
696 4026 721 4075 et
733 4023 848 4075 infamiae
865 4036 929 4088 qnae
945 4023 1081 4075 secundum
1093 4025 1159 4089 leges
1177 4025 1238 4075 ciri·

127 4101 159 4153 las
172 4103 275 4155 mulleri
296 4103 405 4155 wando
426 4104 529 4155 nubenti
550 4103 740 4169 infligebantur,
756 4103 863 4154 maxime
877 4103 899 4154 si
915 4103 980 4154 inira
994 4105 1091 4168 tempus
1107 4103 1197 4168 luctus,
1213 4102 1240 4154 id

126 4186 159 4233 et
172 4184 238 4235 intra
253 4196 347 4234 mnnm
360 4221 369 4247 ,
384 4184 428 4235 aut
442 4184 507 4235 inira
521 4184 608 4236 decem
634 4197 729 4236 manses
751 4184 862 4235 nuberet.
880 4183 944 4234 ilinc
960 4183 1109 4236 Plutarchus
1125 4183 1150 4233 in
1166 4185 1239 4235 anm·

128 4263 164 4314 do
178 4265 267 4328 rdet,
285 4265 414 4317 octaviam
429 4278 538 4317 sororem
550 4265 652 4330 domati
671 4265 792 4330 commis,
808 4265 907 4317 senaim
919 4265 1044 4328 eomulto,
1055 4266 1081 4317 et
1095 4264 1241 4317 auctoritaie

127 4343 298 4411 mian,
309 4349 338 4400 nt
352 4345 407 4400 iuro
421 4348 503 4412 pose
516 4349 551 4402 u.
564 4346 838 4402 usnemun
853 4346 937 4400 decem
949 4359 1045 4400 meme·
1060 4359 1076 4397 a
1091 4344 1139 4397 riri
1152 4344 1233 4398 obitu.
