2796 5064
350 401 422 454 mr.
439 402 471 452 r.
488 402 529 463 ur
542 400 651 454 sotor.
667 402 795 455 unusne.
815 402 1034 454 urrannei.
1192 382 1257 453 tat

143 520 187 595 ab
207 520 321 594 inviso
344 521 485 618 coniuge
500 519 686 607 liberandi,
716 520 887 620 aliumque
918 535 1089 619 praeterea
1116 518 1261 616 eligendi

142 661 204 735 per
227 634 487 734 diremptionem
513 633 646 734 plenam
671 635 781 733 ipsius
808 632 961 708 vinculi?
985 633 1080 706 Hanc
1109 633 1262 706 eamdem

142 750 232 822 uam
259 748 358 822 facile
383 749 544 849 adoptant
567 764 731 848 quotquot
748 749 911 822 increduli
929 748 973 821 ab
991 747 1153 822 ecclesiae
1171 748 1265 822 insti·

143 880 215 937 tuto
241 862 454 949 desciscunt,
482 879 520 936 ut
544 862 682 936 liberius
707 861 822 937 vivant
843 865 907 958 (1).

216 978 291 1052 Etsi
316 979 509 1076 promiscue
532 978 688 1077 usurpari
711 977 945 1052 'consueverint
960 1001 1060 1051 voces
1077 976 1209 1074 repudii
1224 1002 1265 1050 ac

142 1093 300 1176 diuortii,
321 1092 457 1165 diversa
481 1108 590 1166 tamen
614 1092 807 1165 earumdem
829 1091 980 1190 acceptio
998 1109 1050 1165 est
1067 1091 1150 1166 iuris
1176 1091 1266 1190 peri·

144 1208 188 1281 tis
214 1224 317 1306 atqm
343 1205 521 1304 theologis.
538 1207 711 1308 Siquidem
737 1206 918 1306 iurisperiti
946 1205 1121 1306 repudium
1145 1223 1266 1280 vocant

143 1322 381 1396 dimissionem
407 1349 573 1422 sponsae,
602 1322 769 1395 interdum
794 1323 894 1395 etiam
919 1322 1054 1409 uxoris3
1084 1321 1264 1394 divortium

141 1455 258 1512 autem
281 1437 515 1512 dimissionem
541 1437 648 1511 solius
673 1437 787 1511 uxoris
814 1453 891 1536 post
914 1437 1163 1510 matrimonium
1191 1436 1263 1509 sive

141 1552 257 1653 quoad
284 1568 411 1640 torum,
437 1552 508 1626 sire
533 1552 645 1652 quoad
663 1552 834 1625 vinculum
860 1554 925 1649 (2).
946 1552 1072 1625 Eadem
1099 1550 1191 1650 apud
1208 1577 1265 1624 ca-

144 1670 301 1743 nonistas
325 1668 447 1742 iisdem
471 1669 584 1743 verbis
616 1670 819 1767 significatio
843 1669 1009 1757 inhaesit,
1040 1669 1098 1768 qui
1124 1666 1266 1768 proinde

142 1783 210 1858 sub
234 1783 354 1857 eodem
378 1782 474 1857 titulo
497 1785 546 1856 Dc
576 1784 727 1857 diuortiis
752 1799 855 1881 agunt
878 1784 921 1857 de
945 1783 1167 1859 dissolutione
1191 1809 1264 1856 ma·

144 1900 293 1974 trimonii
319 1916 389 1972 tum
413 1900 525 1999 quoad
551 1900 744 1986 vinculum,
765 1916 834 1973 tum
853 1898 965 1999 quoad
983 1915 1091 1974 torum
1109 1915 1142 1973 et
1166 1897 1264 1972 coha-

142 2013 352 2088 bitationem.
371 2017 477 2088 Penes
497 2014 670 2113 theologos
687 2042 767 2089 vero
784 2042 868 2088 usus
883 2014 1081 2114 pierumque
1097 2013 1260 2100 obtinuit,

141 2145 181 2202 ut
205 2128 343 2228 proprie
370 2128 490 2203 solutio
515 2130 627 2229 quoad
654 2146 762 2203 torum
787 2130 918 2204 dicatur
937 2131 1134 2217 divortium,
1164 2156 1263 2229 repu-

143 2243 238 2317 dium
270 2259 381 2316 autem
412 2243 590 2318 dissolutio
620 2245 730 2344 quoad
761 2245 946 2319 vinculum.
980 2245 1133 2318 Attamen
1162 2245 1262 2319 etiam

145 2357 238 2457 apud
266 2357 361 2458 ipsos
386 2357 451 2431 hae
474 2384 574 2432 voces
599 2359 788 2457 promiscue
814 2386 874 2460 pro
892 2375 1034 2460 utraque
1051 2359 1263 2459 separatione

143 2471 361 2546 adhibentur.

216 2588 273 2660 Sic
300 2586 424 2687 pariter
448 2590 577 2687 passim
604 2590 668 2663 sub
693 2616 761 2664 una
777 2590 879 2663 veluti
898 2590 1041 2664 formula
1065 2589 1262 2662 enunciatur

145 2703 315 2803 separatio
339 2703 520 2802 coniugum
544 2706 651 2803 quood
676 2722 780 2778 torum
796 2722 826 2778 et
843 2705 950 2805 quood
975 2705 1258 2788 cohabitationem

145 2844 307 2915 magnum
337 2832 447 2891 tamen
478 2819 660 2893 interduo
691 2820 774 2894 haec
812 2821 1034 2920 interponitur
1062 2818 1257 2892 discrimen.

144 2932 228 3003 Nam
256 2932 426 3029 separatio
451 2932 563 3030 quoad
589 2951 697 3006 torum
725 2934 881 3034 privatim
901 2935 972 3007 fieri
999 2949 1107 3033 potest
1125 2933 1262 3032 propria

144 3045 361 3132 auctoritate,
396 3062 579 3146 mutuoque
610 3073 796 3135 consensu,
828 3073 868 3121 eo
901 3049 975 3147 ipso
1007 3047 1097 3146 quod
1124 3072 1178 3118 res
1210 3063 1262 3119 est

143 3184 283 3259 prorsus
310 3159 462 3258 privata3
495 3177 611 3234 eontra
627 3187 706 3234 vero
735 3161 912 3260 diremptio
942 3160 1054 3261 quoad
1083 3159 1262 3233 habitatio·

143 3300 221 3348 nem
246 3275 375 3374 passim
407 3275 480 3349 fieri
504 3276 649 3376 nequit,
684 3293 753 3349 tum
783 3276 874 3375 quod
905 3276 1040 3376 publica
1071 3275 1136 3363 sit,
1168 3290 1201 3348 et
1226 3274 1260 3346 in

142 3390 295 3464 omnium
324 3389 439 3463 oculos
472 3391 642 3478 incurrat,
677 3407 747 3465 tum
777 3391 867 3489 quod
900 3389 1099 3465 scandalum
1125 3416 1261 3490 quoque

220 3559 255 3621 (t)
271 3558 313 3609 sic
332 3559 492 3610 constitutum
514 3559 561 3610 init
581 3560 607 3610 in
634 3559 724 3610 Galliis
746 3561 797 3622 lege
822 3560 872 3609 iata
896 3567 935 3611 ao.
956 3560 1074 3623 septemb.
1106 3563 1173 3610 179².
1196 3570 1260 3622 quae

143 3637 292 3689 admittebat
312 3639 413 3702 quidem
432 3639 578 3704 divortium,
598 3644 739 3690 nouantem
751 3641 944 3704 separationem,
970 3641 1071 3691 vinculo
1092 3641 1258 3704 permanente.

142 3721 172 3769 ln
193 3717 280 3768 codiee
294 3732 368 3782 porro
382 3718 450 3769 civili
471 3722 602 3783 utrumque
624 3721 781 3784 conceditur,
794 3722 821 3769 ut
838 3722 952 3771 nimirum
974 3721 1025 3771 fieri
1040 3721 1118 3784 possit
1135 3719 1257 3782 separatio

141 3797 174 3847 ab
193 3796 295 3860 iis,qoi
313 3798 448 3848 divortium
460 3802 547 3862 putant
560 3799 690 3863 illicitum,
707 3802 735 3850 ut
745 3800 781 3850 sic
792 3801 984 3864 uniuscuiusque
993 3799 1146 3850 conscentiae
1164 3798 1257 3861 prospi·

140 3879 247 3928 caretur.
258 3877 298 3928 ct.
313 3880 428 3943 itapport
447 3878 479 3929 rte
500 3880 699 3945 tariapradenre
710 3881 734 3929 in
745 3882 792 3930 art.
808 3881 962 3944 separation
973 3880 1005 3931 dc
1017 3892 1101 3944 corps,
1115 3881 1175 3928 tom.
1191 3879 1256 3928 xvi.
1355 3900 1362 3910 ·

141 3969 168 4019 p.
183 3963 223 4006 sn.

220 4035 256 4099 (a)
272 4035 349 4087 cuins
367 4036 552 4100 significationis
570 4039 682 4102 exempla
701 4041 834 4103 suppetant
855 4041 881 4089 in
901 4043 930 4090 L.
948 4040 1025 4090 later
1042 4041 1182 4102 stuprum,
1194 4038 1219 4086 et
1230 4037 1255 4085 in

139 4117 170 4167 t.
187 4116 265 4164 later
281 4112 428 4165 divortium
447 4115 474 4165 ii.
490 4115 521 4166 de
542 4116 645 4167 verton
667 4117 706 4168 ci.
724 4121 797 4169 laris
810 4118 897 4169 mattis
909 4117 1014 4168 indicem
1029 4115 1256 4168 tom.v1.al.vli.

138 4192 256 4258 Lugduni
278 4201 346 4245 1612.
364 4195 407 4245 ubi
427 4196 490 4246 inter
512 4199 593 4247 catera
604 4197 636 4246 ad
654 4198 723 4248 reri).
734 4201 885 4249 Dtaorttum
896 4198 1001 4249 dicitur:
1015 4198 1189 4248 «Dworttam
1201 4209 1258 4259 pro·

137 4273 193 4337 prio
211 4272 304 4324 dicitur
322 4273 386 4325 inter
406 4276 522 4339 coniuges
529 4312 537 4338 ,
549 4275 690 4341 repudium
701 4291 760 4329 ruo
774 4278 837 4330 inter
848 4291 966 4343 sponsos3
978 4289 1164 4341 nonnumquam
1175 4279 1256 4328 tamen

136 4351 345 4419 contunduntur,
359 4367 385 4420 q.
399 4362 424 4407 a.
436 4356 461 4408 in
482 4358 511 4408 L.
526 4356 600 4416 Quod
619 4369 732 4421 soram,
747 4356 779 4410 da
801 4357 951 4411 conrnune
968 4370 1051 4411 caasa
1072 4356 1217 4410 dotcetas
1310 4390 1321 4409 .
