2796 5064
144 365 211 436 168
276 381 402 436 ιιι-ιιι.
419 380 506 435 sacr.
523 379 654 433 rurum.
672 381 713 432 na
724 379 842 432 mnes.
858 379 954 432 nra.
971 378 1100 433 caman.

140 504 284 605 quinam
304 502 425 599 iugiter
441 501 478 573 in
499 499 643 574 ecclesia
658 498 883 573 traditionalis
901 503 1024 574 sensus
1042 500 1212 599 viguerit,
1229 519 1260 576 et

140 620 280 722 quinam
305 617 448 716 spiritus
472 641 548 690 eam
561 615 811 690 informaverit.
840 616 913 689 Etsi
938 615 1031 690 enim
1058 643 1129 692 non
1154 620 1264 693 omnia

140 760 229 836 qnae
260 733 390 835 prolata
409 742 494 805 'eunt
523 731 677 831 exempla
706 755 777 804 rem
803 731 1009 820 conficiant,
1041 734 1131 808 eatis
1157 750 1264 808 tamen

140 849 292 923 indicant
311 846 395 946 quid
417 846 483 919 hac
497 845 541 918 de
559 871 595 918 re
607 845 753 920 ecclesia
768 847 934 933 senserit,
953 845 1166 943 donecmm.
1183 875 1262 949 pon·

140 965 270 1053 tifices,
290 963 403 1039 oblata
426 961 492 1035 sibi
509 961 706 1049 occasione,
726 963 860 1037 decreta
877 988 940 1035 sua
961 962 1171 1052 emiserunt,
1193 966 1261 1066 qui·

140 1080 206 1155 bus
218 1105 318 1154 omne
336 1077 504 1175 sublatum
522 1093 574 1153 est
590 1076 732 1153 dubium
752 1077 797 1152 dc
812 1079 953 1152 istorum
965 1079 1262 1157 'matrimoniorum

141 1196 375 1272 dissolutione
396 1259 399 1264 .
530 1199 533 1206 ’
566 1200 568 1205 ’

210 1311 259 1387 Ao
284 1312 416 1412 primus
440 1312 578 1413 quidem
603 1312 701 1388 cuius
731 1327 861 1387 certum
885 1312 1128 1388 documentum
1154 1326 1261 1397 extat,

140 1442 192 1500 eat
212 1426 399 1500 Alexander
418 1428 476 1499 lll.
506 1427 566 1528 qui
586 1452 642 1500 an.
665 1427 783 1500 ttae:
799 1427 887 1501 hanc
912 1427 1116 1502 decretalem
1135 1427 1259 1502 emisit:

142 1541 390 1642 «Verumpost
406 1550 608 1616 consensum
634 1540 821 1639 legitimum
850 1542 1115 1641 de.·praesenti,
1137 1542 1273 1629 licitum

139 1671 192 1730 est
216 1656 333 1745 alteri,
356 1657 461 1732 altero
481 1657 583 1730 etiam
606 1662 833 1757 repugnante,
852 1657 978 1756 eligere
994 1658 1259 1743 monasterium,

140 1771 230 1845 siout
255 1772 364 1846 sancti
386 1770 526 1871 quidam
551 1769 593 1844 de
618 1772 747 1870 nuptiis
772 1771 882 1845 vocati
907 1770 1061 1859 lueruut3
1082 1769 1263 1845 dummodo

140 1885 286 1961 earnalis
315 1887 508 1962 commixtio
534 1894 600 1960 non
626 1886 955 1962 intervenerit'inter
984 1912 1067 1961 eos:
1105 1903 1142 1962 et
1172 1884 1261 1960 elteri

140 2003 322 2076 remanenti
352 2003 403 2099 (si
421 2003 646 2078 commonitus
670 2003 910 2077 continentiam
938 2028 1076 2077 serrare
1100 2002 1259 2096 noluerit)

137 2116 275 2192 lic'ituin
291 2124 347 2192 es't
367 2118 411 2191 ad
438 2118 590 2193 secunda
612 2136 690 2194 uota
710 2119 878 2215 transire:
897 2119 979 2220 quia
995 2145 1076 2193 cum
1094 2145 1166 2194 non
1184 2118 1261 2193 laia

139 2242 214 2306 sent
237 2238 307 2306 una
334 2258 413 2308 caro
436 2234 540 2309 simul
563 2236 808 2324 effecti,-?satie
834 2251 944 2338 potest
971 2261 1061 2311 unus
1085 2235 1134 2308 ad
1159 2236 1261 2310 Deum

140 2348 298 2436 transire,
327 2349 471 2423 et'al'ten
493 2349 529 2422 in
556 2350 670 2425 seculo
699 2377 873 2424 remanere
892 2352 1022 2448 (23).»
1050 2351 1094 2424 Et
1114 2351 1256 2427 iterum:

144 2463 336 2550 «Ceterum,
354 2464 436 2564 quia
448 2463 558 2539 licata
573 2468 724 2566 praelato
740 2464 814 2541 uiro
831 2468 1038 2565 desponsata
1056 2467 1134 2554 luit,
1156 2466 1262 2541 adhuc

140 2596 271 2667 mmen,
302 2580 389 2652 sicut
413 2581 555 2667 asserit,
585 2582 628 2654 ab
654 2584 729 2682 ipso
754 2598 807 2656 est
831 2584 1017 2680 incognita:
1043 2583 1257 2669 mandamus,

141 2710 308 2792 quatenus
327 2694 357 2767 si
379 2696 570 2795 praedictus
588 2698 641 2768 vir
658 2698 767 2797 ipsam
785 2697 965 2770 carnaliter
980 2724 1048 2771 non
1070 2697 1257 2796 agnoverit,

139 2823 171 2881 et
195 2809 313 2881 eadem
339 2810 381 2882 ad
411 2810 604 2907 religionem
632 2812 774 2885 transire
802 2812 965 2900 voluerit,
996 2828 1132 2913 recepta
1158 2814 1202 2887 ab
1225 2836 1260 2886 ca

138 2924 318 2998 sufficienti
345 2925 517 3012 cautione,
547 2926 638 3026 quod
658 2928 711 2999 vel
737 2927 781 3000 ad
806 2927 1001 3025 religionem
1019 2929 1187 3015 transire,
1210 2926 1258 3002 rel

140 3039 182 3112 ad
201 3041 309 3113 'virum
329 3067 425 3114 suum
447 3042 556 3115 redire
582 3042 670 3115 intra
686 3042 831 3115 duorum
856 3044 1025 3116 mensium
1039 3045 1191 3145 spatium
1208 3043 1261 3115 de-

137 3155 214 3229 beat
226 3166 239 3242 ,’
262 3158 372 3255 ipsam
403 3184 423 3230 a
449 3159 636 3244 sententia,
670 3185 737 3258 que
769 3174 916 3247 tenetur,
945 3159 1134 3248 absolvas;
1174 3158 1260 3261 quod

138 3271 167 3342 si
192 3271 234 3343 ad
256 3271 449 3368 religionem
477 3274 647 3346 transierit
668 3289 828 3372 uterque,
859 3274 1012 3347 restituat
1042 3273 1143 3348 alteri
1176 3273 1261 3374 quod

138 3385 182 3459 ab
204 3411 244 3459 eo
256 3387 411 3461 'noscitur
431 3389 616 3488 accepisse.
639 3392 726 3462 Sane
743 3389 833 3489 quod
852 3390 1015 3463 Dominus
1035 3389 1070 3462 in
1089 3390 1260 3489 evangelio

137 3500 242 3589 dicit,
268 3528 334 3575 non
362 3501 462 3576 licere
486 3505 579 3591 viro,
606 3504 674 3578 nisi
697 3505 741 3577 ob
766 3530 904 3578 causam
931 3504 1169 3580 fornicationis
1186 3530 1261 3580 uro-

139 3643 207 3690 rem
235 3629 332 3689 suam
354 3617 542 3706 dimittere,
572 3619 827 3717 intelligendum
848 3634 920 3707 cst,
949 3620 1139 3693 secundum
1166 3623 1262 3694 inter·

138 3733 357 3832 pretationem
380 3734 466 3805 sacri
491 3734 641 3833 eloquii,
679 3735 722 3807 de
748 3735 802 3808 his
835 3761 978 3835 quorum
1011 3737 1259 3812 matrimonium

137 3847 261 3921 carnali
288 3848 409 3948 copula
438 3866 490 3923 cst
514 3867 801 3939 consummatum,
831 3851 905 3925 sine
934 3875 1004 3950 qua
1035 3849 1259 3929 consummari

137 3988 202 4036 non
231 3979 341 4062 potest
372 3966 499 4060 (24).»

144 4266 163 4318 γ
208 4186 258 4247 (tt)
277 4189 375 4239 Deerat.
389 4190 500 4251 Gregorii
517 4192 559 4239 lx.
571 4189 615 4240 lib.
630 4192 671 4240 ur.
685 4191 724 4243 tit.
741 4194 838 4244 xxxll.
859 4194 894 4244 Dc
912 4205 1032 4244 concert.
1055 4197 1193 4257 connect.
1210 4204 1258 4255 cap.

161 4276 246 4315 ermn.

209 4344 259 4406 (tl)
274 4344 334 4396 lbld.
346 4360 400 4410 cap.
414 4349 467 4397 vll.
482 4351 524 4398 Bc
535 4348 660 4411 publico..
