2796 5064
266 385 336 437 mr.
349 384 398 436 111.
411 384 452 435 ne
469 384 564 435 sensu
580 383 671 434 rnre.
687 384 750 434 ιιι.
769 383 880 434 mores.
898 383 993 434 nara.
1011 383 1082 433 ιιι.
1094 382 1117 434 ι.
1189 361 1256 433 281

214 503 350 578 Etenim
376 505 410 576 in
435 529 511 578 ean.
532 503 618 575 lllll.
640 519 821 604 perpetuae
846 502 1180 577 excommunicationi
1206 528 1266 576 eas

146 618 301 707 subiecit,
312 646 400 720 quae
412 620 508 693 cuttu
518 618 727 718 praecedente
740 646 840 692 ccccc
854 618 1051 718 reliquerint
1062 619 1153 691 viros
1168 644 1263 705 suos,

145 760 248 835 seque
265 735 382 810 alteris
400 735 640 836 copulaverint.
658 735 738 809 ldeo
751 760 830 809 vero
847 733 1000 807 clausula
1018 731 1077 805 illa
1095 733 1267 807 interiecta

144 865 218 924 est:
243 851 342 924 nulla
354 851 566 970 praecedente
587 875 704 933 causa,
725 848 816 947 quod
838 862 957 945 agatur
981 847 1024 920 de
1046 846 1264 935 mulieribus,

144 990 233 1062 quae
254 965 366 1038 virum
392 991 509 1051 suum,
534 964 689 1063 quamvis
716 961 886 1034 infidelem
904 961 1144 1060 reliquissent,
1164 977 1202 1033 ut
1218 959 1268 1034 al·

142 1078 222 1152 teris
248 1105 288 1152 sc
312 1079 572 1177 coniungerent,
603 1106 708 1180 quum
733 1078 872 1151 vetitum
898 1077 955 1150 illa
981 1094 1090 1151 aetate
1113 1077 1268 1153 essetab

143 1193 272 1268 infideli
295 1195 462 1269 recedere.
484 1197 639 1270 Poterant
667 1212 778 1268 autem
804 1221 879 1267 esse
898 1220 1034 1281 causae,
1059 1192 1102 1268 ob
1118 1221 1205 1295 quas
1226 1194 1270 1268 li·

144 1308 208 1381 cite
224 1308 337 1381 virum
363 1308 535 1383 infidelem
556 1310 714 1383 mulieres
737 1308 944 1382 christianae
963 1307 1188 1396 dimitterent,
1209 1335 1264 1382 ex.

142 1448 189 1521 gr.
219 1424 252 1497 si
274 1423 440 1498 noluisset
465 1424 612 1499 infidelis
640 1425 779 1526 pacilice
805 1451 882 1498 oum
906 1449 946 1496 ea
972 1423 1101 1510 vivere,
1130 1449 1169 1497 ac
1194 1424 1268 1498 sine

144 1539 350 1614 contumelia
373 1540 561 1628 Creatoris;
582 1542 611 1615 si
638 1541 713 1640 ipse
739 1540 832 1641 prius
850 1539 1087 1626 discessisset,
1110 1539 1140 1614 si
1167 1565 1268 1638 repu-

145 1654 241 1729 dium
266 1656 364 1730 uxori
390 1656 481 1730 fideli
506 1657 668 1731 dedisset.
699 1657 761 1731 llis
781 1656 894 1731 causis
912 1656 1078 1757 demptis,
1099 1657 1129 1730 si
1147 1656 1269 1731 mulier

142 1768 182 1843 ab
195 1768 330 1843 inlidcli
343 1796 382 1844 se
394 1788 586 1871 separasset
599 1771 642 1844 ad
663 1796 767 1845 novas
787 1769 952 1843 ineundas
971 1770 1127 1870 nuptias,
1148 1786 1266 1869 utpote

142 1886 314 1973 adultera,
333 1885 398 1961 hoc
422 1912 550 1961 canone
569 1887 772 1985 grauissima
792 1913 902 1986 poena
925 1885 1079 1984 plectitur
1100 1888 1190 1983 (73).

218 2003 259 2077 ln
285 2027 415 2076 canone
435 2027 526 2076 vero.
541 2004 598 2074 lll.
632 2002 771 2076 omnino
799 2001 996 2101 prohibetur
1020 2002 1202 2102 quominus
1228 2001 1268 2074 li·

143 2117 231 2192 delis
257 2118 430 2206 foemina,
462 2118 577 2193 relicto
606 2118 697 2193 lideli
724 2119 845 2193 marito
873 2117 1045 2206 adultero,
1074 2117 1131 2191 illo
1156 2117 1268 2193 adhuc

139 2233 293 2318 virente,
313 2233 410 2307 alteri
430 2232 551 2322 nubat,
573 2235 638 2308 sub
657 2251 837 2337 perpetuae
857 2235 981 2332 pariter
999 2234 1269 2308 exc-ommunica-

142 2348 248 2423 tionis
261 2348 550 2437 interminatione,
574 2366 690 2448 utpote
708 2348 865 2422 adulterii
884 2375 958 2436 rea,
976 2376 1052 2423 oum
1071 2349 1183 2449 quoad
1197 2350 1269 2424 vin-

142 2463 257 2536 culum
271 2463 366 2562 prius
378 2462 492 2536 adhuc
504 2464 697 2561 coniugium
713 2465 872 2563 perduret
893 2466 982 2561 (il).
1005 2464 1134 2537 Exinde
1152 2465 1267 2537 itidem

141 2594 233 2678 patet
255 2576 408 2678 patribus
428 2578 640 2651 illiberitanis
659 2605 859 2678 persuasum
878 2579 985 2652 luisse
1002 2578 1161 2676 coniugia
1178 2578 1269 2652 chri-

140 2691 329 2764 stianorum
355 2718 398 2765 ne
420 2691 454 2763 in
480 2717 563 2765 casu
585 2692 725 2791 quidem
748 2692 903 2766 adulterii
930 2692 1097 2791 disrumpi
1124 2718 1238 2791 posse.

214 2805 314 2892 Quod
328 2833 408 2881 vero
421 2822 551 2907 spectat
563 2808 606 2880 ad
621 2835 696 2882 can.
712 2809 754 2882 x.
784 2810 911 2882 omissa
930 2808 1038 2907 prima
1055 2808 1128 2880 eius
1148 2821 1263 2909 parte,

140 2947 230 3022 quae
255 2921 326 3019 agit
349 2923 393 2996 de
418 2923 688 3013 catechumenis,
718 2925 753 2997 in
777 2924 882 2998 altera
903 2940 998 3024 parte
1018 2924 1136 2996 eadem
1159 2947 1268 3021 poena

141 3034 301 3135 plectitur
311 3036 434 3111 mulier
449 3036 509 3111 illa
526 3038 726 3127 christiana,
743 3066 830 3140 quae
847 3065 924 3112 cum
943 3038 1204 3125 catechumeno,
1224 3037 1268 3111 de

139 3176 210 3250 quo
233 3176 357 3250 supra,
395 3168 575 3253 postquam
599 3180 696 3227 suam
724 3153 909 3255 repudiarit
933 3180 1092 3241 uxorem,
1126 3153 1265 3253 nuptias

139 3371 277 3436 adulterii,
295 3374 436 3436 properaret
456 3374 575 3426 secundas
592 3374 690 3439 nuptias
706 3375 867 3440 contrahere,
884 3380 913 3428 ut
932 3376 1050 3440 effingeret
1065 3375 1179 3426 adulterii
1194 3387 1264 3426 aceu·

138 3451 262 3502 tationem
278 3452 307 3502 L.
327 3453 354 3502 st
374 3452 553 3516 postulaverit
570 3459 608 3506 27.
628 3455 656 3504 il.
679 3455 711 3504 nd
732 3459 761 3506 Ι..
782 3454 884 3507 Iulium
904 3456 936 3506 de
956 3456 1043 3507 adult.
1061 3455 1168 3507 Maniai,
1187 3453 1231 3505 iii).
1247 3457 1268 3506 Ι.

139 3533 218 3596 epigr.
234 3535 271 3584 Π.
284 3533 310 3582 et
322 3531 367 3583 tit.
380 3534 423 3583 vi.
436 3533 512 3597 epigr.
526 3537 550 3585 t.
566 3534 623 3586 ldeo
637 3535 733 3599 legibue
743 3538 842 3586 rantum
855 3538 904 3598 est,
918 3537 991 3586 etiam
1004 3536 1110 3586 nubente
1123 3538 1179 3600 post
1189 3534 1270 3585 divor·

139 3612 204 3661 tium
216 3609 343 3673 adultera,
355 3612 465 3661 amusan
488 3612 602 3664 adulterii
620 3627 692 3678 posse
708 3616 736 3664 L.
753 3614 875 3666 Adulter.
889 3623 927 3666 aa.
939 3616 967 3666 fi.
980 3615 1011 3664 ad
1023 3619 1051 3666 1..
1065 3615 1121 3667 Iul.
1134 3615 1166 3665 de
1178 3613 1266 3665 adult

139 3692 168 3741 1..
182 3696 207 3739 ³.
224 3688 288 3740 ced.
303 3688 425 3740 Tlreodos.
439 3690 527 3741 eodem
541 3692 579 3742 tit,

216 3768 269 3831 (7³)
285 3768 324 3819 ci.
338 3769 527 3834 Albeepinneum
547 3769 574 3820 la
589 3773 640 3821 not.
655 3772 688 3822 ad
702 3772 768 3823 huno
782 3773 881 3823 eumad
895 3773 988 3824 calcem
1000 3787 1058 3838 opp.
1078 3773 1160 3838 optati
1179 3775 1205 3824 et
1223 3774 1267 3823 Fa·

143 3847 220 3899 eundi
232 3848 360 3899 Hermian.
372 3851 483 3900 Lutetiae
505 3851 582 3901 Paris.
597 3857 664 3903 1676.
675 3854 736 3902 tom.
747 3855 779 3903 11.
799 3866 825 3916 p.
844 3862 894 3904 ιιι.
915 3867 960 3904 nec
972 3867 1022 3904 non
1038 3854 1106 3904 card.
1121 3857 1156 3903 De
1166 3852 1268 3916 aguirre

142 3927 240 3980 Callet.
258 3941 333 3979 max.
348 3941 420 3980 conc.
433 3930 502 3995 lttsp.
513 3934 606 3981 Romae
619 3940 686 3983 1693.
698 3936 783 3983 tomi.
798 3947 851 3997 pag.
865 3939 908 3984 384
920 3948 989 3998 seqq.

211 4009 264 4071 (7⁴)
278 4009 421 4060 Notandum
437 4025 511 4074 porro
527 4012 569 4061 hie
584 4015 637 4075 est,
654 4013 755 4063 concedi
772 4027 787 4063 n
806 4014 912 4064 concilio
935 4013 1081 4064 mulieribus
1103 4012 1195 4063 nubere
1214 4012 1268 4062 viro

139 4087 271 4150 adultero,
288 4100 346 4138 cum
359 4103 409 4153 quo
425 4091 521 4140 vivente
540 4091 593 4141 viro
609 4095 634 4142 et
649 4091 758 4154 legitimo
772 4093 875 4155 marito,
898 4106 949 4142 rem
961 4092 1101 4153 imbuisset,
1116 4078 1186 4153 quod
1198 4103 1265 4142 nunc

138 4167 293 4231 prohibitum
313 4170 363 4230 est,
383 4169 513 4220 accedente
532 4171 630 4234 praevia
647 4171 824 4234 promissione,
836 4174 863 4220 ut
878 4171 1018 4235 nequidem
1034 4171 1206 4234 postmortem
1217 4181 1268 4219 ma·

137 4245 178 4296 rlti
188 4245 280 4296 mulier
294 4247 372 4310 possit
381 4261 439 4297 cum
449 4247 562 4299 adultero
573 4262 619 4299 auo
631 4249 729 4313 nuptiae
740 4250 861 4314 legiiirnas
873 4250 962 4314 lacere,
974 4250 1006 4300 ob
1017 4248 1221 4314 impedimentum
1231 4246 1268 4298 di·

138 4324 231 4376 rimam
253 4323 288 4376 ab
304 4325 408 4379 wesin
421 4328 505 4391 postea
515 4327 691 4392 coustitutum,
713 4328 780 4393 quud
801 4331 921 4380 miminis
946 4330 1057 4385 iocatur.
