2796 5064
331 395 404 446 err.
421 395 458 446 u.
474 394 514 446 nr
533 395 707 448 rorrmmr
726 396 921 449 successim.
938 398 1008 448 mr.
1020 399 1055 448 u.
1177 376 1246 448 tta

146 537 174 583 u
190 512 246 585 his
264 513 326 612 qui
349 514 504 588 recensiti
525 531 605 587 sunt
621 515 758 614 proprio
775 514 1000 615 polygamiam
1019 516 1248 590 successivam

143 624 318 699 damnavit.

204 741 340 814 Etenim
360 741 413 816 vel
439 742 514 843 ipsc
537 769 567 817 s.
589 744 814 844 Hieronymus
835 744 894 843 qui
919 744 1037 817 durius
1054 740 1140 843 'prae
1161 758 1250 818 ceta·

140 856 181 929 ris
192 855 329 930 locutus
342 873 411 944 est,
428 874 572 931 mentem
587 884 683 931 suam
696 858 775 930 data
788 858 964 932 occasione
977 858 1132 959 exposuit
1144 889 1152 947 ;
1172 885 1250 932 cum

138 969 221 1042 enim
249 970 325 1068 ipse
350 969 415 1043 lrac
439 972 482 1044 de
506 997 609 1045 causa
635 973 670 1044 in
696 972 923 1071 suspicionem
950 973 1040 1071 apud
1072 972 1250 1046 nonnullos

138 1083 285 1158 aemulos
298 1084 511 1184 potissimum
524 1114 564 1161 ac
577 1086 781 1161 detractores
794 1087 954 1173 venisset,
965 1086 1155 1185 apologiam
1169 1087 1250 1160 scri-

138 1200 200 1300 psit
224 1227 344 1275 eorum
369 1227 457 1301 quae
482 1202 516 1274 in
539 1200 599 1273 lib.
625 1217 741 1276 contra
764 1201 975 1274 lorinianum
994 1201 1058 1274 hoc
1082 1201 1124 1274 de
1150 1228 1250 1299 argu-

138 1332 248 1388 mento
273 1333 480 1390 exaraverat.
506 1316 561 1391 Ait
585 1333 697 1389 autem
720 1317 806 1389 inter
825 1333 934 1390 cetera
953 1317 987 1387 in
1013 1314 1077 1389 hac
1096 1315 1251 1415 apologia

139 1430 311 1503 alloctor.
334 1431 541 1505 «Erubescat
557 1432 779 1505 calumniator
796 1457 910 1517 meus,
932 1430 1049 1504 dicens
1067 1457 1121 1504 me
1139 1430 1247 1530 prima

139 1543 297 1618 damnare
320 1547 550 1632 matrimonia,
579 1547 714 1646 quando
731 1546 832 1643 legit:
864 1546 939 1620 Noa
963 1545 1080 1619 damno
1102 1545 1251 1645 clipeatos

139 1673 166 1730 et
181 1662 358 1757 trigamos,
378 1675 409 1732 ct
424 1663 457 1732 si
472 1661 541 1733 dici
551 1676 658 1760 potest
676 1677 868 1760 octopamos.
891 1659 991 1734 Aliud
1008 1677 1060 1734 est
1077 1687 1142 1733 non
1160 1659 1252 1732 dam·

140 1801 231 1862 uara,
252 1775 347 1848 aliud
367 1776 571 1875 praedicare.
593 1776 693 1849 Aliud
713 1793 765 1850 est
781 1776 915 1850 veniam
937 1776 1137 1862 concedam,
1158 1773 1251 1848 aliud

140 1890 333 1986 praedicare
356 1891 524 1964 virtutem.
554 1892 588 1961 Si
614 1906 725 1964 autem
750 1891 855 1964 durus
881 1892 916 1963 in
943 1917 982 1963 co
1006 1890 1142 1976 videor,
1171 1890 1252 1988 quia

139 2004 223 2076 dixi:
253 2004 423 2105 quidquid
450 2003 636 2104 aequaliter
655 2004 750 2092 licet,
776 2004 908 2103 aequali
926 2003 1021 2078 lance
1041 2003 1252 2102 pensandum

139 2138 204 2206 eet3
226 2137 310 2221 puto
327 2146 394 2194 non
412 2147 465 2194 me
482 2119 650 2193 crudelem
672 2119 834 2193 iudicabit
850 2136 883 2192 et
901 2119 1067 2217 rigidum,
1088 2119 1168 2218 quia
1185 2120 1254 2194 alia

140 2233 210 2307 loca
234 2234 421 2332 virginitati
446 2250 479 2307 et
503 2235 651 2334 nuptiis,
675 2233 743 2306 alia
769 2235 920 2331 trigamis
945 2251 979 2307 et
998 2235 1199 2331 octogamis,
1221 2252 1254 2307 et

141 2348 389 2446 poenitentibus
414 2348 532 2447 legerit
556 2366 767 2448 praeparata.
798 2349 970 2422 Christum
996 2351 1031 2420 in
1057 2375 1157 2422 carne
1187 2349 1252 2422 vir-

139 2463 270 2559 ginem,
291 2463 326 2534 in
347 2464 469 2563 spiritu
492 2490 746 2561 monogamum,
767 2464 857 2563 quod
876 2490 978 2536 unam
995 2463 1134 2537 haberet
1150 2463 1253 2537 eccla·

140 2578 243 2664 siam,
270 2594 383 2651 noster
409 2580 444 2651 in
466 2578 604 2678 reliquis
631 2606 742 2653 sermo
760 2594 900 2652 testatus
919 2596 989 2665 est,
1010 2593 1043 2652 et
1059 2579 1176 2652 crediti
1196 2605 1254 2652 su·

140 2718 214 2766 mus
241 2693 377 2792 nuptias
400 2694 561 2768 damnare
581 2698 653 2790 (98)
671 2695 678 2765 l
698 2726 715 2764 o

212 2810 294 2881 Post
312 2808 395 2883 adeo
417 2809 541 2883 diserta
561 2810 663 2883 verba
684 2812 783 2883 facile
797 2829 849 2884 est
866 2810 1017 2885 emollire
1035 2809 1251 2883 duriusculas

139 2924 213 2995 eius
230 2922 374 3022 phrases
396 2923 521 3022 quibus
543 2925 725 2998 identidem
744 2926 933 3022 trigamiam
953 2926 1105 3023 aliasque
1122 2925 1256 2998 ulterio-

141 3065 193 3114 res
220 3037 359 3137 nuptias
382 3038 561 3112 vellicavit.
586 3040 641 3113 Sic
664 3067 785 3113 sensus
811 3055 901 3140 patet
926 3064 1146 3138 eorumquae
1170 3039 1253 3113 scri-

141 3154 209 3251 psit
225 3169 342 3226 contra
360 3152 589 3226 lovinianum:
614 3154 846 3241 «Considera,
871 3155 962 3254 quod
983 3180 1070 3254 quae
1087 3153 1173 3228 duos
1191 3154 1253 3227 ha·

140 3266 215 3340 buit
224 3267 333 3354 viros,
348 3267 479 3341 etiamsi
493 3293 578 3342 anus
592 3269 638 3341 sit
649 3285 683 3342 et
696 3269 882 3368 decrepita,
904 3285 936 3343 et
948 3295 1071 3367 egens,
1091 3267 1255 3343 ecclcsiae

140 3382 247 3481 stipes
274 3406 341 3454 non
365 3399 511 3456 meretur
535 3384 699 3482 accipere.
726 3384 759 3455 Si
783 3399 893 3457 autem
924 3383 1022 3482 panis
1053 3382 1101 3454 illi
1131 3381 1256 3456 tollitur

140 3495 392 3597 eleemosynae,
413 3513 538 3597 quanto
556 3499 664 3596 magis
683 3499 740 3572 ille
758 3499 856 3598 panis
875 3499 935 3599 qui
952 3498 994 3572 de
1011 3498 1103 3571 caelo
1120 3497 1256 3572 descon-

141 3611 211 3699 dit,
233 3639 335 3712 quem
353 3614 412 3712 qui
426 3614 563 3711 indigne
580 3614 777 3702 comederit,
799 3641 876 3688 reus
895 3615 958 3688 erit
974 3614 1087 3688 violati
1106 3613 1256 3712 corporis

141 3742 174 3800 et
196 3726 378 3824 sanguinis
402 3728 536 3802 Domini
559 3728 686 3825 (lllfin
712 3730 800 3803 llcus
823 3755 943 3828 nempe
960 3729 1104 3802 allicitur
1121 3727 1163 3801 ob
1186 3729 1257 3801 ani·

142 3867 233 3913 mum
256 3840 487 3915 lascivientem
509 3869 609 3942 quem
632 3845 835 3943 praesefert,
857 3870 921 3917 non
945 3844 988 3917 ob
1006 3843 1142 3944 nuptias
1163 3844 1198 3915 in
1220 3868 1257 3915 se

143 3971 322 4052 spectatas.
345 3955 437 4028 Idem
462 3955 518 4028 dic
541 3956 584 4029 de
608 3983 648 4031 eo
674 3958 765 4057 quod
788 3959 822 4030 in
848 3959 947 4058 epist.
969 3957 1012 4031 ad
1032 3957 1255 4056 Ageruchiam

144 4069 310 4143 affirmat:
341 4069 425 4142 «Ab
455 4071 568 4145 officio
593 4073 772 4147 sacerdotii
801 4073 958 4171 digamus
984 4072 1253 4147 excluditur...

216 4257 267 4318 (aa)
284 4257 360 4321 aptet.
375 4259 484 4309 xtvur.
507 4258 537 4310 ad
549 4261 690 4311 aamnmh.
702 4261 741 4311 ed.
755 4262 797 4313 cit.
810 4276 835 4312 n.
849 4270 873 4312 u.
887 4265 947 4313 tom.
961 4266 980 4312 l.
993 4262 1041 4312 col.
1060 4266 1113 4312 ²17.

214 4336 264 4398 (se)
280 4336 334 4386 utu.
352 4340 371 4388 Ι,
384 4351 409 4388 n.
426 4342 461 4388 rt.
472 4338 513 4389 ed.
524 4340 628 4390 vallars.
643 4343 703 4390 tom.
718 4345 747 4390 ΙΙ.
763 4343 811 4392 col.
823 4345 879 4392 ast.
