2796 5064
139 364 208 434 106
308 386 369 437 tte.
390 385 438 435 ΙΙΙ.
459 383 546 435 8101.
567 384 591 436 1.
613 383 904 436 esurrectione.
923 381 1070 434 enitere.

139 501 351 601 Quamquam
367 498 441 597 lege
459 499 657 574 sacerdotali
683 515 835 573 tenentur
862 514 896 573 et
912 497 1039 584 laicus,
1069 496 1132 595 qui
1158 495 1253 570 talem

138 615 299 716 praebere
312 640 350 688 se
367 614 484 702 debet,
502 629 540 686 ut
552 615 661 713 possit
672 614 749 710 eligi
766 616 799 686 in
813 613 1049 687 sacerdotium.
1061 613 1136 684 Non
1149 626 1256 684 autem

138 730 291 828 eligitur,
312 727 341 802 si
359 727 515 825 digamus
534 727 645 803 luerit.
671 731 771 802 Porro
790 727 960 825 eliguntur
976 753 1016 800 ex
1028 725 1128 799 laicis
1148 749 1257 799 sacer·

138 844 245 919 dotes.
266 845 355 941 Ergo
373 843 529 922 elluinus
548 859 681 917 tenetur
703 844 879 930 mandato,
899 869 961 944 per
978 842 1070 941 quod
1088 839 1135 914 ad
1152 865 1258 914 sacer·

138 960 266 1033 dotium
286 958 476 1059 peruenitur
493 961 631 1054 (100).»
648 954 774 1057 Nempe
788 958 938 1057 loquitur
956 957 1013 1030 hic
1025 982 1055 1030 s.
1074 956 1201 1029 Ductor
1218 955 1259 1026 de

139 1074 286 1173 quadam
303 1073 537 1148 convenientia
549 1088 583 1147 et
595 1074 834 1170 congruentia,
859 1099 927 1147 non
943 1088 1056 1145 eutem
1072 1070 1118 1143 de
1133 1069 1260 1167 obliga·

139 1189 230 1264 tione
244 1215 361 1289 presse
379 1205 536 1288 sumpte,
557 1188 708 1286 alioquin
729 1189 763 1260 in
781 1188 929 1262 absurde
945 1185 1104 1285 dilapsus
1123 1185 1256 1258 luisset.

210 1304 333 1378 Eorum
357 1319 490 1388 eutem,
519 1329 608 1403 quae
629 1302 767 1403 scripsit
784 1329 814 1376 s.
831 1303 954 1376 Ductor
971 1300 1006 1373 in
1022 1315 1205 1374 comment.
1226 1298 1259 1370 iu

139 1419 312 1492 leremiam
333 1443 456 1492 sensus
486 1417 608 1518 plenus
634 1435 708 1503 est,
738 1418 768 1490 si
794 1417 868 1491 eius
893 1431 1071 1490 contextus
1096 1412 1260 1512 inspiciu-

138 1550 225 1622 tur,v
244 1533 303 1632 qui
330 1533 375 1606 ita
408 1559 445 1605 se
476 1532 599 1605 habet:
634 1532 755 1606 «Unde
786 1532 959 1631 superflua
987 1529 1064 1603 novi
1099 1526 1260 1602 haeretici

140 1647 354 1744 (loriniani)
374 1646 613 1744 reprehensio,
637 1673 705 1745 que
730 1646 906 1719 docuimus
934 1643 1119 1741 digamiam
1144 1659 1180 1716 et
1202 1641 1260 1714 tri-

138 1762 285 1860 gamiam
303 1787 370 1835 non
389 1788 430 1834 ex
445 1761 520 1859 lege
534 1761 761 1850 descendere,
786 1761 846 1835 sed
864 1789 905 1833 eo
921 1760 1142 1858 indulgentia.
1160 1757 1260 1831 eliud

138 1895 191 1951 est
215 1875 456 1961 miniscere,
481 1876 571 1974 quod
593 1902 655 1974 per
675 1902 707 1947 se
734 1876 852 1947 donum
868 1878 936 1959 sit,
967 1872 1064 1947 eliud
1088 1872 1162 1945 ideo
1188 1897 1262 1944 eon·

138 1991 209 2066 redi
232 2018 271 2063 ne
293 1993 408 2089 peiora
437 1991 611 2087 [aciamus.
639 1990 729 2063 Dicit
755 1991 844 2063 enim
871 2006 904 2063 et
932 1991 1005 2088 ipse
1031 1986 1257 2086 (Apostolus)

138 2130 299 2190 caussas,
321 2130 380 2177 cur
396 2104 476 2177 velit
492 2104 759 2179 adolescentulas
777 2106 898 2178 viduas
917 2104 1061 2190 nubere,
1082 2103 1256 2176 inserens:

137 2221 212 2291 lunt
231 2220 318 2291 enim
335 2218 496 2316 quaedum
514 2245 627 2291 eorum
647 2221 798 2292 obierunt
816 2235 901 2292 retro
922 2234 997 2317 post
1021 2233 1191 2291 somnam.
1215 2216 1262 2289 Si·

138 2335 277 2434 mulque
296 2350 491 2433 praeceptor
512 2336 755 2422 continentiae,
772 2353 805 2408 et
824 2352 1003 2435 perpetuae
1016 2333 1209 2417 castitatis,
1231 2347 1262 2405 et

64 2437 69 2443 ’
137 2452 305 2549 aequalem
328 2477 361 2523 se
385 2450 627 2550 blasphemans
653 2452 745 2536 Deo,
774 2451 889 2524 laudat
911 2468 1005 2524 terna
1028 2464 1261 2548 quaternaque

138 2566 312 2662 coniugia,
341 2591 429 2664 quae
453 2592 516 2662 ego
541 2591 607 2638 non
630 2580 697 2637 tam
719 2566 900 2663 coniugia,
921 2591 1024 2665 quam
1047 2564 1259 2636 miseriarum

139 2681 277 2767 solatia,
299 2697 332 2752 et
356 2696 534 2753 extremam
561 2681 706 2753 tabulam
730 2683 985 2778 naufragorum:
1013 2680 1081 2752 nisi
1102 2680 1189 2752 forte
1208 2678 1262 2750 tri·

139 2797 212 2869 buit
236 2794 478 2893 indulgentiam
505 2796 744 2869 amazzonibus
767 2798 862 2882 suis,
890 2813 1061 2894 utusque
1082 2794 1127 2867 ad
1153 2795 1262 2866 decre

138 2911 242 3011 pitem
265 2926 470 2984 senectutem
490 2910 579 2983 belle
600 2910 778 2983 libidinum
798 2912 1014 3010 experiantur
1034 2911 1181 3004 (101).»
1203 2910 1263 2980 lta-

138 3051 205 3123 que
240 3051 305 3098 non
342 3023 497 3098 absolute
527 3025 643 3097 iterata
678 3025 843 3097 eiusmodi
879 3023 1038 3118 coniugia
1075 3048 1105 3096 s.
1140 3023 1262 3096 Doctor

139 3139 312 3213 damnavit
330 3156 363 3213 et
387 3139 421 3210 in
448 3165 503 3224 se,
527 3140 586 3211 sed
610 3140 709 3213 unice
735 3155 888 3238 respectu
910 3138 1125 3211 nubentium.

221 3253 271 3323 Ex
297 3253 351 3324 his
376 3253 501 3352 pariter
529 3253 580 3324 vis
607 3253 739 3325 illerum
771 3254 946 3353 phrasium
971 3252 1147 3348 colligitur
1179 3276 1264 3351 quas

141 3394 169 3440 s.
193 3367 419 3465 Hieronymus
446 3365 626 3439 identidem
645 3369 820 3465 usurpavit
838 3368 879 3439 ad
899 3369 1037 3441 iteratas
1056 3369 1186 3467 cupias
1209 3367 1265 3439 de-

140 3481 354 3579 primendas,
375 3482 423 3553 uti
446 3507 522 3553 cum
544 3507 602 3554 eas
626 3499 722 3555 vocat
743 3483 895 3556 mitiores
916 3484 1189 3579 prostitutiones,
1211 3496 1267 3555 eut

217 3683 284 3744 (too)
298 3684 328 3732 N.
345 3688 370 3732 e.
384 3681 423 3732 etl.
437 3682 479 3731 cit.
493 3682 541 3731 rot.
558 3689 612 3732 see.
627 3684 701 3745 atque
718 3682 758 3733 nio
774 3683 853 3733 obiter
877 3686 952 3745 uoto,
975 3682 1043 3745 quod
1065 3686 1141 3733 autea
1161 3683 1268 3734 indicari

139 3763 221 3825 ipsum
240 3763 411 3824 argumentum
431 3761 553 3824 prolatum
574 3761 674 3811 luisses
693 3763 862 3824 Tertulliano,
883 3765 958 3825 etque
969 3762 1026 3811 iude
1043 3773 1059 3811 a
1078 3776 1099 3813 e.
1116 3765 1268 3827 Hieronymo

139 3840 297 3906 desumptum
311 3841 369 3892 licet
388 3840 436 3890 fine
456 3840 592 3904 spirituque
611 3841 717 3891 diuerso.
739 3842 780 3892 sio
795 3842 861 3891 enim
886 3841 1081 3891 ratiocinabatur
1100 3844 1270 3894 Tertufflenet

140 3919 219 3971 inlib.
233 3923 270 3970 De
284 3919 468 3970 exhortatione
484 3922 571 3969 castil.
589 3922 617 3969 ut
638 3920 774 3971 adstrueret
789 3921 924 3971 universim
946 3921 1119 3984 monogamiae
1136 3923 1267 3975 omitt·

137 4002 204 4052 tem:
223 4001 337 4049 «omues
347 4010 392 4048 nos
403 4001 468 4048 Deus
479 3999 533 4047 ruit
542 3998 673 4062 dispositos
692 4012 762 4062 esse,
779 4003 807 4050 ut
821 3999 912 4063 ubique
927 4001 1090 4059 sacramentis
1110 4001 1167 4052 eius
1179 4003 1268 4054 obeun·

137 4078 178 4128 die
190 4078 240 4142 epti
249 4077 336 4128 simne.
349 4079 513 4139 Uononem,
526 4077 661 4138 uuunder,
680 4091 729 4128 uun
744 4080 768 4127 et
780 4078 919 4143 discipline.
935 4082 1020 4143 Usque
1037 4080 1102 4132 adeo
1113 4083 1165 4133 niel
1176 4085 1206 4133 et
1215 4080 1268 4133 leltl

141 4158 316 4208 monument
334 4169 378 4220 per
396 4168 460 4219 quac
480 4156 612 4219 presbyteri
634 4157 799 4220 edleguntur,
819 4157 945 4219 quomodo
965 4160 1040 4210 erunt
1055 4160 1210 4225 presbyteri,
1226 4158 1266 4223 qui

144 4236 175 4286 tle
188 4236 257 4286 luicis
272 4236 456 4298 adleguuturi»
1237 4283 1240 4288 .

220 4318 285 4377 (tot)
302 4319 359 4365 Luc.
375 4315 418 4363 cit.
437 4315 461 4362 in
480 4315 566 4364 leretur.
