2842 5056
233 378 302 428 aar.
319 378 353 428 ιι.
371 378 411 426 ne
424 376 536 427 tuntas.
554 375 647 425 vura.
665 375 696 423 ia
712 374 925 423 crusmata.
944 372 1012 422 aar.
1030 328 1080 422 rui
1148 350 1216 419 225

106 493 253 568 sedeam
268 520 333 568 non
352 494 477 593 patitur
494 509 685 578 contextus,
709 517 816 590 neque
836 516 959 587 scopus
975 488 1098 561 Christi
1117 489 1221 561 disci-

105 610 202 708 pulos
228 610 441 708 alloquentis
471 609 513 681 ltt
537 605 686 681 haedde
711 609 832 682 llarco

178 726 227 796 hd
254 742 375 798 textum
405 751 484 799 vero
509 727 616 799 lucae
642 725 723 796 lllll.
750 726 809 795 18.
839 722 928 822 quod
949 724 1089 806 attinet
1119 722 1147 794 is
1175 722 1222 794 ita

106 868 143 913 se
166 840 288 913 habet:
313 841 481 925 «Omnis,
504 867 565 939 qur
556 839 721 912 dimittit
736 864 873 911 uxorem
895 864 1011 922 suam,
1032 853 1066 909 et
1082 838 1220 910 alteram

105 955 215 1039 ducit,
237 955 455 1040 moechatur,
484 970 518 1027 et
541 955 599 1053 qui
625 953 803 1025 dimissam
829 951 939 1036 ducit,
974 951 1220 1023 moechatur.»

107 1068 196 1141 llaec
215 1068 318 1141 verba
335 1067 524 1141 clarissima
540 1083 637 1153 sunt,
659 1093 698 1139 ac
716 1066 934 1139 divortiorum
954 1081 1112 1164 patronos
1132 1090 1224 1162 pror-

107 1210 165 1256 sus
191 1184 370 1283 perimunt.
398 1183 460 1256 Ast
484 1183 548 1255 hcc
571 1183 646 1282 ipsu
670 1181 810 1255 technas
839 1206 956 1254 omnes
982 1181 1156 1279 inquirunt
1178 1180 1224 1252 ad

107 1324 221 1371 eorum
244 1299 314 1370 vim
339 1299 550 1372 eludendam.
584 1298 688 1384 Aiunt
710 1299 800 1370 enim
826 1296 927 1369 veluti
950 1322 990 1368 ex
1017 1295 1159 1394 abrupto
1183 1321 1224 1367 ea

107 1440 128 1484 a
153 1415 241 1486 Luca
270 1414 385 1487 relerri
414 1414 544 1513 absque
572 1412 640 1486 ullo
671 1437 755 1486 nexu
783 1437 859 1485 cum
890 1411 1165 1485 antecedentibus
1191 1426 1226 1482 et

109 1529 413 1627 consequentibus,
436 1555 523 1629 quae
549 1545 628 1602 sunt
652 1526 832 1626 parabolae
857 1527 900 1600 de
929 1525 1041 1600 villico
1065 1526 1225 1624 iniquita-

110 1645 152 1715 tis
178 1660 211 1715 et
238 1643 280 1716 de
305 1644 407 1718 divite
433 1645 588 1744 epulone.
619 1647 701 1718 ltem
729 1644 898 1717 concisam
924 1643 1025 1715 nimis
1050 1667 1125 1714 eam
1149 1666 1227 1714 esse

110 1757 334 1843 sententiam,
363 1785 449 1857 quae
479 1774 654 1857 propterea
685 1773 892 1856 pertextam
919 1756 1076 1829 llattbaei
1103 1755 1226 1854 exponi

109 1870 252 1956 debeat,
280 1872 436 1971 apposita
462 1871 616 1946 clausula
641 1871 684 1945 de
709 1871 939 1945 fornicatione.
974 1871 1127 1968 Denique
1152 1894 1227 1942 eam

110 1987 153 2058 ad
186 1987 271 2057 nihil
310 1988 471 2060 inservire
510 1989 544 2058 in
582 1989 781 2086 quaestione
809 1987 853 2059 de
886 1984 1097 2058 matrimonio
1130 2011 1229 2057 enar·

113 2102 218 2174 tanda
238 2105 351 2198 (108).

195 2219 312 2290 Verum
342 2220 511 2292 enimvero
543 2219 576 2290 id
609 2220 747 2318 perinde
772 2234 823 2293 est
848 2245 888 2292 ae
921 2219 1005 2291 dare'
1033 2244 1153 2290 manus
1183 2219 1230 2289 vi*

111 2351 194 2419 ctas,
213 2360 274 2406 nec
287 2334 389 2406 ullam
404 2360 480 2407 csse
497 2336 599 2420 viam,
622 2358 690 2433 qua
709 2361 747 2408 se
767 2334 967 2433 expediant,
989 2348 1103 2432 aperte
1117 2333 1226 2407 lateri.'
1253 2350 1257 2358 '

113 2449 229 2547 ltaque
248 2447 467 2547 primo'lalso
497 2467 677 2522 assumunt
703 2450 766 2522 hoc
792 2449 917 2523 Christi
942 2448 1103 2534 effatum,
1134 2449 1232 2546 prout

112 2590 133 2634 a
165 2565 254 2637 Luca
285 2565 449 2649 refertur,
487 2564 579 2637 nullo
612 2591 699 2637 nexu
735 2591 810 2637 eum
845 2563 1122 2662 praecedentibus
1151 2587 1232 2635 cou-

113 2678 223 2775 iungi,
254 2705 358 2779 quum
384 2679 497 2774 potius
522 2694 635 2777 pateat
659 2679 742 2752 illud
760 2679 885 2777 optime
905 2703 980 2750 cum
1009 2675 1233 2777 praecedenti·

115 2793 178 2865 bus
200 2793 398 2880 ecbaemre;
421 2794 542 2866 lalaum
559 2795 639 2867 item
657 2795 760 2868 estin
780 2793 1057 2893 praecedentibus
1075 2791 1123 2863 nil
1140 2790 1232 2863 aliud

114 2904 243 2993 heberi,
259 2926 391 3007 praeter
409 2906 603 3006 parabolam
621 2909 665 2981 de
681 2908 795 2982 villico
813 2909 1001 3008 iniquitatis
1019 2937 1026 2993 ;
1047 2905 1233 3005 postillam

114 3023 204 3093 enim
221 3022 351 3096 dixerat
363 3023 540 3096 Christus:
561 3025 656 3097 «Lex
673 3040 706 3096 et
724 3022 926 3122 prophetae,
948 3048 1057 3120 usque
1075 3020 1118 3094 ad
1137 3022 1234 3094 luun-

116 3164 207 3209 nem:
226 3164 267 3210 en
279 3165 320 3211 eo
333 3165 472 3235 mgnum
486 3138 546 3210 Dei
561 3137 826 3236 evangelizatur,
843 3155 876 3211 et
892 3138 1002 3212 omnis
1016 3138 1051 3209 in
1066 3137 1152 3208 illud
1165 3137 1233 3208 mm

116 3250 208 3323 lacit.
229 3252 374 3324 Facilius
388 3269 440 3326 est
456 3269 567 3326 autem
585 3252 717 3327 coelum
735 3270 768 3325 et
782 3269 903 3326 terram
923 3253 1115 3350 praeterire,
1132 3276 1235 3349 quam

116 3364 159 3438 de
176 3366 250 3463 lege
272 3394 378 3439 unum
400 3369 529 3468 apicem
547 3369 718 3455 cadere;»
740 3369 862 3441 deinde
875 3368 1012 3442 subdit:
1036 3369 1150 3441 Omnis
1167 3381 1231 3440 etc.

118 3480 280 3569 Quaestio
297 3484 411 3583 itaque
437 3484 651 3559 discutienda
668 3503 721 3558 est
735 3485 779 3557 de
797 3511 943 3583 quanam
961 3484 1035 3581 lege
1051 3484 1128 3556 heic
1143 3480 1238 3554 chri-

118 3613 190 3668 stus
217 3587 418 3672 mentionem
445 3600 585 3686 lecerit‚
606 3601 649 3674 de
674 3601 772 3674 cuius
800 3599 1014 3698 implemento
1038 3599 1081 3671 ad
1106 3598 1237 3696 apicem

118 3734 228 3808 usque
252 3739 362 3786 sermo
388 3714 543 3789 habetur.
574 3718 675 3790 Porro
692 3716 830 3788 'nullum
861 3715 1001 3788 dubium
1024 3714 1101 3788 heic
1118 3713 1179 3810 agi
1195 3712 1238 3786 de

119 3825 244 3898 vinculi
263 3830 451 3925 coniugalis
470 3832 693 3930 perennitate,
710 3833 863 3932 adeoque
882 3832 925 3905 de
942 3829 1027 3928 lege,
1048 3856 1137 3929 quae
1150 3831 1239 3902 eius·

120 3938 197 4010 dem
221 3941 347 4014 vinculi
376 3969 555 4041 perennem
574 3946 904 4020 indissolubilitatem
923 3945 1098 4019 constituit
1114 4001 1122 4029 ,
1140 3945 1186 4017 ita
1203 3959 1240 4015 ut

121 4078 231 4153 neque
256 4055 290 4127 in
315 4081 397 4130 casu
416 4059 640 4157 separationis
658 4085 720 4133 seu
737 4059 966 4144 dimissionis,
988 4058 1032 4132 ad
1053 4082 1157 4131 novas
1181 4082 1240 4128 nu·

192 4244 257 4306 (tot)
272 4247 309 4294 tto
331 4247 521 4309 Hamnrondus,
543 4250 718 4312 lteuurannus,
744 4253 818 4312 Pott;
840 4251 973 4301 Christian.
998 4248 1117 4308 Mallia,
1134 4259 1240 4310 quorum

120 4323 229 4373 omnium
245 4326 396 4387 metendae,
418 4340 462 4378 uec
479 4339 529 4378 non
552 4326 674 4379 Kulno'elll
686 4329 785 4394 copiose
794 4330 868 4382 refert
879 4329 1025 4393 norkovlny
1038 4327 1061 4392 ς.
1074 4331 1113 4378 et.

203 4431 242 4484 lll
1161 4438 1193 4487 ts
