2842 5056
200 378 269 430 cnr.
284 378 327 427 rr.
346 379 384 428 na
397 378 508 429 omae.
526 377 756 430 enarrarem.
772 378 916 431 rmnanr.
934 380 1006 431 aar.
1019 381 1053 433 n.
1124 362 1193 435 ill

80 497 195 597 pedire
220 523 287 570 non
314 512 441 596 potest,
466 513 563 597 prout
588 496 730 584 stolia,
760 525 848 597 quae
873 514 990 573 contra
1007 499 1059 574 las
1082 518 1117 574 et
1140 504 1196 578 ius

80 612 165 687 fiunt
181 613 215 683 in
241 613 475 686 communione
496 629 653 711 separata
664 614 702 686 'et
714 613 920 701 acatholica,
948 615 1009 688 sed
1031 641 1097 690 non
1120 616 1202 693 ideo.

79 744 192 799 tamen
218 752 258 798 ea
283 726 424 825 probat,
453 727 512 800 sed
545 744 706 827 quantum
739 727 773 799 in
804 754 843 801 se
872 745 942 817 est,
973 730 1140 828 improbat
1164 749 1198 808 et

79 842 292 914 condemnat.
311 842 348 912 Si
365 866 444 914 vero
468 868 579 914 sermo
603 842 648 915 sit
672 841 715 914 de
740 843 869 938 graecis
887 843 1010 932 unitis,
1031 871 1108 918 cum
1128 847 1195 946 ipsi

80 957 300 1054 profiteantur
322 983 360 1029 se
384 983 451 1030 non
477 983 575 1030 secus
600 984 641 1030 ac
666 956 786 1056 reliqui
813 957 968 1031 catholici
994 985 1111 1034 omnes
1136 961 1203 1035 ob·*¹

80 1072 176 1169 sequi
203 1073 324 1144 canoni
344 1071 524 1144 tridentino
551 1088 655 1171 atque
679 1072 973 1146 constitutionibus
990 1076 1193 1174 pontificiis«,

81 1186 277 1283 praesertim
302 1212 395 1284 quae.
415 1212 474 1286 pro
500 1185 628 1260 obiecto
652 1185 779 1260 habent
796 1187 897 1259 fidem
915 1203 948 1261 et
968 1214 1097 1277 mores,
1120 1218 1199 1290 pro·

82 1298 167 1372 lecto
194 1298 287 1371 nulla
314 1299 442 1372 ratione
469 1326 488 1373 a
512 1300 604 1397 gravi
632 1301 731 1401 culpa
755 1301 908 1375 excusari
933 1318 1106 1401 poterunt,
1129 1305 1196 1380 nisi

81 1413 213 1486 illorum
240 1413 561 1512 praescriptionibus
586 1441 624 1488 se
648 1415 865 1489 conforment.

153 1530 202 1599 Ex
232 1529 288 1601 his
314 1554 456 1627 pronum
485 1546 536 1602 est
560 1529 702 1616 inferre,
731 1529 812 1629 quid
844 1529 1056 1604 sentiendum
1081 1531 1128 1606 sit
1151 1531 1196 1606 de

86 1644 200 1743 praxi,
229 1669 330 1741 quam
356 1659 472 1716 auctor
496 1644 538 1717 de
563 1670 605 1717 re.
624 1646 884 1718 sacramentaria
903 1646 1054 1743 viguisse
1078 1646 1199 1721 scribit

82 1757 168 1829 inter
184 1783 320 1853 graecos
343 1756 455 1830 latinis
473 1759 574 1830 etiam
591 1759 759 1858 episcopis
781 1759 963 1833 subiectos.
994 1760 1121 1834 Profert
1138 1761 1195 1835 bie

81 1887 198 1943 auctor
222 1871 256 1942 in
285 1870 467 1969 provinciis
491 1886 523 1944 et
549 1871 762 1944 dioecesibus
786 1871 846 1944 ubi
871 1872 982 1970 graeci
1007 1873 1122 1947 latinis
1139 1874 1198 1947 ad-.

82 1987 176 2059 mixti
191 2003 286 2073 sunt,
304 2001 337 2059 et
349 1987 504 2086 proprias
523 1987 649 2060 habent
663 1987 846 2075 ecclesias,
863 1988 1010 2062 alatinis
1029 1990 1197 2090 episcopis

82 2102 206 2201 quibus
225 2101 466 2190 subiiciuntur‚
496 2103 581 2175 nihil
606 2103 796 2176 ordinatum
820 2103 958 2201 reperiri
982 2110 1097 2178 cantra
1115 2105 1198 2178 anti-

82 2244 183 2317 quam
201 2217 292 2289 illam
306 2242 407 2316 quam
424 2218 588 2291 hactenus
608 2219 814 2291 retinuerunt
830 2218 1043 2291 matrimonia
1061 2234 1197 2319 propter

82 2331 283 2405 adulterium
302 2329 481 2403 dirimendi
499 2331 793 2419 consuetudinem,
813 2357 854 2404 ac
870 2331 906 2403 in
925 2331 1098 2431 synodicis
1122 2347 1197 2405 tan·

83 2465 153 2520 tum
179 2446 473 2520 constitutionibus
502 2462 636 2519 cautum
667 2472 763 2533 esse,
792 2472 834 2518 ne
863 2446 976 2519 mariti
1001 2447 1200 2521 auctoritate

83 2561 233 2662 propria,
256 2559 416 2659 nullaque
433 2560 620 2658 praemissa
636 2560 742 2632 forma
759 2559 875 2632 iudicii
894 2585 1015 2633 uxores
1040 2560 1197 2634 adulterii

83 2691 256 2777 praetextu
280 2672 504 2762 dimitterent,
531 2691 564 2747 et
588 2675 684 2748 novis
711 2673 871 2772 deinceps
895 2674 1056 2749 uxoribus
1086 2676 1201 2773 iunge-

84 2806 209 2862 rentur.
238 2789 275 2860 ln
302 2789 400 2861 cuius
426 2789 473 2860 rai
499 2788 785 2862 confirmationem
812 2787 911 2860 refert
934 2788 1027 2861 card.
1057 2789 1201 2863 Moutal-

84 2920 153 2978 tum
187 2903 460 2999 Montis-Regalis
494 2903 529 2974 in
554 2903 668 2975 Sicilia
692 2903 986 3002 archiepiscopum
1007 2903 1043 2975 in
1069 2905 1200 3004 synodo

84 3016 282 3118 provinciali
312 3043 368 3089 an.
397 3018 504 3088 rote.
534 3016 650 3090 habita
679 3017 744 3090 hoc
774 3032 902 3089 tuntum
935 3017 978 3090 de
1002 3042 1198 3115 graecorum

84 3132 307 3207 matrimoniis
324 3131 530 3205 decrevisse:
556 3134 664 3204 «Tam
681 3131 780 3206 facile
797 3130 909 3204 dirimi
928 3133 1014 3206 inter
1039 3134 1200 3232 coniuges

84 3273 223 3345 graecos
240 3247 453 3321 matrimonia
471 3247 658 3347 approbare
675 3246 766 3320 nullo
784 3247 883 3321 modo
908 3247 1090 3323 debemus:
1112 3249 1200 3324 ideo

82 3389 152 3463 que
165 3364 225 3434 liae
238 3389 337 3460 usqae
354 3363 460 3461 [actos
477 3364 695 3460 separationes
712 3362 819 3461 quoad
836 3365 1003 3436 vineatam
1014 3367 1200 3439 ectraiadi·

85 3478 215 3549 cialiter
227 3492 258 3549 et
271 3479 459 3550 auctoritate
467 3478 606 3576 propria
618 3477 729 3549 oollae
741 3478 843 3576 [aiom
863 3477 1073 3555 declaramus
1083 3483 1197 3577 (46).»

87 3595 177 3667 Haec
195 3593 271 3693 ipsa
288 3620 327 3664 ex
345 3592 410 3665 hoc
427 3609 561 3666 auctore
587 3593 685 3665 refert
703 3592 808 3666 Collet
825 3609 926 3692 atque
947 3595 1135 3695 approbare
1155 3597 1202 3669 vi·

86 3708 185 3781 detur
204 3710 292 3803 (Π).
314 3707 355 3780 dt
372 3733 433 3781 nos
451 3707 606 3807 quamvis
625 3708 708 3780 haec
724 3708 902 3782 verissime
927 3709 969 3781 ab
987 3708 1052 3782 hoc
1068 3725 1201 3783 auctore

87 3821 247 3895 historice
271 3821 374 3895 relata
406 3821 657 3909 existimemus,
686 3821 778 3895 nulla
803 3822 931 3896 ratione
955 3821 1097 3921 probare
1122 3847 1201 3922 pos·

87 3965 218 4012 sumus.

161 4053 351 4140 Quominus
379 4054 469 4127 enim
500 4080 561 4128 nos
587 4053 666 4128 huic
690 4055 802 4155 praxi,
833 4055 956 4154 hisque
979 4051 1201 4152 synodalibus

164 4238 214 4299 (aa)
230 4237 324 4287 ornain
341 4237 384 4288 nn.
398 4239 440 4288 ra.
455 4251 478 4288 c.
492 4239 513 4287 1.
527 4237 550 4301 ς.
565 4245 589 4288 a
602 4251 626 4300 p.
643 4242 697 4289 am.
710 4213 750 4288 io.
765 4238 852 4290 vana.

166 4319 216 4380 (lt)
231 4320 301 4368 Tam.
317 4318 382 4368 vm.
398 4321 433 4367 De
452 4330 520 4368 sacr.
533 4318 652 4368 mamm.
664 4330 686 4368 c.
698 4317 729 4366 V.
743 4319 789 4367 art.
803 4325 825 4369 a.
839 4331 864 4366 n.
878 4321 932 4368 att·
