2796 5064
148 347 194 418 dd
316 370 377 418 mn.
400 368 447 419 nr.
466 368 554 418 secr.
575 368 598 418 ι.
619 368 659 418 or
677 370 772 419 narn.
788 370 911 420 cnarsr.
930 370 1079 422 uurrirn.

562 547 769 605 annicetus
789 547 840 602 ΙΙΙ.

151 695 321 774 Polygamta
342 691 515 752 simuttunaa
536 693 597 751 ture
614 691 715 750 divino
733 693 858 767 postam
879 692 1151 772 anteEvangellum
1171 696 1256 757 abac·

221 793 280 851 tute
301 792 390 851 vetita
411 805 469 848 uon
492 788 658 883 possediat
684 789 820 864 videtur,
851 805 905 848 neo
940 791 1062 865 proinde
1089 797 1253 854 necesaria

220 888 321 947 dtvtna
338 886 530 963 dispensatio,
549 891 583 947 ut
604 891 733 945 veterum
751 885 918 962 polygamta
930 901 948 944 a
959 888 1080 948 orlmlne
1092 895 1197 949 oontm
1211 893 1256 951 tus

116 992 120 1001 '
220 985 351 1046 naturate
371 984 415 1044 vel
435 983 568 1044 divinum
587 982 771 1042 defendatur.

217 1141 364 1215 lnficiari
381 1166 448 1215 non
467 1165 647 1239 possumus
667 1138 906 1238 polygamiam,
926 1165 1014 1240 quae
1027 1140 1175 1216 obtinuit
1193 1144 1259 1244 pri

144 1258 270 1333 maenis
296 1256 521 1356 temporibus,
543 1253 666 1328 deinde
681 1280 760 1329 varo
779 1253 842 1327 sub
860 1253 934 1352 lege
951 1256 1119 1344 mosaica,
1142 1258 1258 1331 minus

144 1372 248 1448 fuisse
261 1372 464 1447 conformem
477 1370 614 1444 divinae
626 1369 828 1443 matrimonii
844 1368 1058 1458 institutioni,
1068 1372 1258 1470 quinimmo

142 1488 186 1562 ab
203 1515 243 1562 ea
264 1487 474 1575 declinasse;
504 1503 573 1560 tum
599 1486 700 1559 etiam
726 1511 793 1558 non
820 1484 1004 1584 quamlibet
1029 1487 1257 1588 polygamiam

143 1605 249 1679 inisse
280 1604 504 1704 permissam,
547 1602 607 1675 sed
636 1628 709 1675 eam
739 1600 877 1688 solam,
916 1628 1003 1701 quaa
1032 1603 1119 1676 intra
1150 1620 1258 1678 certos

143 1720 247 1807 fines,
268 1746 308 1794 ac
325 1718 529 1819 quibusdam
551 1718 615 1792 sub
640 1716 890 1792 conditionibus
912 1718 1064 1792 iniretur.
1087 1719 1125 1792 ld
1145 1721 1256 1794 solnm

141 1834 285 1908 dicimus
300 1832 425 1908 nullam
439 1859 597 1933 expresse
609 1832 717 1930 legem
731 1834 829 1907 abeo
841 1833 953 1908 datam
967 1834 1072 1909 inisse
1085 1862 1155 1935 qua
1164 1837 1257 1937 poly-

139 1951 252 2048 gamia
270 1964 449 2037 vetaretur,
463 1949 509 2023 ita
522 1965 560 2022 ut
572 1947 664 2022 nullo
686 1948 721 2020 in
741 1974 821 2024 casu
841 1949 971 2048 absque
987 1949 1103 2022 diuina
1120 1949 1257 2051 dispen-

140 2065 271 2140 satione
295 2064 386 2138 licita
412 2064 530 2152 suerit,
556 2091 596 2138 ac
624 2064 671 2137 rei
701 2064 843 2138 violatae
867 2065 953 2161 legis
978 2065 1113 2140 divinae
1136 2066 1255 2141 extite-

142 2180 208 2253 rint
223 2195 387 2281 quotquot
411 2179 504 2253 iilam
530 2180 835 2280 frequentaverunt.

213 2296 304 2369 Haec
325 2297 488 2382 assertio,
509 2312 546 2369 ut
562 2312 671 2395 patet,
692 2322 782 2370 mere
807 2299 922 2369 critico
947 2313 1018 2384 ast,
1047 2313 1150 2397 atque
1175 2325 1254 2399 spe·

140 2411 303 2500 celativa,
323 2439 412 2512 quaa
432 2410 561 2485 nullum
586 2411 697 2485 locum
723 2427 801 2511 post
824 2412 1051 2510 evangelicam
1068 2412 1196 2510 legem,
1218 2431 1255 2487 ut

139 2528 299 2626 deinceps
332 2527 571 2612 ostendemus,
602 2527 727 2601 habere
753 2543 882 2628 potest,
910 2545 1013 2628 atque
1038 2529 1252 2628 potissimum

139 2668 179 2717 eo
203 2658 352 2742 spectat,
380 2657 418 2715 ut
442 2641 587 2714 ualidius
615 2641 786 2714 refellatur
810 2642 989 2728 Calvinus,
1019 2643 1161 2743 eiusque
1187 2644 1252 2717 bac

138 2759 175 2829 in
195 2785 231 2830 re
250 2757 381 2832 assecla
407 2773 439 2830 et
463 2757 691 2857 patrocinator
715 2756 873 2857 Baylius,
902 2759 961 2857 qui
986 2757 1111 2832 vellant
1136 2761 1252 2834 tradu-

138 2873 446 2972 compatriarchae
471 2899 545 2948 reos
571 2872 686 2948 violati
714 2898 780 2947 non
812 2872 925 2947 minus
956 2873 1119 2948 naturalis
1148 2902 1250 2975 qnam

138 2988 243 3064 divini
269 2989 353 3063 iuris
370 2992 459 3086 (78).

211 3103 393 3200 Loquimur
418 3130 515 3203 porro
540 3103 583 3176 da
610 3102 684 3201 lege
709 3129 879 3204 cupresso,
901 3129 989 3202 quae
1009 3104 1088 3177 data
1109 3103 1252 3204 positive

139 3242 159 3290 a
176 3216 246 3289 Deo
262 3216 362 3289 fuerit
377 3216 421 3288 ad
438 3215 614 3291 retundam
642 3216 869 3318 polygamiam
896 3217 1150 3305 simultaneam3
1171 3245 1250 3292 uam

138 3355 235 3404 nemo
252 3329 384 3403 inficias
402 3329 478 3417 ibit,
496 3356 626 3431 nosque
644 3331 782 3430 saepius
800 3332 1049 3420 adstruximus,
1070 3331 1246 3431 implicita,

138 3463 174 3520 ut
197 3447 311 3534 aiunt,
339 3473 413 3520 eam
440 3446 546 3545 legem
572 3448 738 3522 contineri
763 3449 799 3521 in
825 3449 901 3549 ipsa
925 3450 1109 3548 originaria
1134 3438 1250 3525 matriss

138 3563 240 3636 monii
270 3562 501 3649 institutione,
530 3589 619 3663 qnae
649 3565 805 3664 praebuit
837 3566 1090 3639 fundamentum
1115 3565 1250 3640 Christo

136 3679 296 3766 Domino,
311 3694 349 3751 ut
360 3679 610 3753 matrimonium
623 3679 666 3752 ad
680 3682 926 3778 monogamiam
945 3697 1129 3768 revocaret,
1151 3699 1250 3781 prout

138 3792 306 3892 primitiva
331 3794 533 3869 matrimonii
560 3795 726 3870 institutio
751 3796 956 3896 postulabat.

210 3905 311 3980 Hisce
335 3907 381 3980 itu
405 3908 612 4008 explanatis,
642 3910 866 4011 polygamiam
888 3910 975 3982 intra
1000 3926 1108 3985 certos
1135 3912 1243 4000 fines,

138 4020 412 4108 maledicenda,
441 4022 555 4098 divino
582 4025 726 4123 positivo
752 4025 824 4097 iure
849 4024 1036 4123 antiquitus
1055 4051 1120 4099 non
1139 4026 1247 4101 fuisse

208 4238 258 4298 (78)
272 4238 391 4288 calvinus
406 4239 452 4289 loc.
465 4240 505 4290 cit.
519 4239 591 4302 Baylc
605 4241 857 4303 monumentique
872 4243 897 4290 at
909 4239 1000 4291 histor.
1014 4244 1058 4291 art.
1075 4245 1141 4290 Sora
1160 4244 1212 4292 rtet.
1225 4245 1244 4290 1.

138 4317 198 4364 ttenn
219 4315 244 4364 in
264 4319 310 4367 art.
324 4319 402 4380 Aper.
