2796 5064
227 347 296 418 226
372 365 737 421 naturamnatural.
758 365 798 414 ur
816 362 928 414 inuras.
950 363 1046 414 arra.
1069 361 1199 412 oumsr.

230 486 318 585 ptias
344 482 488 558 transire
510 481 620 555 lieeat.
642 481 724 554 Cum
751 506 830 555 vero
847 477 1043 553 huiusmodi
1064 479 1100 551 in
1119 494 1189 554 tota
1206 479 1351 552 mosaieu

231 600 427 672 oeconomia
445 595 599 697 nuspiam
621 612 799 696 appareat,
828 591 1080 670 dioendumest
1096 591 1198 667 aliam
1215 619 1295 667 esse
1310 592 1350 666 le

200 766 201 770 η
231 739 327 811 gem,
349 711 511 811 adquam
530 708 587 784 hio
610 710 705 784 lesus
723 709 894 809 respexit,
923 706 1082 782 nimirum
1108 705 1224 795 illam,
1251 733 1347 807 quam

231 830 266 901 in
291 853 354 902 suo
374 852 450 901 eum
477 825 668 926 pharisaeis
693 824 862 926 oolloquio
884 823 1005 898 iisdem
1031 823 1068 896 in
1092 823 1290 898 memoriam
1307 849 1348 896 re

231 942 379 1028 vocarit,
399 957 433 1016 et
455 941 617 1041 adquam
638 939 849 1016 matrimonia
868 965 1009 1014 suorum
1031 937 1183 1013 fidelium
1208 937 1244 1010 in
1269 963 1346 1011 nora

229 1056 304 1156 lege
329 1055 530 1129 oonlormari
556 1053 673 1130 uoluit.
703 1055 752 1128 lla
776 1069 888 1129 autem
912 1053 1057 1128 babetur
1080 1052 1203 1128 (leues.
1224 1052 1269 1127 ll.
1289 1053 1342 1124 dl.

230 1171 346 1246 inillis
359 1170 471 1245 uerbis
484 1169 528 1245 ab
541 1169 666 1259 Adam,
686 1171 756 1246 Deo
777 1170 988 1271 inspirante,
1009 1167 1167 1270 prolatis:
1191 1168 1345 1268 «Propter

230 1286 294 1360 hoo
311 1284 456 1359 dimittet
478 1284 577 1361 homo
595 1300 723 1384 patrem
740 1311 858 1372 suum,
880 1298 912 1359 et
927 1299 1080 1371 matrem,
1101 1299 1136 1357 et
1151 1279 1342 1356 adhaerabit

231 1402 326 1476 uxori
343 1427 445 1488 suae,
472 1416 506 1475 et
521 1416 620 1473 amnt
649 1398 720 1473 duo
752 1401 788 1472 in
822 1425 923 1474 earne
950 1424 1062 1473 una.»
1091 1396 1225 1485 Quibus
1243 1395 1342 1470 verbio

231 1517 327 1591 lesus
352 1513 469 1588 blatth.
485 1514 572 1586 xlx.
596 1515 630 1586 t.
651 1512 792 1588 adieoit:
818 1512 1050 1614 «Itaqueiam
1074 1537 1142 1587 nou
1164 1528 1248 1587 sunt
1262 1511 1339 1594 duo,

231 1631 290 1706 aad
312 1656 382 1704 una
407 1655 497 1704 earo.
528 1627 626 1716 Quod
651 1654 731 1727 ergo
755 1629 847 1704 Deus
871 1629 1064 1717 coniunxit,
1091 1627 1192 1703 homo
1219 1652 1286 1700 non
1301 1650 1342 1699 se

232 1761 368 1844 paret.»
397 1744 487 1817 liaeo
511 1742 563 1816 lex
587 1740 645 1816 illa
671 1759 724 1817 est
747 1769 768 1817 a
794 1743 944 1831 iudaeis,
975 1744 1067 1817 blosa
1091 1742 1170 1842 ipso
1186 1755 1342 1816 annuente

232 1857 275 1934 ob
299 1856 460 1933 duritiam
485 1855 598 1931 cordis
623 1883 760 1944 eorum,
790 1857 959 1956 neglecta,
982 1883 1085 1958 quam
1111 1858 1208 1932 lesus
1226 1856 1269 1930 ad
1286 1853 1344 1954 pri·

234 1975 360 2050 stiuam
385 1973 608 2073 integritatem
634 1998 790 2048 revocem
813 1974 931 2048 voluit.

307 2092 376 2164 lam
389 2116 485 2178 vero,
500 2090 535 2162 in
554 2088 736 2194 hypothesi
750 2089 1041 2178 adversariorum,
1058 2089 1117 2190 qui
1134 2088 1239 2162 etiam
1252 2083 1342 2161 textui

234 2206 342 2279 Lucae
367 2205 540 2292 inserere,
569 2229 629 2277 seu
659 2203 770 2305 potius
797 2202 971 2278 intrudere
993 2202 1118 2278 vellent
1142 2200 1236 2277 illam
1262 2224 1345 2275 exou-

233 2319 399 2420 ptionem,
422 2320 491 2391 nisi
508 2319 548 2392 oh
565 2319 836 2419 fornicationem,
856 2318 947 2394 utin
963 2344 1047 2394 oasa
1063 2315 1223 2392 adulterii
1242 2312 1346 2389 matri·

233 2433 337 2507 monii
362 2431 534 2507 vinculum
560 2431 834 2534 abrumperetur,
859 2434 942 2508 illud
960 2432 1051 2534 quod
1065 2432 1224 2508 Christus
1241 2458 1276 2505 v.
1295 2430 1343 2502 ll.

233 2548 492 2649 pronunciavit:
526 2578 543 2618 a
560 2547 706 2623 Facilius
722 2566 775 2625 est
791 2566 902 2623 autem
921 2549 1051 2623 eaelum
1068 2564 1102 2623 et
1118 2563 1244 2622 terram
1263 2570 1346 2647 prae·

234 2661 350 2750 tenire,
379 2690 481 2764 quam
507 2663 550 2737 de
577 2662 650 2761 lege
675 2690 779 2737 unum
797 2663 927 2764 apioem
953 2663 1073 2738 cadere
1092 2689 1192 2736 «non
1212 2660 1346 2763 amplius

235 2777 452 2866 subsisteret;
473 2803 536 2852 neo
552 2777 654 2852 verba
672 2779 766 2866 lesu,
791 2778 916 2878 quihus
939 2779 1029 2881 apud
1047 2777 1256 2853 Matthaaum
1278 2775 1346 2876 pha·

235 2894 361 2967 risaeos
384 2893 426 2967 ad
454 2892 659 2993 primaevam
680 2892 883 2967 matrimonii
902 2894 1145 2969 institutionem
1165 2889 1341 2971 maneant.

233 3007 501 3095 verificarentur,
519 3033 581 3081 neo
594 3033 732 3080 sensum
745 3007 958 3081 commodum
972 3007 1160 3082 funderent.
1183 3005 1344 3107 Siquidem

236 3122 326 3196 iuxta
338 3123 551 3197 adversarios
564 3121 666 3196 verba
678 3121 894 3196 MatthlllX.
914 3123 934 3195 b
949 3149 1046 3224 seqq.
1062 3121 1137 3197 Non
1152 3122 1281 3221 legistis
1291 3135 1342 3193 ato,

235 3237 374 3310 minime
396 3238 626 3335 significarent
642 3237 890 3336 oppositionem
914 3239 1001 3312 inter
1022 3236 1130 3335 legem
1152 3235 1343 3336 primitivam

236 3351 439 3425 matrimonii
465 3367 498 3424 et
514 3351 615 3425 aliam
633 3353 852 3451 posteriorem
869 3379 911 3426 ex
928 3353 1056 3453 bloysis
1073 3349 1344 3427 conniventiam

235 3463 384 3538 ductum.
412 3463 565 3540 Attamen
591 3464 679 3539 hano
704 3466 950 3565 oppositionem
969 3465 1161 3541 necessario
1179 3465 1344 3564 designare

235 3577 378 3665 debent,
411 3605 488 3652 cum
514 3596 627 3679 aperta
653 3580 777 3655 dixerit
803 3580 982 3667 Christum
1010 3576 1344 3680 rossilionensis

235 3695 308 3779 sio,
336 3720 397 3768 seu
422 3695 671 3770 matrimonium
700 3713 799 3796 prout
823 3698 1020 3796 primitusa
1044 3697 1115 3771 Deo
1138 3696 1343 3771 constitutum

236 3805 317 3893 fuit,
345 3807 581 3883 indissolubile
607 3811 734 3897 extitit,
772 3836 835 3884 neo
860 3810 928 3886 nisi
953 3810 1063 3885 serius
1086 3836 1128 3883 ex
1149 3810 1279 3910 bloysis
1306 3808 1344 3880 ir-

238 3919 412 4022 dulgentia
425 3923 532 4024 potuit
544 3924 685 4000 dissolvi
704 3952 764 4026 per
775 3925 924 3999 libellum
943 3923 1074 4026 repudii
1091 3923 1264 4012 dandum,
1282 3944 1343 3998 euu

235 4036 289 4110 vir
313 4037 348 4110 in
373 4064 476 4112 uxore
494 4041 654 4141 repererit
669 4039 868 4141 foeditatem.
885 4041 973 4114 Dum
990 4040 1095 4140 igitur
1110 4038 1269 4114 Christus
1287 4059 1344 4138 pro

239 4151 350 4227 fitetur
372 4152 462 4253 apud
485 4154 606 4228 Lucam
624 4182 643 4227 e
661 4153 734 4254 lege
752 4183 793 4228 ne
811 4183 915 4229 unum
933 4155 1071 4256 quidem
1088 4154 1221 4255 apicem
1239 4153 1342 4227 eadee

239 4292 357 4365 posse,
386 4269 451 4344 hoo
477 4268 513 4342 in
539 4270 753 4346 matrimonio
781 4270 957 4371 patelaeit,
978 4270 1059 4345 dum
1080 4271 1123 4346 de
1148 4296 1191 4346 eo
1215 4290 1343 4370 pronum
