<?xml version="1.0" encoding="UTF-8"?>
<!DOCTYPE html PUBLIC "-//W3C//DTD XHTML 1.0 Transitional//EN"
    "http://www.w3.org/TR/xhtml1/DTD/xhtml1-transitional.dtd">
<html xmlns="http://www.w3.org/1999/xhtml" xml:lang="en" lang="en">
 <head>
  <title>
</title>
<meta http-equiv="Content-Type" content="text/html;charset=utf-8" />
  <meta name='ocr-system' content='tesseract 3.04.00' />
  <meta name='ocr-capabilities' content='ocr_page ocr_carea ocr_par ocr_line ocrx_word'/>
</head>
<body>
  <div class='ocr_page' id='page_1' title='image "./dematrimoniochr01perrgoog_0511.png"; bbox 0 0 2796 5064; ppageno 0'>
   <div class='ocr_carea' id='block_1_1' title="bbox 230 348 1240 419">
    <p class='ocr_par' dir='ltr' id='par_1_1' title="bbox 230 348 1240 419">
     <span class='ocr_line' id='line_1_1' title="bbox 230 348 1240 419; baseline -0.009 0"><span class='ocrx_word' id='word_1_1' title='bbox 230 348 299 419; x_wconf 79' lang='lat'>518</span> <span class='ocrx_word' id='word_1_2' title='bbox 363 368 424 419; x_wconf 78' lang='lat' dir='ltr'>tn.</span> <span class='ocrx_word' id='word_1_3' title='bbox 443 363 743 417; x_wconf 70' lang='lat' dir='ltr'>ilistoriarum.</span> <span class='ocrx_word' id='word_1_4' title='bbox 763 362 804 413; x_wconf 85' lang='lat' dir='ltr'>ns</span> <span class='ocrx_word' id='word_1_5' title='bbox 821 359 1039 412; x_wconf 68' lang='lat' dir='ltr'>morosum</span> <span class='ocrx_word' id='word_1_6' title='bbox 1065 358 1215 412; x_wconf 71' lang='lat' dir='ltr'>unane·</span> <span class='ocrx_word' id='word_1_7' title='bbox 1234 372 1240 385; x_wconf 91' lang='lat'><em>·</em></span> 
     </span>
    </p>
   </div>
   <div class='ocr_carea' id='block_1_2' title="bbox 224 476 1351 2538">
    <p class='ocr_par' dir='ltr' id='par_1_2' title="bbox 224 476 1351 2538">
     <span class='ocr_line' id='line_1_2' title="bbox 228 476 1345 576; baseline -0.008 -18"><span class='ocrx_word' id='word_1_8' title='bbox 228 485 269 558; x_wconf 77' lang='lat' dir='ltr'>do</span> <span class='ocrx_word' id='word_1_9' title='bbox 284 483 490 558; x_wconf 77' lang='lat' dir='ltr'>orotrr&#39;rnonio</span> <span class='ocrx_word' id='word_1_10' title='bbox 508 483 609 554; x_wconf 81' lang='lat' dir='ltr'>altero</span> <span class='ocrx_word' id='word_1_11' title='bbox 627 493 858 563; x_wconf 82' lang='lat' dir='ltr'>eonsummato,</span> <span class='ocrx_word' id='word_1_12' title='bbox 879 477 961 550; x_wconf 85' lang='lat' dir='ltr'>duni</span> <span class='ocrx_word' id='word_1_13' title='bbox 977 476 1094 550; x_wconf 85' lang='lat' dir='ltr'>adhue</span> <span class='ocrx_word' id='word_1_14' title='bbox 1111 476 1272 553; x_wconf 73' lang='lat' dir='ltr'><strong>subsistit</strong></span> <span class='ocrx_word' id='word_1_15' title='bbox 1287 503 1345 576; x_wconf 80' lang='lat' dir='ltr'>prr·</span> 
     </span>
     <span class='ocr_line' id='line_1_3' title="bbox 229 590 1347 692; baseline -0.008 -20"><span class='ocrx_word' id='word_1_16' title='bbox 229 626 323 672; x_wconf 92' lang='lat' dir='ltr'>mum</span> <span class='ocrx_word' id='word_1_17' title='bbox 349 596 599 672; x_wconf 84' lang='lat' dir='ltr'>matrimonium</span> <span class='ocrx_word' id='word_1_18' title='bbox 623 593 703 668; x_wconf 87' lang='lat' dir='ltr'>lieet</span> <span class='ocrx_word' id='word_1_19' title='bbox 719 592 829 667; x_wconf 91' lang='lat' dir='ltr'>solum</span> <span class='ocrx_word' id='word_1_20' title='bbox 849 608 971 666; x_wconf 88' lang='lat' dir='ltr'>ratum.</span> <span class='ocrx_word' id='word_1_21' title='bbox 983 591 1065 665; x_wconf 86' lang='lat' dir='ltr'>llao</span> <span class='ocrx_word' id='word_1_22' title='bbox 1082 591 1177 665; x_wconf 87' lang='lat' dir='ltr'>enim</span> <span class='ocrx_word' id='word_1_23' title='bbox 1196 592 1232 664; x_wconf 91' lang='lat' dir='ltr'>in</span> <span class='ocrx_word' id='word_1_24' title='bbox 1250 590 1347 692; x_wconf 74' lang='lat' dir='ltr'>hypo-</span> 
     </span>
     <span class='ocr_line' id='line_1_4' title="bbox 229 705 1347 807; baseline -0.004 -22"><span class='ocrx_word' id='word_1_25' title='bbox 229 712 318 785; x_wconf 88' lang='lat' dir='ltr'>thesi</span> <span class='ocrx_word' id='word_1_26' title='bbox 341 738 425 785; x_wconf 90' lang='lat' dir='ltr'>rom.</span> <span class='ocrx_word' id='word_1_27' title='bbox 447 709 598 783; x_wconf 78' lang='lat' dir='ltr'><strong>Pontifex</strong></span> <span class='ocrx_word' id='word_1_28' title='bbox 614 708 796 806; x_wconf 82' lang='lat' dir='ltr'>bigamiam</span> <span class='ocrx_word' id='word_1_29' title='bbox 815 705 1049 780; x_wconf 85' lang='lat' dir='ltr'>simultaneam</span> <span class='ocrx_word' id='word_1_30' title='bbox 1066 706 1248 807; x_wconf 84' lang='lat' dir='ltr'>probaret,</span> <span class='ocrx_word' id='word_1_31' title='bbox 1265 706 1347 807; x_wconf 87' lang='lat' dir='ltr'>quod</span> 
     </span>
     <span class='ocr_line' id='line_1_5' title="bbox 224 823 1351 927; baseline -0.006 -26"><span class='ocrx_word' id='word_1_32' title='bbox 224 843 317 901; x_wconf 87' lang='lat' dir='ltr'>oerte</span> <span class='ocrx_word' id='word_1_33' title='bbox 338 827 383 900; x_wconf 84' lang='lat' dir='ltr'>ab</span> <span class='ocrx_word' id='word_1_34' title='bbox 409 826 485 927; x_wconf 89' lang='lat' dir='ltr'>ipso</span> <span class='ocrx_word' id='word_1_35' title='bbox 503 824 665 926; x_wconf 90' lang='lat' dir='ltr'>praestari</span> <span class='ocrx_word' id='word_1_36' title='bbox 683 823 812 923; x_wconf 87' lang='lat' dir='ltr'>nequit.</span> <span class='ocrx_word' id='word_1_37' title='bbox 834 824 947 896; x_wconf 89' lang='lat' dir='ltr'>Potest</span> <span class='ocrx_word' id='word_1_38' title='bbox 962 837 1075 896; x_wconf 88' lang='lat' dir='ltr'>autem</span> <span class='ocrx_word' id='word_1_39' title='bbox 1094 849 1256 897; x_wconf 88' lang='lat' dir='ltr'>summus</span> <span class='ocrx_word' id='word_1_40' title='bbox 1271 825 1351 897; x_wconf 85' lang='lat' dir='ltr'>Pon-</span> 
     </span>
     <span class='ocr_line' id='line_1_6' title="bbox 229 937 1349 1042; baseline -0.002 -28"><span class='ocrx_word' id='word_1_41' title='bbox 229 942 311 1014; x_wconf 83' lang='lat' dir='ltr'>tifex</span> <span class='ocrx_word' id='word_1_42' title='bbox 322 967 382 1042; x_wconf 89' lang='lat' dir='ltr'>per</span> <span class='ocrx_word' id='word_1_43' title='bbox 394 941 680 1041; x_wconf 81' lang='lat' dir='ltr'>dispensationem</span> <span class='ocrx_word' id='word_1_44' title='bbox 694 938 842 1026; x_wconf 86' lang='lat' dir='ltr'>solvere,</span> <span class='ocrx_word' id='word_1_45' title='bbox 860 937 950 1012; x_wconf 86' lang='lat' dir='ltr'>iusta</span> <span class='ocrx_word' id='word_1_46' title='bbox 962 937 1005 1012; x_wconf 89' lang='lat' dir='ltr'>de</span> <span class='ocrx_word' id='word_1_47' title='bbox 1017 964 1144 1024; x_wconf 86' lang='lat' dir='ltr'>causa,</span> <span class='ocrx_word' id='word_1_48' title='bbox 1159 939 1349 1038; x_wconf 86' lang='lat' dir='ltr'>oooiugium</span> 
     </span>
     <span class='ocr_line' id='line_1_7' title="bbox 227 1053 1351 1157; baseline -0.002 -27"><span class='ocrx_word' id='word_1_49' title='bbox 227 1071 357 1143; x_wconf 89' lang='lat' dir='ltr'>ratum,</span> <span class='ocrx_word' id='word_1_50' title='bbox 380 1082 448 1157; x_wconf 88' lang='lat' dir='ltr'>quo</span> <span class='ocrx_word' id='word_1_51' title='bbox 465 1056 593 1143; x_wconf 89' lang='lat' dir='ltr'>soluto,</span> <span class='ocrx_word' id='word_1_52' title='bbox 614 1069 757 1156; x_wconf 85' lang='lat' dir='ltr'>possunt</span> <span class='ocrx_word' id='word_1_53' title='bbox 774 1053 935 1152; x_wconf 79' lang='lat' dir='ltr'>coniuges</span> <span class='ocrx_word' id='word_1_54' title='bbox 947 1053 1044 1127; x_wconf 88' lang='lat' dir='ltr'>libori</span> <span class='ocrx_word' id='word_1_55' title='bbox 1057 1053 1177 1128; x_wconf 78' lang='lat' dir='ltr'>effecti</span> <span class='ocrx_word' id='word_1_56' title='bbox 1191 1079 1263 1128; x_wconf 89' lang='lat' dir='ltr'>oum</span> <span class='ocrx_word' id='word_1_57' title='bbox 1275 1053 1351 1128; x_wconf 87' lang='lat' dir='ltr'>aliis</span> 
     </span>
     <span class='ocr_line' id='line_1_8' title="bbox 228 1168 1342 1272; baseline -0.003 -26"><span class='ocrx_word' id='word_1_58' title='bbox 228 1170 397 1246; x_wconf 87' lang='lat' dir='ltr'>oolebrare</span> <span class='ocrx_word' id='word_1_59' title='bbox 407 1171 669 1248; x_wconf 88' lang='lat' dir='ltr'>matrimonium.</span> <span class='ocrx_word' id='word_1_60' title='bbox 683 1171 774 1244; x_wconf 88' lang='lat' dir='ltr'>llaso</span> <span class='ocrx_word' id='word_1_61' title='bbox 786 1168 860 1244; x_wconf 88' lang='lat' dir='ltr'>sola</span> <span class='ocrx_word' id='word_1_62' title='bbox 871 1168 1074 1272; x_wconf 84' lang='lat' dir='ltr'>hypothesis</span> <span class='ocrx_word' id='word_1_63' title='bbox 1090 1170 1342 1269; x_wconf 76' lang='lat' dir='ltr'>possihiisat,</span> 
     </span>
     <span class='ocr_line' id='line_1_9' title="bbox 228 1283 1348 1387; baseline 0.002 -29"><span class='ocrx_word' id='word_1_64' title='bbox 228 1286 266 1358; x_wconf 83' lang='lat' dir='ltr'>iu</span> <span class='ocrx_word' id='word_1_65' title='bbox 288 1314 357 1387; x_wconf 88' lang='lat' dir='ltr'>qua</span> <span class='ocrx_word' id='word_1_66' title='bbox 381 1286 466 1359; x_wconf 89' lang='lat' dir='ltr'>nihil</span> <span class='ocrx_word' id='word_1_67' title='bbox 492 1287 656 1387; x_wconf 87' lang='lat' dir='ltr'>estquod</span> <span class='ocrx_word' id='word_1_68' title='bbox 681 1301 856 1386; x_wconf 77' lang='lat' dir='ltr'>repugnet.</span> <span class='ocrx_word' id='word_1_69' title='bbox 885 1287 1004 1383; x_wconf 82' lang='lat' dir='ltr'>legem</span> <span class='ocrx_word' id='word_1_70' title='bbox 1028 1300 1147 1360; x_wconf 86' lang='lat' dir='ltr'>autem</span> <span class='ocrx_word' id='word_1_71' title='bbox 1165 1283 1348 1385; x_wconf 82' lang='lat' dir='ltr'>generalem</span> 
     </span>
     <span class='ocr_line' id='line_1_10' title="bbox 228 1400 1348 1503; baseline 0 -29"><span class='ocrx_word' id='word_1_72' title='bbox 228 1428 298 1502; x_wconf 89' lang='lat' dir='ltr'>qua</span> <span class='ocrx_word' id='word_1_73' title='bbox 320 1401 519 1476; x_wconf 88' lang='lat' dir='ltr'>decernatur</span> <span class='ocrx_word' id='word_1_74' title='bbox 538 1402 629 1502; x_wconf 91' lang='lat' dir='ltr'>quod</span> <span class='ocrx_word' id='word_1_75' title='bbox 651 1401 686 1474; x_wconf 91' lang='lat' dir='ltr'>in</span> <span class='ocrx_word' id='word_1_76' title='bbox 707 1400 766 1476; x_wconf 91' lang='lat' dir='ltr'>tali</span> <span class='ocrx_word' id='word_1_77' title='bbox 785 1400 978 1503; x_wconf 85' lang='lat' dir='ltr'>particulari</span> <span class='ocrx_word' id='word_1_78' title='bbox 996 1427 1081 1474; x_wconf 84' lang='lat' dir='ltr'>oasa</span> <span class='ocrx_word' id='word_1_79' title='bbox 1100 1401 1348 1476; x_wconf 77' lang='lat' dir='ltr'>matrimonium</span> 
     </span>
     <span class='ocr_line' id='line_1_11' title="bbox 226 1515 1346 1618; baseline 0.001 -29"><span class='ocrx_word' id='word_1_80' title='bbox 226 1531 337 1590; x_wconf 90' lang='lat' dir='ltr'>ratum</span> <span class='ocrx_word' id='word_1_81' title='bbox 361 1515 587 1604; x_wconf 82' lang='lat' dir='ltr'>dissolvatur,</span> <span class='ocrx_word' id='word_1_82' title='bbox 616 1516 693 1590; x_wconf 88' lang='lat' dir='ltr'>ideo</span> <span class='ocrx_word' id='word_1_83' title='bbox 717 1519 903 1618; x_wconf 81' lang='lat' dir='ltr'>numquam</span> <span class='ocrx_word' id='word_1_84' title='bbox 927 1530 1051 1590; x_wconf 87' lang='lat' dir='ltr'>statuet</span> <span class='ocrx_word' id='word_1_85' title='bbox 1065 1540 1157 1590; x_wconf 86' lang='lat' dir='ltr'>rom.</span> <span class='ocrx_word' id='word_1_86' title='bbox 1182 1517 1346 1602; x_wconf 78' lang='lat' dir='ltr'>Pontifex,</span> 
     </span>
     <span class='ocr_line' id='line_1_12' title="bbox 227 1628 1349 1732; baseline 0.002 -30"><span class='ocrx_word' id='word_1_87' title='bbox 227 1630 310 1730; x_wconf 91' lang='lat' dir='ltr'>quia</span> <span class='ocrx_word' id='word_1_88' title='bbox 322 1629 461 1705; x_wconf 81' lang='lat' dir='ltr'>difficile</span> <span class='ocrx_word' id='word_1_89' title='bbox 477 1629 616 1706; x_wconf 90' lang='lat' dir='ltr'>omnino</span> <span class='ocrx_word' id='word_1_90' title='bbox 627 1645 681 1704; x_wconf 90' lang='lat' dir='ltr'>est</span> <span class='ocrx_word' id='word_1_91' title='bbox 696 1631 810 1705; x_wconf 88' lang='lat' dir='ltr'>omnia</span> <span class='ocrx_word' id='word_1_92' title='bbox 820 1656 995 1706; x_wconf 83' lang='lat' dir='ltr'>reuansere</span> <span class='ocrx_word' id='word_1_93' title='bbox 1011 1628 1181 1705; x_wconf 85' lang='lat' dir='ltr'>adiuncta</span> <span class='ocrx_word' id='word_1_94' title='bbox 1192 1656 1283 1732; x_wconf 80' lang='lat' dir='ltr'>quae</span> <span class='ocrx_word' id='word_1_95' title='bbox 1296 1629 1349 1704; x_wconf 88' lang='lat' dir='ltr'>do·</span> 
     </span>
     <span class='ocr_line' id='line_1_13' title="bbox 229 1743 1345 1847; baseline -0.001 -28"><span class='ocrx_word' id='word_1_96' title='bbox 229 1743 408 1820; x_wconf 82' lang='lat' dir='ltr'>terminare</span> <span class='ocrx_word' id='word_1_97' title='bbox 422 1745 531 1820; x_wconf 88' lang='lat' dir='ltr'>solent</span> <span class='ocrx_word' id='word_1_98' title='bbox 548 1745 661 1847; x_wconf 87' lang='lat' dir='ltr'>ipsum</span> <span class='ocrx_word' id='word_1_99' title='bbox 678 1745 721 1820; x_wconf 90' lang='lat' dir='ltr'>ad</span> <span class='ocrx_word' id='word_1_100' title='bbox 738 1745 937 1821; x_wconf 86' lang='lat' dir='ltr'>solvendum</span> <span class='ocrx_word' id='word_1_101' title='bbox 952 1744 1125 1820; x_wconf 88' lang='lat' dir='ltr'>eiusmodi</span> <span class='ocrx_word' id='word_1_102' title='bbox 1141 1745 1345 1845; x_wconf 85' lang='lat' dir='ltr'>ooniugium,</span> 
     </span>
     <span class='ocr_line' id='line_1_14' title="bbox 226 1860 1343 1963; baseline -0.001 -29"><span class='ocrx_word' id='word_1_103' title='bbox 226 1875 260 1935; x_wconf 89' lang='lat' dir='ltr'>et</span> <span class='ocrx_word' id='word_1_104' title='bbox 276 1860 357 1961; x_wconf 91' lang='lat' dir='ltr'>quia</span> <span class='ocrx_word' id='word_1_105' title='bbox 373 1860 546 1961; x_wconf 79' lang='lat' dir='ltr'>praeterea</span> <span class='ocrx_word' id='word_1_106' title='bbox 560 1887 628 1935; x_wconf 89' lang='lat' dir='ltr'>non</span> <span class='ocrx_word' id='word_1_107' title='bbox 647 1862 762 1937; x_wconf 88' lang='lat' dir='ltr'>omnia</span> <span class='ocrx_word' id='word_1_108' title='bbox 778 1888 866 1963; x_wconf 89' lang='lat' dir='ltr'>quae</span> <span class='ocrx_word' id='word_1_109' title='bbox 880 1861 983 1935; x_wconf 86' lang='lat' dir='ltr'>lioeut</span> <span class='ocrx_word' id='word_1_110' title='bbox 999 1886 1140 1961; x_wconf 78' lang='lat' dir='ltr'>semper</span> <span class='ocrx_word' id='word_1_111' title='bbox 1154 1861 1343 1962; x_wconf 78' lang='lat' dir='ltr'>expediant.</span> 
     </span>
     <span class='ocr_line' id='line_1_15' title="bbox 225 1974 1347 2078; baseline 0.001 -30"><span class='ocrx_word' id='word_1_112' title='bbox 225 1974 382 2050; x_wconf 85' lang='lat' dir='ltr'>Ceterum</span> <span class='ocrx_word' id='word_1_113' title='bbox 403 1975 495 2078; x_wconf 75' lang='lat' dir='ltr'>quo&#39;d</span> <span class='ocrx_word' id='word_1_114' title='bbox 512 1976 666 2052; x_wconf 86' lang='lat' dir='ltr'>absolute</span> <span class='ocrx_word' id='word_1_115' title='bbox 684 1992 801 2078; x_wconf 87' lang='lat' dir='ltr'>posset</span> <span class='ocrx_word' id='word_1_116' title='bbox 823 2002 910 2052; x_wconf 88' lang='lat' dir='ltr'>rom.</span> <span class='ocrx_word' id='word_1_117' title='bbox 929 1975 1081 2050; x_wconf 74' lang='lat' dir='ltr'>Pontifex</span> <span class='ocrx_word' id='word_1_118' title='bbox 1100 1975 1218 2075; x_wconf 87' lang='lat' dir='ltr'>legem</span> <span class='ocrx_word' id='word_1_119' title='bbox 1236 1975 1347 2051; x_wconf 88' lang='lat' dir='ltr'>ooosti·</span> 
     </span>
     <span class='ocr_line' id='line_1_16' title="bbox 227 2089 1346 2190; baseline 0.003 -28"><span class='ocrx_word' id='word_1_120' title='bbox 227 2092 320 2164; x_wconf 86' lang='lat' dir='ltr'>tuere</span> <span class='ocrx_word' id='word_1_121' title='bbox 337 2091 437 2164; x_wconf 92' lang='lat' dir='ltr'>etiam</span> <span class='ocrx_word' id='word_1_122' title='bbox 459 2092 649 2190; x_wconf 81' lang='lat' dir='ltr'>generalem</span> <span class='ocrx_word' id='word_1_123' title='bbox 675 2118 743 2167; x_wconf 91' lang='lat' dir='ltr'>non</span> <span class='ocrx_word' id='word_1_124' title='bbox 766 2091 886 2165; x_wconf 88' lang='lat' dir='ltr'>abnuit</span> <span class='ocrx_word' id='word_1_125' title='bbox 910 2118 941 2166; x_wconf 88' lang='lat' dir='ltr'>s.</span> <span class='ocrx_word' id='word_1_126' title='bbox 961 2089 1159 2166; x_wconf 75' lang='lat' dir='ltr'>Antoninus</span> <span class='ocrx_word' id='word_1_127' title='bbox 1181 2094 1298 2189; x_wconf 80' lang='lat' dir='ltr'>(iti),</span> <span class='ocrx_word' id='word_1_128' title='bbox 1314 2105 1346 2164; x_wconf 84' lang='lat' dir='ltr'>et</span> 
     </span>
     <span class='ocr_line' id='line_1_17' title="bbox 227 2205 1344 2309; baseline 0.007 -34"><span class='ocrx_word' id='word_1_129' title='bbox 227 2229 294 2277; x_wconf 90' lang='lat' dir='ltr'>non</span> <span class='ocrx_word' id='word_1_130' title='bbox 321 2205 422 2303; x_wconf 90' lang='lat' dir='ltr'>pauei</span> <span class='ocrx_word' id='word_1_131' title='bbox 447 2206 593 2305; x_wconf 81' lang='lat' dir='ltr'>theologi</span> <span class='ocrx_word' id='word_1_132' title='bbox 619 2205 834 2309; x_wconf 85' lang='lat' dir='ltr'>pastillum,</span> <span class='ocrx_word' id='word_1_133' title='bbox 863 2206 922 2307; x_wconf 84' lang='lat' dir='ltr'>qui</span> <span class='ocrx_word' id='word_1_134' title='bbox 947 2207 1091 2307; x_wconf 81' lang='lat' dir='ltr'>insuper</span> <span class='ocrx_word' id='word_1_135' title='bbox 1115 2206 1218 2282; x_wconf 87' lang='lat' dir='ltr'>huno</span> <span class='ocrx_word' id='word_1_136' title='bbox 1239 2231 1344 2283; x_wconf 76' lang='lat' dir='ltr'>ossum</span> 
     </span>
     <span class='ocr_line' id='line_1_18' title="bbox 225 2316 1347 2420; baseline 0.004 -32"><span class='ocrx_word' id='word_1_137' title='bbox 225 2316 262 2388; x_wconf 87' lang='lat' dir='ltr'>in</span> <span class='ocrx_word' id='word_1_138' title='bbox 284 2344 353 2417; x_wconf 93' lang='lat' dir='ltr'>quo</span> <span class='ocrx_word' id='word_1_139' title='bbox 370 2317 568 2420; x_wconf 88' lang='lat' dir='ltr'>dispensare</span> <span class='ocrx_word' id='word_1_140' title='bbox 586 2338 720 2420; x_wconf 85' lang='lat' dir='ltr'>posset,</span> <span class='ocrx_word' id='word_1_141' title='bbox 742 2321 929 2419; x_wconf 86' lang='lat' dir='ltr'>assignant.</span> <span class='ocrx_word' id='word_1_142' title='bbox 951 2320 1079 2394; x_wconf 83' lang='lat' dir='ltr'>Horum</span> <span class='ocrx_word' id='word_1_143' title='bbox 1093 2321 1285 2396; x_wconf 84' lang='lat' dir='ltr'>sententias</span> <span class='ocrx_word' id='word_1_144' title='bbox 1298 2345 1347 2392; x_wconf 87' lang='lat' dir='ltr'>ro·</span> 
     </span>
     <span class='ocr_line' id='line_1_19' title="bbox 224 2432 1348 2538; baseline 0.005 -35"><span class='ocrx_word' id='word_1_145' title='bbox 224 2432 336 2506; x_wconf 90' lang='lat' dir='ltr'>lerunt</span> <span class='ocrx_word' id='word_1_146' title='bbox 353 2449 387 2507; x_wconf 91' lang='lat' dir='ltr'>ot</span> <span class='ocrx_word' id='word_1_147' title='bbox 410 2435 605 2534; x_wconf 81' lang='lat' dir='ltr'>expendunt</span> <span class='ocrx_word' id='word_1_148' title='bbox 622 2437 906 2511; x_wconf 87' lang='lat' dir='ltr'>Salmantioenses</span> <span class='ocrx_word' id='word_1_149' title='bbox 932 2436 1047 2531; x_wconf 77' lang='lat' dir='ltr'>(itt).</span> <span class='ocrx_word' id='word_1_150' title='bbox 1075 2433 1249 2538; x_wconf 75' lang='lat' dir='ltr'>Adeoque</span> <span class='ocrx_word' id='word_1_151' title='bbox 1271 2433 1348 2510; x_wconf 83' lang='lat' dir='ltr'>mul·</span> 
     </span>
    </p>
   </div>
   <div class='ocr_carea' id='block_1_3' title="bbox 223 2548 1348 3110">
    <p class='ocr_par' dir='ltr' id='par_1_3' title="bbox 224 2548 1346 2765">
     <span class='ocr_line' id='line_1_20' title="bbox 224 2548 1346 2654; baseline 0.004 -33"><span class='ocrx_word' id='word_1_152' title='bbox 224 2548 331 2649; x_wconf 90' lang='lat' dir='ltr'>tiplioi</span> <span class='ocrx_word' id='word_1_153' title='bbox 358 2549 422 2623; x_wconf 87' lang='lat' dir='ltr'>sub</span> <span class='ocrx_word' id='word_1_154' title='bbox 453 2569 606 2651; x_wconf 78' lang='lat' dir='ltr'>respectu</span> <span class='ocrx_word' id='word_1_155' title='bbox 632 2568 728 2625; x_wconf 91' lang='lat' dir='ltr'>nutat</span> <span class='ocrx_word' id='word_1_156' title='bbox 752 2553 816 2626; x_wconf 94' lang='lat' dir='ltr'>hoo</span> <span class='ocrx_word' id='word_1_157' title='bbox 841 2551 947 2652; x_wconf 80' lang='lat' dir='ltr'>Sylvii</span> <span class='ocrx_word' id='word_1_158' title='bbox 971 2568 1238 2648; x_wconf 85' lang='lat' dir='ltr'>argumentum,</span> <span class='ocrx_word' id='word_1_159' title='bbox 1264 2551 1346 2654; x_wconf 83' lang='lat' dir='ltr'>quod</span> 
     </span>
     <span class='ocr_line' id='line_1_21' title="bbox 224 2666 887 2765; baseline 0.003 -26"><span class='ocrx_word' id='word_1_160' title='bbox 224 2691 323 2739; x_wconf 90' lang='lat' dir='ltr'>suum</span> <span class='ocrx_word' id='word_1_161' title='bbox 349 2667 461 2739; x_wconf 88' lang='lat' dir='ltr'>ollooit</span> <span class='ocrx_word' id='word_1_162' title='bbox 490 2666 595 2741; x_wconf 85' lang='lat' dir='ltr'>Collet</span> <span class='ocrx_word' id='word_1_163' title='bbox 617 2671 732 2765; x_wconf 79' lang='lat'>(126).</span> <span class='ocrx_word' id='word_1_164' title='bbox 884 2669 887 2673; x_wconf 69' lang='grc'><strong>’</strong></span> 
     </span>
    </p>

    <p class='ocr_par' dir='ltr' id='par_1_4' title="bbox 223 2779 1348 3110">
     <span class='ocr_line' id='line_1_22' title="bbox 298 2779 1348 2884; baseline 0.003 -33"><span class='ocrx_word' id='word_1_165' title='bbox 298 2779 396 2865; x_wconf 84' lang='lat' dir='ltr'>Quod</span> <span class='ocrx_word' id='word_1_166' title='bbox 414 2797 582 2880; x_wconf 89' lang='lat' dir='ltr'>postremo</span> <span class='ocrx_word' id='word_1_167' title='bbox 600 2783 673 2856; x_wconf 88' lang='lat' dir='ltr'>looo</span> <span class='ocrx_word' id='word_1_168' title='bbox 686 2782 824 2855; x_wconf 83' lang='lat' dir='ltr'>affertur</span> <span class='ocrx_word' id='word_1_169' title='bbox 841 2783 883 2855; x_wconf 89' lang='lat' dir='ltr'>ad</span> <span class='ocrx_word' id='word_1_170' title='bbox 904 2780 1120 2855; x_wconf 88' lang='lat' dir='ltr'>suadendum</span> <span class='ocrx_word' id='word_1_171' title='bbox 1140 2783 1238 2858; x_wconf 87' lang='lat' dir='ltr'>haud</span> <span class='ocrx_word' id='word_1_172' title='bbox 1256 2807 1348 2884; x_wconf 83' lang='lat' dir='ltr'>posse</span> 
     </span>
     <span class='ocr_line' id='line_1_23' title="bbox 224 2897 1348 3000; baseline -0.001 -31"><span class='ocrx_word' id='word_1_173' title='bbox 224 2921 308 2969; x_wconf 82' lang='lat' dir='ltr'>rom.</span> <span class='ocrx_word' id='word_1_174' title='bbox 339 2897 516 2970; x_wconf 85' lang='lat' dir='ltr'>Pontifices</span> <span class='ocrx_word' id='word_1_175' title='bbox 542 2897 743 2997; x_wconf 86' lang='lat' dir='ltr'>dispensare</span> <span class='ocrx_word' id='word_1_176' title='bbox 767 2899 801 2968; x_wconf 92' lang='lat' dir='ltr'>in</span> <span class='ocrx_word' id='word_1_177' title='bbox 828 2897 1039 2971; x_wconf 93' lang='lat' dir='ltr'>matrimonio</span> <span class='ocrx_word' id='word_1_178' title='bbox 1058 2913 1135 2971; x_wconf 90' lang='lat' dir='ltr'>rato</span> <span class='ocrx_word' id='word_1_179' title='bbox 1152 2903 1234 2972; x_wconf 87' lang='lat' dir='ltr'>oum</span> <span class='ocrx_word' id='word_1_180' title='bbox 1251 2898 1348 3000; x_wconf 91' lang='lat' dir='ltr'>pluri-</span> 
     </span>
     <span class='ocr_line' id='line_1_24' title="bbox 223 3009 1346 3110; baseline 0.005 -29"><span class='ocrx_word' id='word_1_181' title='bbox 223 3009 289 3083; x_wconf 91' lang='lat' dir='ltr'>bus</span> <span class='ocrx_word' id='word_1_182' title='bbox 306 3027 437 3085; x_wconf 81' lang='lat' dir='ltr'>constet</span> <span class='ocrx_word' id='word_1_183' title='bbox 458 3011 631 3110; x_wconf 87' lang='lat' dir='ltr'>partibus,</span> <span class='ocrx_word' id='word_1_184' title='bbox 653 3038 790 3086; x_wconf 86' lang='lat' dir='ltr'>necesse</span> <span class='ocrx_word' id='word_1_185' title='bbox 811 3029 862 3086; x_wconf 89' lang='lat' dir='ltr'>est</span> <span class='ocrx_word' id='word_1_186' title='bbox 881 3029 917 3085; x_wconf 95' lang='lat' dir='ltr'>ut</span> <span class='ocrx_word' id='word_1_187' title='bbox 936 3039 993 3086; x_wconf 87' lang='lat' dir='ltr'>eas</span> <span class='ocrx_word' id='word_1_188' title='bbox 1016 3012 1224 3109; x_wconf 84' lang='lat' dir='ltr'>singillatim</span> <span class='ocrx_word' id='word_1_189' title='bbox 1242 3014 1346 3087; x_wconf 85' lang='lat' dir='ltr'>dison·</span> 
     </span>
    </p>
   </div>
   <div class='ocr_carea' id='block_1_4' title="bbox 218 3266 1348 4373">
    <p class='ocr_par' dir='ltr' id='par_1_5' title="bbox 220 3266 1348 3791">
     <span class='ocr_line' id='line_1_25' title="bbox 295 3266 1344 3334; baseline 0.001 -18"><span class='ocrx_word' id='word_1_190' title='bbox 295 3266 360 3327; x_wconf 75' lang='lat' dir='ltr'>(rat)</span> <span class='ocrx_word' id='word_1_191' title='bbox 378 3267 419 3316; x_wconf 84' lang='lat' dir='ltr'>Sic</span> <span class='ocrx_word' id='word_1_192' title='bbox 436 3267 501 3317; x_wconf 82' lang='lat' dir='ltr'>enim</span> <span class='ocrx_word' id='word_1_193' title='bbox 520 3267 605 3317; x_wconf 80' lang='lat' dir='ltr'>scribit</span> <span class='ocrx_word' id='word_1_194' title='bbox 624 3268 671 3319; x_wconf 85' lang='lat' dir='ltr'>loo.</span> <span class='ocrx_word' id='word_1_195' title='bbox 684 3268 727 3318; x_wconf 91' lang='lat' dir='ltr'>eit.</span> <span class='ocrx_word' id='word_1_196' title='bbox 749 3268 855 3319; x_wconf 80' lang='lat' dir='ltr'>«Potest</span> <span class='ocrx_word' id='word_1_197' title='bbox 875 3282 932 3332; x_wconf 80' lang='lat' dir='ltr'>argo</span> <span class='ocrx_word' id='word_1_198' title='bbox 948 3271 1014 3333; x_wconf 84' lang='lat' dir='ltr'>i‘apa</span> <span class='ocrx_word' id='word_1_199' title='bbox 1032 3268 1109 3319; x_wconf 85' lang='lat' dir='ltr'>etiam</span> <span class='ocrx_word' id='word_1_200' title='bbox 1126 3269 1160 3321; x_wconf 81' lang='lat' dir='ltr'>(ie</span> <span class='ocrx_word' id='word_1_201' title='bbox 1177 3272 1298 3334; x_wconf 79' lang='lat' dir='ltr'>potestate</span> <span class='ocrx_word' id='word_1_202' title='bbox 1309 3283 1344 3318; x_wconf 80' lang='lat' dir='ltr'>or</span> 
     </span>
     <span class='ocr_line' id='line_1_26' title="bbox 222 3342 1348 3412; baseline 0.007 -22"><span class='ocrx_word' id='word_1_203' title='bbox 222 3342 306 3391; x_wconf 79' lang='lat' dir='ltr'>dinato</span> <span class='ocrx_word' id='word_1_204' title='bbox 326 3344 392 3395; x_wconf 83' lang='lat' dir='ltr'>elica</span> <span class='ocrx_word' id='word_1_205' title='bbox 412 3346 597 3396; x_wconf 81' lang='lat' dir='ltr'>matrimonium</span> <span class='ocrx_word' id='word_1_206' title='bbox 618 3360 667 3396; x_wconf 88' lang='lat' dir='ltr'>noo</span> <span class='ocrx_word' id='word_1_207' title='bbox 690 3350 887 3399; x_wconf 83' lang='lat' dir='ltr'>consummatum</span> <span class='ocrx_word' id='word_1_208' title='bbox 908 3348 971 3398; x_wconf 86' lang='lat' dir='ltr'>hano</span> <span class='ocrx_word' id='word_1_209' title='bbox 989 3349 1198 3400; x_wconf 81' lang='lat' dir='ltr'>eonstitutiouem</span> <span class='ocrx_word' id='word_1_210' title='bbox 1219 3350 1348 3412; x_wconf 52' lang='lat' dir='ltr'>iacerem</span> 
     </span>
     <span class='ocr_line' id='line_1_27' title="bbox 220 3420 1347 3494; baseline 0.005 -24"><span class='ocrx_word' id='word_1_211' title='bbox 220 3420 256 3470; x_wconf 89' lang='lat' dir='ltr'>sie</span> <span class='ocrx_word' id='word_1_212' title='bbox 275 3423 342 3483; x_wconf 86' lang='lat' dir='ltr'>petet</span> <span class='ocrx_word' id='word_1_213' title='bbox 363 3423 424 3472; x_wconf 84' lang='lat' dir='ltr'>ratio</span> <span class='ocrx_word' id='word_1_214' title='bbox 444 3426 592 3475; x_wconf 82' lang='lat' dir='ltr'>conveniens</span> <span class='ocrx_word' id='word_1_215' title='bbox 605 3427 708 3484; x_wconf 84' lang='lat' dir='ltr'>rationi,</span> <span class='ocrx_word' id='word_1_216' title='bbox 728 3427 756 3475; x_wconf 92' lang='lat' dir='ltr'>ot</span> <span class='ocrx_word' id='word_1_217' title='bbox 770 3429 1027 3490; x_wconf 67' lang='lat' dir='ltr'>rumunnense.</span> <span class='ocrx_word' id='word_1_218' title='bbox 1042 3435 1066 3477; x_wconf 79' lang='lat' dir='ltr'>t.</span> <span class='ocrx_word' id='word_1_219' title='bbox 1082 3430 1265 3494; x_wconf 79' lang='lat' dir='ltr'>Quapropter.</span> <span class='ocrx_word' id='word_1_220' title='bbox 1282 3426 1347 3479; x_wconf 77' lang='lat' dir='ltr'>uude</span> 
     </span>
     <span class='ocr_line' id='line_1_28' title="bbox 221 3500 1346 3573; baseline 0.008 -23"><span class='ocrx_word' id='word_1_221' title='bbox 221 3500 349 3550; x_wconf 83' lang='lat' dir='ltr'>circaeon</span> <span class='ocrx_word' id='word_1_222' title='bbox 370 3506 567 3553; x_wconf 79' lang='lat' dir='ltr'>consummatum</span> <span class='ocrx_word' id='word_1_223' title='bbox 582 3508 662 3569; x_wconf 84' lang='lat' dir='ltr'>potest</span> <span class='ocrx_word' id='word_1_224' title='bbox 680 3507 784 3556; x_wconf 83' lang='lat' dir='ltr'>ecelesia</span> <span class='ocrx_word' id='word_1_225' title='bbox 801 3509 908 3557; x_wconf 85' lang='lat' dir='ltr'>statuere</span> <span class='ocrx_word' id='word_1_226' title='bbox 927 3506 1050 3570; x_wconf 87' lang='lat' dir='ltr'>quidquid</span> <span class='ocrx_word' id='word_1_227' title='bbox 1071 3507 1172 3573; x_wconf 79' lang='lat' dir='ltr'>placet3</span> <span class='ocrx_word' id='word_1_228' title='bbox 1189 3511 1252 3561; x_wconf 87' lang='lat' dir='ltr'>dum</span> <span class='ocrx_word' id='word_1_229' title='bbox 1271 3513 1346 3560; x_wconf 77' lang='lat' dir='ltr'>tarum</span> 
     </span>
     <span class='ocr_line' id='line_1_29' title="bbox 222 3581 1344 3653; baseline 0.009 -23"><span class='ocrx_word' id='word_1_230' title='bbox 222 3581 299 3631; x_wconf 87' lang='lat' dir='ltr'>subsit</span> <span class='ocrx_word' id='word_1_231' title='bbox 314 3594 389 3631; x_wconf 82' lang='lat' dir='ltr'>sauss</span> <span class='ocrx_word' id='word_1_232' title='bbox 407 3583 479 3642; x_wconf 87' lang='lat' dir='ltr'>iusta,</span> <span class='ocrx_word' id='word_1_233' title='bbox 498 3587 523 3632; x_wconf 86' lang='lat' dir='ltr'>et</span> <span class='ocrx_word' id='word_1_234' title='bbox 533 3585 580 3633; x_wconf 86' lang='lat' dir='ltr'>iroo</span> <span class='ocrx_word' id='word_1_235' title='bbox 596 3586 864 3649; x_wconf 60' lang='lat' dir='ltr'>voluntatemne</span> <span class='ocrx_word' id='word_1_236' title='bbox 878 3587 992 3650; x_wconf 76' lang='lat' dir='ltr'>publico.</span> <span class='ocrx_word' id='word_1_237' title='bbox 1005 3587 1072 3637; x_wconf 83' lang='lat' dir='ltr'>uicit</span> <span class='ocrx_word' id='word_1_238' title='bbox 1082 3591 1168 3639; x_wconf 83' lang='lat' dir='ltr'>tamen</span> <span class='ocrx_word' id='word_1_239' title='bbox 1186 3590 1242 3653; x_wconf 84' lang='lat' dir='ltr'>ipse</span> <span class='ocrx_word' id='word_1_240' title='bbox 1258 3590 1344 3639; x_wconf 78' lang='lat' dir='ltr'>osteo·</span> 
     </span>
     <span class='ocr_line' id='line_1_30' title="bbox 220 3661 1346 3732; baseline 0.008 -23"><span class='ocrx_word' id='word_1_241' title='bbox 220 3661 267 3724; x_wconf 86' lang='lat' dir='ltr'>sis,</span> <span class='ocrx_word' id='word_1_242' title='bbox 285 3662 353 3724; x_wconf 86' lang='lat' dir='ltr'>quod</span> <span class='ocrx_word' id='word_1_243' title='bbox 375 3675 425 3710; x_wconf 89' lang='lat' dir='ltr'>noo</span> <span class='ocrx_word' id='word_1_244' title='bbox 444 3662 558 3725; x_wconf 77' lang='lat' dir='ltr'>expedit,</span> <span class='ocrx_word' id='word_1_245' title='bbox 575 3665 643 3726; x_wconf 86' lang='lat' dir='ltr'>quod</span> <span class='ocrx_word' id='word_1_246' title='bbox 661 3666 726 3715; x_wconf 86' lang='lat' dir='ltr'>eirea</span> <span class='ocrx_word' id='word_1_247' title='bbox 749 3666 796 3714; x_wconf 83' lang='lat' dir='ltr'>iroo</span> <span class='ocrx_word' id='word_1_248' title='bbox 816 3666 922 3717; x_wconf 88' lang='lat' dir='ltr'>multura</span> <span class='ocrx_word' id='word_1_249' title='bbox 936 3667 1002 3717; x_wconf 75' lang='lat' dir='ltr'>latet</span> <span class='ocrx_word' id='word_1_250' title='bbox 1012 3667 1142 3732; x_wconf 83' lang='lat' dir='ltr'>habenas,</span> <span class='ocrx_word' id='word_1_251' title='bbox 1158 3682 1206 3720; x_wconf 91' lang='lat' dir='ltr'>neo</span> <span class='ocrx_word' id='word_1_252' title='bbox 1223 3670 1298 3720; x_wconf 79' lang='lat' dir='ltr'>etiam</span> <span class='ocrx_word' id='word_1_253' title='bbox 1312 3670 1346 3718; x_wconf 85' lang='lat' dir='ltr'>ost</span> 
     </span>
     <span class='ocr_line' id='line_1_31' title="bbox 221 3742 340 3791; baseline -0.008 0"><span class='ocrx_word' id='word_1_254' title='bbox 221 3742 313 3791; x_wconf 83' lang='lat' dir='ltr'>tutum.</span> <span class='ocrx_word' id='word_1_255' title='bbox 328 3761 340 3784; x_wconf 78' lang='lat' dir='ltr'>u</span> 
     </span>
    </p>

    <p class='ocr_par' dir='ltr' id='par_1_6' title="bbox 218 3823 1345 4215">
     <span class='ocr_line' id='line_1_32' title="bbox 287 3823 1345 3893; baseline 0.009 -22"><span class='ocrx_word' id='word_1_256' title='bbox 287 3835 290 3842; x_wconf 67' lang='lat'>¹</span> <span class='ocrx_word' id='word_1_257' title='bbox 308 3824 374 3872; x_wconf 84' lang='lat' dir='ltr'>later</span> <span class='ocrx_word' id='word_1_258' title='bbox 393 3833 448 3885; x_wconf 84' lang='lat' dir='ltr'>eos,</span> <span class='ocrx_word' id='word_1_259' title='bbox 468 3823 510 3885; x_wconf 82' lang='lat' dir='ltr'>qui</span> <span class='ocrx_word' id='word_1_260' title='bbox 527 3823 677 3874; x_wconf 85' lang='lat' dir='ltr'>solutionem</span> <span class='ocrx_word' id='word_1_261' title='bbox 694 3825 802 3889; x_wconf 76' lang='lat' dir='ltr'>coniugii</span> <span class='ocrx_word' id='word_1_262' title='bbox 814 3826 853 3875; x_wconf 89' lang='lat' dir='ltr'>ob</span> <span class='ocrx_word' id='word_1_263' title='bbox 871 3826 1006 3877; x_wconf 82' lang='lat' dir='ltr'>solemnem</span> <span class='ocrx_word' id='word_1_264' title='bbox 1024 3828 1156 3890; x_wconf 82' lang='lat' dir='ltr'>religionis</span> <span class='ocrx_word' id='word_1_265' title='bbox 1171 3831 1345 3893; x_wconf 77' lang='lat' dir='ltr'>protensionem</span> 
     </span>
     <span class='ocr_line' id='line_1_33' title="bbox 218 3902 1345 3973; baseline 0.006 -24"><span class='ocrx_word' id='word_1_266' title='bbox 218 3903 331 3964; x_wconf 84' lang='lat' dir='ltr'>repetunt</span> <span class='ocrx_word' id='word_1_267' title='bbox 351 3916 381 3951; x_wconf 81' lang='lat' dir='ltr'>ox</span> <span class='ocrx_word' id='word_1_268' title='bbox 402 3903 455 3973; x_wconf 83' lang='lat' dir='ltr'>iure</span> <span class='ocrx_word' id='word_1_269' title='bbox 472 3902 653 3966; x_wconf 82' lang='lat' dir='ltr'>ecclesiastico,</span> <span class='ocrx_word' id='word_1_270' title='bbox 674 3919 724 3954; x_wconf 87' lang='lat' dir='ltr'>non</span> <span class='ocrx_word' id='word_1_271' title='bbox 745 3905 834 3955; x_wconf 85' lang='lat' dir='ltr'>desunt</span> <span class='ocrx_word' id='word_1_272' title='bbox 853 3907 898 3968; x_wconf 81' lang='lat' dir='ltr'>qui</span> <span class='ocrx_word' id='word_1_273' title='bbox 916 3907 951 3955; x_wconf 85' lang='lat' dir='ltr'>ita</span> <span class='ocrx_word' id='word_1_274' title='bbox 970 3919 1022 3957; x_wconf 87' lang='lat' dir='ltr'>rem</span> <span class='ocrx_word' id='word_1_275' title='bbox 1042 3908 1184 3971; x_wconf 75' lang='lat' dir='ltr'>explicent:</span> <span class='ocrx_word' id='word_1_276' title='bbox 1202 3910 1345 3961; x_wconf 81' lang='lat' dir='ltr'>eoolssiain·</span> 
     </span>
     <span class='ocr_line' id='line_1_34' title="bbox 218 3974 1342 4054; baseline 0.004 -21"><span class='ocrx_word' id='word_1_277' title='bbox 218 3982 311 4042; x_wconf 68' lang='lat' dir='ltr'>impres</span> <span class='ocrx_word' id='word_1_278' title='bbox 330 3974 463 4033; x_wconf 76' lang='lat' dir='ltr'>volontatis</span> <span class='ocrx_word' id='word_1_279' title='bbox 483 3981 573 4032; x_wconf 83' lang='lat' dir='ltr'>christi</span> <span class='ocrx_word' id='word_1_280' title='bbox 595 3983 730 4034; x_wconf 82' lang='lat' dir='ltr'>declararit</span> <span class='ocrx_word' id='word_1_281' title='bbox 748 3986 890 4049; x_wconf 82' lang='lat' dir='ltr'>coniugium</span> <span class='ocrx_word' id='word_1_282' title='bbox 912 3989 992 4036; x_wconf 84' lang='lat' dir='ltr'>ratum</span> <span class='ocrx_word' id='word_1_283' title='bbox 1016 4001 1088 4050; x_wconf 85' lang='lat' dir='ltr'>posse</span> <span class='ocrx_word' id='word_1_284' title='bbox 1102 3989 1211 4041; x_wconf 75' lang='lat' dir='ltr'>dissolri</span> <span class='ocrx_word' id='word_1_285' title='bbox 1223 4011 1229 4040; x_wconf 72' lang='grc' dir='ltr'>ι</span> <span class='ocrx_word' id='word_1_286' title='bbox 1243 3989 1342 4054; x_wconf 81' lang='lat' dir='ltr'>generali</span> 
     </span>
     <span class='ocr_line' id='line_1_35' title="bbox 218 4059 1344 4132; baseline 0.009 -25"><span class='ocrx_word' id='word_1_287' title='bbox 218 4059 318 4121; x_wconf 75' lang='lat' dir='ltr'>quidem</span> <span class='ocrx_word' id='word_1_288' title='bbox 339 4062 392 4125; x_wconf 81' lang='lat' dir='ltr'>iege</span> <span class='ocrx_word' id='word_1_289' title='bbox 412 4063 500 4113; x_wconf 83' lang='lat' dir='ltr'>statuit</span> <span class='ocrx_word' id='word_1_290' title='bbox 520 4063 583 4114; x_wconf 83' lang='lat' dir='ltr'>iliad</span> <span class='ocrx_word' id='word_1_291' title='bbox 607 4064 711 4115; x_wconf 81' lang='lat' dir='ltr'>dissolri</span> <span class='ocrx_word' id='word_1_292' title='bbox 731 4066 763 4115; x_wconf 87' lang='lat' dir='ltr'>ob</span> <span class='ocrx_word' id='word_1_293' title='bbox 783 4066 917 4116; x_wconf 84' lang='lat' dir='ltr'>solemnem</span> <span class='ocrx_word' id='word_1_294' title='bbox 945 4066 1071 4129; x_wconf 77' lang='lat' dir='ltr'>religionis</span> <span class='ocrx_word' id='word_1_295' title='bbox 1089 4071 1287 4132; x_wconf 71' lang='lat' dir='ltr'>professiones:</span> <span class='ocrx_word' id='word_1_296' title='bbox 1304 4082 1344 4132; x_wconf 85' lang='lat' dir='ltr'>pro</span> 
     </span>
     <span class='ocr_line' id='line_1_36' title="bbox 218 4139 1340 4215; baseline 0.01 -26"><span class='ocrx_word' id='word_1_297' title='bbox 218 4139 305 4190; x_wconf 80' lang='lat' dir='ltr'>ceteris</span> <span class='ocrx_word' id='word_1_298' title='bbox 322 4154 380 4190; x_wconf 84' lang='lat' dir='ltr'>varo</span> <span class='ocrx_word' id='word_1_299' title='bbox 399 4143 557 4202; x_wconf 78' lang='lat' dir='ltr'>ossibusnon</span> <span class='ocrx_word' id='word_1_300' title='bbox 579 4144 633 4206; x_wconf 82' lang='lat' dir='ltr'>iege</span> <span class='ocrx_word' id='word_1_301' title='bbox 645 4144 777 4195; x_wconf 80' lang='lat' dir='ltr'>universali</span> <span class='ocrx_word' id='word_1_302' title='bbox 788 4182 795 4207; x_wconf 91' lang='lat'><strong><em>‚</em></strong></span> <span class='ocrx_word' id='word_1_303' title='bbox 806 4145 850 4196; x_wconf 87' lang='lat' dir='ltr'>sed</span> <span class='ocrx_word' id='word_1_304' title='bbox 869 4146 998 4210; x_wconf 80' lang='lat' dir='ltr'>privilegio</span> <span class='ocrx_word' id='word_1_305' title='bbox 1014 4160 1044 4197; x_wconf 87' lang='lat' dir='ltr'>ac</span> <span class='ocrx_word' id='word_1_306' title='bbox 1061 4147 1252 4215; x_wconf 76' lang='lat' dir='ltr'>dispensatione</span> <span class='ocrx_word' id='word_1_307' title='bbox 1262 4150 1340 4202; x_wconf 77' lang='lat' dir='ltr'>notu.</span> 
     </span>
    </p>

    <p class='ocr_par' dir='ltr' id='par_1_7' title="bbox 290 4219 1090 4289">
     <span class='ocr_line' id='line_1_37' title="bbox 290 4219 1090 4289; baseline 0.014 -22"><span class='ocrx_word' id='word_1_308' title='bbox 290 4219 355 4279; x_wconf 76' lang='lat'>(125)</span> <span class='ocrx_word' id='word_1_309' title='bbox 372 4220 410 4270; x_wconf 83' lang='lat' dir='ltr'>ci.</span> <span class='ocrx_word' id='word_1_310' title='bbox 431 4225 513 4271; x_wconf 84' lang='lat' dir='ltr'>Traet.</span> <span class='ocrx_word' id='word_1_311' title='bbox 530 4224 571 4271; x_wconf 86' lang='lat' dir='ltr'>iii.</span> <span class='ocrx_word' id='word_1_312' title='bbox 590 4225 626 4272; x_wconf 82' lang='lat' dir='ltr'>De</span> <span class='ocrx_word' id='word_1_313' title='bbox 636 4226 715 4274; x_wconf 82' lang='lat' dir='ltr'>ntotr.</span> <span class='ocrx_word' id='word_1_314' title='bbox 728 4227 789 4289; x_wconf 83' lang='lat' dir='ltr'>cap.</span> <span class='ocrx_word' id='word_1_315' title='bbox 804 4229 827 4276; x_wconf 80' lang='lat' dir='ltr'>l.</span> <span class='ocrx_word' id='word_1_316' title='bbox 840 4225 904 4275; x_wconf 75' lang='grc' dir='ltr'>θιὼ.</span> <span class='ocrx_word' id='word_1_317' title='bbox 919 4233 942 4277; x_wconf 79' lang='lat' dir='ltr'>t.</span> <span class='ocrx_word' id='word_1_318' title='bbox 956 4239 980 4276; x_wconf 88' lang='lat' dir='ltr'>u.</span> <span class='ocrx_word' id='word_1_319' title='bbox 992 4233 1030 4278; x_wconf 81' lang='lat' dir='ltr'>oi.</span> <span class='ocrx_word' id='word_1_320' title='bbox 1049 4234 1090 4279; x_wconf 77' lang='lat' dir='ltr'>ot.</span> 
     </span>
    </p>

    <p class='ocr_par' dir='ltr' id='par_1_8' title="bbox 292 4296 706 4373">
     <span class='ocr_line' id='line_1_38' title="bbox 292 4296 706 4373; baseline 0.017 -28"><span class='ocrx_word' id='word_1_321' title='bbox 292 4296 591 4355; x_wconf 65' lang='lat' dir='ltr'>(instimulante.</span> <span class='ocrx_word' id='word_1_322' title='bbox 704 4368 706 4373; x_wconf 14' lang='grc' dir='ltr'><strong><em>Α</em></strong></span> 
     </span>
    </p>
   </div>
   <div class='ocr_carea' id='block_1_5' title="bbox 0 0 1402 5064">
    <p class='ocr_par' dir='ltr' id='par_1_9' title="bbox 0 0 1402 5064">
     <span class='ocr_line' id='line_1_39' title="bbox 0 0 1402 5064; baseline 0 3"><span class='ocrx_word' id='word_1_323' title='bbox 0 0 1402 5064; x_wconf 95' lang='lat' dir='ltr'> </span> 
     </span>
    </p>
   </div>
  </div>
 </body>
</html>
