2796 5064
263 118 337 171 cur.
353 118 401 171 ur.
417 118 459 171 sn
475 116 573 171 sesso
586 117 678 169 runo.
696 116 759 169 ιιι.
776 114 889 169 morse.
906 115 1002 171 utro.
1132 93 1200 165 itt

503 314 714 373 ARTlCULUS
734 315 755 369 l.

92 523 134 584 De
146 540 240 584 sensu
262 522 441 585 trodltlonuti
453 526 531 619 ctrcn
541 524 825 594 tudtssolubttitutem
840 524 992 583 christtunt
1007 525 1187 583 matrimontt

192 623 226 682 tn
249 637 339 683 causo
358 622 492 683 adulterit
511 623 655 698 prioribus
674 624 802 699 qutnqnc
817 622 953 682 ecclesiae
968 621 1084 682 seculis.

596 852 632 947 p.
664 853 689 920 1.

572 1088 607 1136 De
623 1086 721 1136 Herma.

149 1277 316 1352 Omnium
342 1277 471 1378 primus
492 1293 527 1350 et
551 1277 829 1377 antiquissimus,
855 1276 913 1375 qui
941 1275 1039 1348 nobis
1065 1273 1203 1349 exhibet
1244 1344 1250 1364 Ι

87 1409 255 1493 receptam
278 1392 312 1464 in
331 1390 474 1466 ecclesia
491 1391 677 1466 doctrinam
695 1391 738 1464 de
750 1389 906 1465 absoluta
930 1390 1135 1464 matrimonii
1151 1390 1202 1463 in·

81 1505 344 1582 dissolubilitute
369 1523 421 1581 est
437 1508 579 1581 Hermus
595 1508 648 1579 vir
669 1505 892 1608 apostolicus,
920 1505 1016 1580 cuius
1047 1506 1200 1578 meminit

80 1621 259 1723 Apostolus
277 1622 321 1695 ud
340 1646 496 1697 romanos
512 1625 582 1719 (6),
599 1639 632 1696 et
648 1623 746 1697 cuius
760 1622 991 1697 auctoritatem
1010 1621 1094 1695 tanti
1114 1621 1201 1695 soce

80 1754 155 1810 mut
177 1753 311 1810 veteres
329 1735 450 1837 aliqui,
465 1753 502 1810 ut
518 1737 591 1811 eius
610 1736 745 1823 librum,
767 1737 821 1809 oui
848 1736 966 1810 titulus
984 1751 1036 1809 est
1060 1736 1199 1821 Pastor,

80 1851 164 1927 inter
189 1851 378 1951 scripturas
400 1852 581 1926 canonicas
607 1853 838 1926 recensuerint
857 1855 927 1948 (7).

149 1967 218 2041 Hic
243 1967 347 2066 igitur
371 1967 430 2040 lib.
448 1969 491 2040 ll.
509 1967 668 2041 mandato
682 1969 734 2040 lv.
755 1969 804 2040 De
821 1967 1016 2040 dimittendo
1035 1966 1198 2052 adultero,

79 2081 164 2156 haec
187 2083 309 2180 habet:
333 2083 527 2170 «Domine,
550 2083 677 2183 inquit,
700 2084 853 2183 permitte
884 2109 938 2155 me
965 2107 1074 2182 pauca
1099 2081 1202 2156 verba

82 2213 192 2271 tecum
218 2196 328 2297 loqui.
356 2197 437 2284 Die,
467 2198 588 2297 inquit.
617 2199 659 2270 Et
688 2198 757 2270 dixi
785 2197 846 2268 illi:
873 2198 1027 2284 Domine,
1063 2199 1092 2270 si
1123 2196 1202 2297 quis

78 2312 237 2386 habuerit
257 2338 394 2387 uxorem
419 2312 553 2386 fidelem
571 2315 606 2385 in
631 2315 792 2401 Domino,
814 2329 847 2386 et
865 2314 952 2387 hano
977 2312 1141 2385 invenerit
1165 2313 1200 2385 in

77 2427 260 2514 adulterio,
281 2427 447 2528 numquid
461 2444 576 2528 peccat
596 2430 659 2516 vir,
681 2431 711 2501 si
730 2429 877 2504 convivit
894 2455 969 2502 cum
990 2426 1074 2499 itta?
1092 2428 1134 2498 Et
1147 2425 1201 2497 di-

79 2545 127 2617 xit
143 2543 253 2617 mihi:
275 2544 438 2644 quamdiu
460 2546 569 2618 nescit
593 2563 766 2646 peccatum
792 2546 879 2631 eius,
901 2547 974 2618 sino
991 2544 1132 2618 crimine
1149 2557 1203 2615 cst

78 2661 128 2732 vir
151 2661 271 2734 vivens
295 2684 372 2733 cum
395 2658 466 2734 ille.
496 2661 531 2732 Si
560 2677 671 2735 cutem
697 2662 834 2735 sciverit
859 2661 912 2733 vir
935 2686 1072 2733 uxorem
1103 2683 1200 2731 suam

73 2775 279 2875 deliquisse,
310 2791 345 2849 et
370 2801 437 2849 non
463 2777 568 2873 egerit
594 2779 833 2876 poenitentiam
856 2776 997 2862 mulier,
1018 2791 1052 2847 et
1069 2799 1203 2875 permu-

76 2907 131 2964 net
162 2891 198 2962 in
235 2889 454 2966 fornicatione
484 2919 565 2979 sua,
595 2909 628 2965 et
658 2893 804 2967 convivit
836 2918 911 2966 cum
938 2891 998 2964 illa
1024 2891 1094 2976 vir;
1123 2914 1200 2962 reus

78 3008 142 3079 erit
167 3006 297 3105 peccati
320 3006 407 3094 eius,
437 3023 470 3080 et
496 3007 663 3108 particeps
685 3008 929 3082 moechationis
946 3006 1033 3079 eius.
1063 3004 1106 3076 Et
1131 3003 1202 3075 dixi

76 3120 143 3193 itti:
162 3120 254 3207 Quid
267 3145 348 3220 ergo
361 3122 390 3195 si
409 3122 633 3223 permanserit
651 3122 684 3194 in
702 3123 784 3196 vitio
801 3148 864 3197 suo
882 3120 1027 3194 mulier?
1040 3121 1083 3193 Et
1098 3118 1196 3191 dixit:

74 3235 230 3307 Dimittat
255 3236 351 3308 illam
376 3239 451 3320 nir,
481 3253 511 3310 ct
536 3240 591 3309 uir
611 3265 673 3335 per
697 3264 730 3310 se
757 3253 896 3311 mouent.
920 3236 1016 3322 Quod
1045 3236 1074 3307 si
1101 3233 1202 3306 dimi·

74 3353 158 3424 serit
183 3350 357 3424 mulierem
385 3378 495 3439 suam,
524 3369 557 3425 et
582 3353 681 3426 aliam
712 3353 864 3438 duxerit,
885 3369 917 3425 et
943 3353 1016 3452 ipse
1044 3349 1201 3423 moechu-

74 3483 142 3539 tur.
167 3466 209 3538 Et
226 3466 296 3538 diri
316 3466 384 3539 illi:
406 3467 494 3553 Quid
513 3470 541 3540 si
560 3467 682 3541 mulier
698 3468 841 3542 dimissa
868 3467 1106 3568 poenitentiam
1125 3489 1202 3562 ege·

74 3584 137 3669 rit‚
167 3597 202 3654 ot
224 3581 366 3655 voluerit
391 3583 566 3656 advirum
589 3609 688 3656 suum
720 3584 852 3668 revorti;
882 3608 994 3655 noune
1021 3580 1225 3678 recipietur

72 3726 92 3772 a
118 3699 195 3772 viro
223 3695 311 3771 suo?
328 3696 369 3770 Et
393 3698 479 3771 dixit
500 3698 600 3771 mihi:
624 3700 697 3771 lmo
718 3699 745 3772 si
767 3725 832 3772 non
861 3699 1026 3797 receperit
1049 3723 1123 3770 eam
1149 3696 1201 3768 vir

70 3840 181 3900 suus,
210 3829 350 3912 peccat,
372 3830 405 3887 et
422 3840 581 3912 magnum
600 3829 772 3915 peceatum
792 3814 857 3887 sibi
877 3813 1038 3885 admittit:
1063 3809 1122 3883 sed
1141 3809 1199 3883 de·

144 4003 183 4065 (o)
199 4004 271 4052 Rom.
284 4003 346 4052 XVI.
364 4006 400 4052 tt.

139 4082 180 4144 (7)
194 4082 234 4131 ct.
246 4084 282 4131 to.
298 4083 325 4131 B.
339 4083 500 4133 cnteteriurn:
523 4082 661 4134 tudtctum
672 4083 704 4134 de
714 4097 732 4131 s.
749 4086 860 4133 ttormnr
879 4084 995 4132 Pastore.

1051 4161 1068 4200 't‘
