2796 5064
166 394 238 447 ιιι.
259 393 285 446 ι.
295 392 368 445 ιιι.
384 390 839 446 membressitanum.
855 392 926 444 ιιι.
939 386 1054 444 suma.
1108 371 1179 443 155

65 512 286 613 Augustinus,
308 526 470 587 ettamen
488 506 740 586 indissolubilia
757 536 899 612 prorsus
916 526 1008 599 sunt,
1029 537 1097 586 non
1121 538 1179 588 se·

61 658 112 705 cns
144 657 187 704 ae
212 629 429 704 matrimonia
459 629 495 701 in
530 628 655 729 quibus
688 626 772 703 ratio
797 627 1000 701 sacramenti
1025 644 1078 703 est
1103 655 1181 728 per-

62 747 142 820 lecta
170 746 288 842 (itt).

129 867 165 935 6.
195 861 287 948 Quia
302 860 395 961 quod
413 859 533 936 attinet
555 858 599 933 ad
623 860 869 958 Augustinum,
889 861 952 934 etsi
968 860 1179 960 praetermit-

63 992 148 1050 tatur
170 974 354 1076 llasquazii
379 973 563 1074 singularis
588 975 752 1050 sententia
778 975 870 1048 iuxta
886 1000 989 1074 quam
1006 1001 1036 1049 s.
1058 975 1179 1050 Ductor

61 1117 258 1192 numquam,
273 1115 351 1166 cum
367 1096 439 1190 agit
450 1091 494 1165 de
503 1090 736 1180 matrimonio,
752 1090 966 1192 usurpaverit
979 1090 1181 1165 sacramenti

60 1232 170 1282 rocem
204 1231 325 1307 presso
354 1232 458 1282 sensu
483 1206 527 1281 da
552 1232 632 1282 vero
665 1223 698 1281 et
724 1207 859 1307 proprio
885 1205 1102 1304 novaelegis
1132 1232 1184 1281 sa-

61 1337 242 1411 cramanto,
257 1321 323 1397 etsi
336 1320 432 1410 baec,
447 1321 600 1423 inquam,
613 1324 778 1398 sententia
790 1322 1081 1424 praetermittatur,
1095 1346 1184 1422 quae

61 1435 160 1510 illata
184 1448 269 1510 sunt
290 1435 482 1510 testimonia
506 1435 666 1538 explicari
689 1462 792 1537 posse
812 1437 969 1511 uidentur
985 1451 1043 1510 aut
1066 1434 1110 1509 de
1126 1461 1183 1510 se-

62 1566 232 1625 cramento
255 1548 421 1625 naturalis
437 1549 564 1624 vinculi
587 1549 678 1650 quod
699 1578 741 1625 ex
760 1552 837 1652 ipsa
862 1551 936 1648 lego
952 1566 1093 1625 naturae
1105 1575 1183 1624 ean·

63 1683 148 1740 oum
171 1681 228 1739 est
244 1681 347 1766 atque
362 1664 555 1754 insolubile,
575 1681 635 1740 aut
650 1666 694 1740 de
718 1683 929 1742 sacramento
957 1666 1114 1766 baptismi
1137 1692 1178 1739 ex

62 1807 124 1880 quo
146 1781 208 1869 tit,
224 1796 264 1853 ut
287 1780 479 1878 coniugium
498 1781 660 1869 fidelium,
676 1781 735 1882 qui
762 1799 841 1856 suut
858 1781 984 1855 Christi
1012 1780 1174 1870 membra,

62 1897 220 1971 unionem
246 1895 373 1970 Christi
404 1921 483 1971 cum
509 1896 653 1972 eeclesia
678 1897 865 1995 significet;
894 1921 961 1970 non
992 1911 1103 1970 autem
1133 1896 1181 1970 de

63 2010 133 2111 ipsa
158 2010 291 2084 ratione
313 2009 383 2085 veri
408 2026 443 2083 st
466 1982 592 2111 pioprii
614 2011 827 2098 sacramenti,
851 2035 939 2110 quae
964 2009 1179 2084 matrimonio

64 2124 240 2198 fidelium
231 2139 332 2198 inest
353 2124 494 2225 Atque
485 2151 520 2196 un
538 2124 627 2198 banc
650 2152 721 2200 rem
739 2125 911 2225 proferunt
930 2123 998 2198 alia
1022 2122 1177 2200 eiusdem

65 2238 169 2312 mncti
204 2237 352 2313 doctoris
383 2237 596 2327 testimonia,
624 2239 673 2313 uti
700 2266 740 2312 ex
770 2239 856 2313 libro
881 2240 930 2311 Dc
955 2242 1096 2339 nuptiis,
1123 2238 1183 2313 ubi

67 2353 136 2454 ipse
163 2352 304 2428 scribit:
328 2354 433 2428 ulam
458 2381 548 2428 nuno
575 2355 606 2428 si
636 2354 783 2455 quodam
809 2354 910 2430 modo
940 2355 1183 2453 interrogemus

68 2468 155 2545 bona
172 2467 236 2542 illa
251 2467 435 2570 nuptialia,
457 2469 548 2543 nude
560 2469 605 2544 ab
620 2470 671 2545 eis
693 2473 838 2571 potuerit
855 2486 1029 2571 peccatum
1051 2471 1085 2544 in
1104 2496 1183 2570 par-

67 2585 160 2660 uulos
184 2584 385 2685 propagari,
411 2583 630 2684 respondebit
649 2585 747 2661 nobis
773 2587 923 2686 operatio
944 2585 1183 2687 propagandae

67 2701 190 2802 prolis:
220 2725 285 2798 ego
313 2700 349 2774 in
369 2700 531 2800 paradiso
559 2701 668 2800 magis
698 2701 776 2776 felix
801 2728 930 2789 essem,
957 2701 987 2775 si
1008 2718 1183 2800 peccatum

70 2843 133 2892 non
156 2814 280 2890 fuisset
295 2815 527 2891 admissum...
539 2816 766 2918 Respondebit
779 2819 881 2910 ctiam
903 2818 1058 2890 concubii
1072 2842 1185 2890 socru-

66 2947 228 3004 ueutum:
254 2930 300 3006 de
328 2947 484 3005 meante
511 2947 683 3031 peccatum
709 2930 836 3005 dictum
860 2947 913 3005 est
939 2931 973 3005 in
1003 2930 1180 3030 paradiso:

67 3047 228 3146 relinquet
245 3046 336 3120 butue
349 3061 480 3145 putrem
495 3062 527 3120 et
542 3061 689 3132 matrem,
710 3061 740 3123 ct
756 3047 946 3120 adhaerebit
968 3047 1069 3118 acori
1088 3070 1180 3130 succ,

67 3179 94 3235 ct
115 3176 216 3236 ινιιιιι
239 3160 303 3235 duo
327 3163 363 3235 iu
388 3188 484 3236 cume
516 3189 595 3236 uuo.
625 3161 721 3250 Quod
752 3189 911 3260 magnum
936 3175 1182 3236 sacramentum

66 3277 148 3352 dicit
167 3276 350 3376 Apostolus
378 3277 412 3350 in
431 3274 565 3353 Christo
590 3293 624 3352 et
649 3278 683 3351 in
712 3278 867 3352 ecclesia.
896 3276 993 3364 Quod
1024 3301 1104 3376 ergo
1133 3292 1186 3351 est

65 3391 262 3467 iuChristo
290 3393 382 3469 etin
407 3393 549 3468 ecclesia
574 3419 753 3491 magnum,
785 3394 849 3468 hoc
875 3394 910 3466 in
936 3392 1081 3491 singulis
1103 3391 1181 3493 qui-

67 3506 201 3608 busque
229 3507 312 3581 uiris
339 3525 441 3609 utque
465 3507 627 3583 uxoribus
652 3507 847 3595 minimum,
874 3506 934 3582 sed
964 3522 1076 3582 tamen
1105 3531 1187 3580 con·

67 3622 251 3698 iunctionis
278 3624 515 3725 inseparabilis
542 3639 779 3697 somersetam
808 3625 954 3719 (112).»
983 3624 1032 3696 Ex
1060 3621 1186 3722 quibus

67 3739 181 3814 verbis
208 3754 301 3840 putet
324 3740 417 3814 iuxta
443 3756 587 3814 mentem
605 3739 783 3837 Augustini
801 3738 1050 3813 matrimonium
1076 3738 1111 3811 in
1131 3762 1187 3836 pn·

70 3854 184 3929 rudiso
199 3855 275 3951 lege
298 3854 608 3929 indissolubilitatis
627 3855 818 3928 deuinctum
844 3854 962 3942 luisse,
984 3854 1120 3954 iamque
1143 3879 1184 3927 ex

71 3967 283 4044 institutione
313 3995 377 4044 sue
406 3997 563 4070 mapsam
592 3970 699 4043 luisse
726 3984 962 4043 sccrcmentum
993 3970 1028 4042 in
1054 3968 1188 4043 Christo

74 4085 161 4157 etin
187 4085 344 4160 ecclesia.
374 4086 461 4159 Fieri
488 4087 603 4186 itaque
632 4112 698 4160 non
720 4099 829 4185 potest
852 4101 890 4159 ut
913 4085 1119 4184 Augustinus
1145 4109 1187 4157 ex

143 4269 211 4332 (ιιι)
222 4268 296 4334 Apud
314 4268 429 4321 Pontium
439 4272 477 4321 Dc
493 4271 574 4321 metr.
586 4267 629 4320 lib.
640 4270 660 4319 1.
671 4281 695 4319 c.
705 4270 748 4320 xl.

143 4347 213 4414 (ιιι)
228 4350 290 4415 cup.
303 4346 370 4403 m.
382 4363 408 4402 n.
419 4356 459 4404 ιι.
472 4352 536 4416 opp.
547 4347 586 4402 ed
597 4350 679 4401 ttuur.
689 4350 750 4401 tom.
765 4352 796 4400 x.
809 4325 856 4400 col.
870 4355 924 4401 ιιι.
