2796 5064
277 332 1117 413 enumeratamrmnunrnnrssnnrnnnnn.
1189 339 1258 411 att

143 476 442 554 dissolubilitatem
467 477 671 552 matrimonii
691 478 727 550 in
748 504 830 552 casu
855 476 1023 552 adulterii.
1045 476 1143 552 Haud
1161 480 1259 578 pauci

141 595 177 668 in
206 592 297 668 l'alsa
324 591 507 695 hypothesi
532 592 575 666 de
598 592 737 668 veritate
766 591 1020 668 Poenitentialis
1051 592 1260 668 theodoriani

139 725 362 786 autrrmarunt
377 708 427 782 nil
442 708 566 783 mirum
583 735 676 797 esse,
696 709 727 781 si
746 709 819 810 ipse
836 708 1093 784 dissolutionem
1111 709 1260 807 coniugii

140 823 387 899 interveniente
414 821 580 899 adulterio
611 825 782 911 statuerit,
816 839 931 925 utpote
962 822 1063 898 homo
1092 849 1258 922 graecus,

138 940 274 1041 quique
291 938 328 1012 iu
345 937 524 1013 ecclesiam
541 936 864 1036 Anglo—Saxonicam
887 964 1083 1036 graecorum
1108 936 1262 1039 discipli-

139 1081 236 1144 nam,
256 1053 294 1128 in
311 1079 381 1153 qua
395 1053 562 1128 enutritus
579 1068 668 1142 erat,
689 1052 855 1128 detulerit.
876 1053 938 1127 Ast
961 1080 1155 1156 perperam
1185 1081 1262 1128 nam

141 1195 331 1272 numquam
357 1169 432 1270 ipse
455 1168 623 1245 eiusmodi
648 1170 852 1244 sententiam
875 1169 1049 1272 professus
1067 1185 1138 1258 est,
1159 1170 1265 1245 multo

139 1311 221 1359 raro
247 1284 363 1360 minus
386 1285 496 1387 ipsam
521 1284 700 1384 proposuit
724 1285 887 1361 ecclesiae
909 1284 1082 1385 anglicae;
1110 1284 1264 1387 quinimo

139 1399 348 1476 contrariam
373 1426 512 1502 prorsus
536 1400 645 1473 tenuit
670 1401 869 1501 statuitque.

214 1516 306 1590 Sane
330 1541 393 1590 nos
417 1515 454 1588 in
478 1515 688 1617 paragrapho
712 1516 926 1617 praecedenti
948 1516 1190 1618 descripsimus
1207 1541 1264 1590 ca·

141 1631 255 1733 pitx.
269 1631 489 1706 constitutum
506 1631 542 1703 in
560 1630 703 1705 concilio
716 1630 1001 1721 herudfordiensi,
1014 1629 1105 1732 quod
1117 1629 1265 1732 primum

141 1745 207 1820 tuit
224 1744 260 1817 in
276 1743 397 1843 Anglia
415 1745 480 1819 suh
501 1745 674 1820 Theodoro
697 1746 925 1820 cantuariensi
950 1763 1121 1834 coactum,
1141 1745 1266 1845 cuique

142 1859 219 1960 ipse
239 1859 399 1960 praefuit.
419 1859 491 1934 lam
506 1887 586 1936 vero
603 1861 637 1932 in
657 1860 721 1936 hac
739 1860 871 1962 synodo
888 1888 1046 1961 expresse
1070 1858 1264 1936 omnimoda

142 1975 430 2050 indissolubilitas
447 1976 578 2052 sancita
595 1994 648 2052 est
663 1979 766 2052 etiam
787 1978 823 2050 in
843 2003 925 2052 casu
949 1975 1105 2068 adulterii
1122 1975 1187 2050 sub
1205 1974 1266 2049 oh

140 2092 323 2168 testatione
343 2092 565 2192 professionis
591 2094 810 2169 christianae.
827 2094 920 2168 ldem
938 2094 1133 2168 Theodorus
1150 2107 1267 2166 auctor

140 2207 207 2283 tuit
237 2208 410 2310 episcopis
441 2211 652 2309 congregatis
676 2226 715 2285 ut
739 2211 855 2285 decem
879 2209 1030 2311 capitula
1053 2225 1202 2284 extracta
1226 2236 1267 2282 er

140 2323 231 2399 lihro
255 2349 424 2399 canonum
445 2323 637 2424 probarent.
660 2325 919 2425 «Interrogavi,
940 2325 1054 2425 inquit
1068 2324 1264 2399 Theodorus

141 2441 178 2514 in
202 2437 368 2527 concilio,
395 2465 671 2541 unumquemque
693 2467 808 2515 eorum
829 2442 1115 2541 (episcoporum)
1136 2467 1197 2541 per
1213 2466 1267 2514 or-

140 2554 280 2642 dinem,
300 2554 331 2628 si
348 2554 595 2640 consentirent,
616 2582 655 2628 cu
679 2582 761 2654 quoe
787 2582 809 2628 o
830 2556 983 2655 putridus
1013 2557 1163 2629 cononice
1191 2569 1267 2628 aaut

139 2671 328 2771 antiquitus
344 2669 488 2754 decreto,
504 2670 664 2743 custodire
676 2673 816 2768 (264).»
827 2671 915 2769 Ergo
924 2670 1119 2744 Theodorus
1131 2669 1175 2743 ad
1189 2695 1267 2744 nor-

142 2811 237 2862 mam
262 2785 479 2884 antiquorum
504 2811 671 2860 canonum
696 2787 876 2889 perlectam
904 2785 1053 2883 coniugii
1083 2781 1268 2858 indissolu-

140 2900 312 2976 bilitatem
337 2900 501 2989 sancivit,
533 2927 573 2975 ac
596 2901 737 3002 proinde
762 2901 885 2976 falsum
909 2916 962 2976 est
986 2900 1100 3000 ipsum
1117 2924 1179 3000 pro
1199 2898 1268 2973 dis·

134 3016 315 3094 solutione
339 3017 474 3091 stetisse
491 3017 526 3089 in
544 3043 648 3090 causa
669 3016 846 3104 adulterii,
867 3034 965 3117 prout
981 3016 1017 3088 in
1035 3014 1147 3089 allatis
1166 3012 1267 3115 paulo

141 3150 224 3208 ante
248 3132 436 3206 canonibus
461 3132 526 3206 sub
551 3132 625 3207 eius
651 3134 787 3208 nomine
809 3131 954 3230 vulgatis
979 3130 1177 3206 adstruitur.

217 3246 286 3321 Sed
310 3246 433 3320 falsum
457 3263 630 3347 praeterea
647 3263 720 3334 est,
741 3246 953 3321 Theodorum
973 3260 1087 3346 utpote
1109 3271 1266 3344 graecum

142 3361 306 3436 intulisse
330 3363 366 3433 in
389 3361 567 3436 ecclesiam
597 3363 908 3462 anglo-saxonicam
933 3360 1098 3437 ecclesiae
1127 3388 1268 3460 graecae

140 3476 364 3578 disciplinam
389 3503 450 3552 seu
475 3479 588 3581 potius
613 3477 846 3580 corruptelam.
874 3478 1007 3550 Etenim
1033 3491 1266 3579 praeterquam

142 3591 241 3694 quod
265 3591 459 3666 Theodorus
484 3609 665 3695 antequam
683 3593 728 3668 ad
745 3593 974 3695 episcopatum
993 3592 1190 3666 eveheretur
1208 3616 1268 3689 per

141 3708 279 3808 aliquot
290 3733 398 3782 annos
412 3708 535 3782 Romae
549 3724 773 3783 commoratus
786 3725 875 3796 erat,
890 3708 1043 3809 adeoque
1056 3720 1267 3806 perspectam

141 3824 275 3925 optime
305 3821 445 3896 heberet
473 3820 635 3897 ecclesiae
660 3850 817 3898 romanae
841 3823 1027 3898 doctrinam
1051 3821 1095 3894 de
1119 3818 1268 3893 indisso-

142 3937 314 4013 lubilitate
337 3937 493 4012 absoluta
517 3937 667 4035 coniugii
691 3938 793 4013 etiam
811 3939 846 4011 in
863 3965 946 4014 casu
971 3936 1128 4012 adulterii
1154 3931 1267 4035 quoad

141 4053 338 4143 vinculum,
361 4081 519 4129 romanus
544 4055 692 4154 pontifex
714 4072 895 4157 antequam
913 4053 1123 4129 Theodorum
1148 4049 1192 4124 ad
1215 4074 1267 4123 re·

220 4239 288 4304 (tot)
302 4238 368 4291 Beda
381 4240 448 4291 not.
458 4238 547 4292 eccla.
557 4241 628 4304 nent.
641 4238 717 4304 tuot.
729 4239 772 4291 tit.
783 4241 824 4291 lv.
834 4253 888 4305 cap.
900 4241 931 4292 v.
942 4240 1005 4304 Opp.
1015 4237 1054 4290 ed.
1066 4236 1140 4289 Besil.
1148 4237 1210 4288 tom.
1220 4237 1264 4287 lll.

144 4335 203 4387 pap
218 4326 272 4373 m.
