2796 5064
142 353 187 425 80
305 375 366 425 ιιι.
388 373 438 424 ιιι.
459 372 590 424 secun
612 373 652 423 ne
677 373 772 424 ιιιιι.
793 372 916 426 osma.
941 371 1088 427 umrirn.

212 493 330 568 Vemm
356 490 446 593 quod
464 491 575 591 magis
597 492 728 566 adrem
747 494 896 567 noenum
922 491 1002 567 iacit
1025 509 1080 568 est
1102 475 1251 570 doctrina

139 634 241 710 quam
267 609 303 680 in
327 607 480 682 conciliis
504 606 647 683 ecelesia
673 609 825 709 professa
846 625 915 696 est,
936 635 978 683 ex
1002 636 1071 710 qua
1091 609 1252 687 discimus

137 725 187 798 uti
211 723 380 822 legitimas
409 724 576 797 secundas
602 725 742 825 nuptias
766 725 888 823 iugiter
904 724 1040 800 habitas
1071 725 1204 816 luisse,
1225 744 1254 802 et

140 840 317 914 damnatos
344 840 451 913 luisse
475 839 535 941 qui
562 840 596 912 id
623 856 795 937 negarent.

211 956 298 1029 Sane
323 954 501 1030 concilium
523 956 775 1031 oecumenicum
795 955 977 1030 nicaenum
998 954 1046 1030 itu
1064 958 1251 1033 constituit:

141 1101 163 1141 ι
184 1069 235 1144 De
258 1070 332 1160 his,
360 1071 420 1171 qui
453 1097 491 1145 se
523 1070 697 1145 nominant
729 1070 907 1158 catharos,
939 1070 975 1142 id
1004 1087 1058 1144 est
1087 1070 1252 1160 mundos,

17 1197 20 1201 ’
140 1186 170 1261 si
183 1185 366 1288 aliquando
378 1187 532 1261 venerint
543 1186 587 1260 ad
600 1186 778 1260 ecclesiam
792 1184 1012 1260 catholicam.
1027 1206 1041 1258 .’
1052 1244 1061 1258 .
1072 1185 1168 1262 llaec
1181 1212 1255 1289 prae

140 1301 298 1377 omnibus
323 1310 383 1376 ens
412 1302 549 1403 scriptis
580 1301 737 1377 convenit
758 1291 927 1401 profiteri,
954 1301 1045 1401 quod
1072 1300 1255 1378 catholicae

140 1433 174 1491 et
197 1417 403 1517 apostolicae
428 1417 590 1492 ecelesiae
610 1417 769 1514 dogmata
789 1417 980 1515 suscipiant
995 1432 1029 1490 et
1046 1433 1252 1518 sequanmr‚

39 1549 42 1554 “
140 1530 175 1605 id
201 1548 273 1621 est,
294 1549 329 1606 et
351 1532 497 1631 bigamis
518 1557 557 1606 se
582 1532 830 1606 communicare
851 1533 966 1629 (21).»

212 1646 400 1721 Concilium
422 1672 502 1720 vero
527 1645 738 1721 laodicenum
765 1645 921 1746 quamvis
945 1645 1121 1721 nonnullis
1143 1647 1254 1748 poeni·

141 1760 335 1837 tentialibus
363 1761 523 1861 operibus
558 1761 712 1859 bigamos
739 1760 898 1834 subiiciat
926 1761 970 1834 eb
999 1761 1257 1838 incontinentiae

141 1875 255 1951 labem
276 1903 379 1978 quam
397 1876 604 1976 praeseferre
627 1877 786 1951 uidentur
802 1876 865 1977 qui>
886 1876 1021 1976 nuptias
1039 1877 1187 1965 iterant,
1207 1893 1254 1952 tu·

142 2018 219 2066 men
249 2019 309 2092 pro
334 1991 481 2091 legitime
511 1992 700 2066 coniunctis
724 1998 784 2066 eos
815 1990 934 2078 habet,
957 1991 1039 2064 dum
1066 1991 1102 2063 in
1127 1992 1252 2065 canl.

144 2108 263 2182 edicit:
287 2109 370 2181 «De
386 2108 462 2197 his,
483 2109 544 2209 qui
575 2109 750 2182 seeundum
767 2109 1019 2182 ecelesiasticam
1043 2107 1196 2206 rapulam
1220 2107 1255 2180 li·

144 2224 216 2296 bere
231 2251 270 2298 oc
289 2225 428 2324 legitime
446 2225 604 2299 secundis
622 2225 749 2325 nuptiis
771 2224 875 2313 iuncti
894 2239 993 2297 sunt.
1008 2280 1016 2296 .
1033 2240 1204 2324 .eportet,
1223 2222 1257 2298 ut

144 2366 247 2438 parvo
270 2356 419 2440 tempore
444 2357 631 2429 transacto,
660 2356 780 2415 uacent
803 2339 1011 2414 orationibus
1035 2356 1072 2414 et
1094 2339 1250 2428 ieiuniis;

143 2455 269 2554 quibus
300 2456 420 2545 etiam,
450 2455 542 2530 iuxta
566 2455 834 2553 indulgentiam,
862 2455 1133 2528 communionem
1163 2451 1254 2530 reddi

142 2570 354 2646 decrevimus
371 2573 484 2668 (22),»
500 2571 624 2646 ducere
636 2572 738 2669 igitur
753 2569 858 2664 libere
870 2597 910 2645 ae
920 2569 1063 2668 ligitime
1075 2571 1255 2646 secundum

143 2694 296 2775 uxorem,
318 2687 428 2788 priore
445 2687 624 2776 defuncta,
646 2704 698 2761 est
721 2687 907 2761 seeundum
925 2685 1192 2762 ecelesiasticam
1209 2711 1257 2762 re-

144 2803 274 2902 gulam;
296 2819 424 2878 tantum
450 2803 562 2893 abest,
584 2819 622 2878 ut
638 2803 807 2878 secundas
828 2800 965 2903 nuptias
995 2802 1254 2902 aliquandollo-

141 2918 248 2993 elesia
277 2919 497 2993 interdixerit.

214 3034 263 3107 Ex
280 3034 336 3109 his
352 3035 562 3109 documentis
580 3051 672 3135 patet
693 3036 776 3135 quid
795 3035 838 3109 de
855 3034 1014 3109 secundis
1032 3033 1165 3135 nuptiis
1183 3059 1257 3108 sen-

143 3149 225 3222 serit
249 3149 412 3223 eeclesia:
439 3175 498 3222 eas
523 3176 644 3249 nempe
668 3176 854 3252 numquam
871 3150 907 3221 in
928 3175 967 3224 se
991 3149 1188 3247 reprobarit
1203 3163 1259 3222 eut

141 3263 336 3351 interdixit;
358 3265 418 3338 sed
444 3265 474 3338 si
501 3265 684 3365 aliquando
708 3292 767 3340 eas
793 3264 1011 3365 reprehendit
1028 3265 1075 3338 ita
1092 3290 1133 3340 se
1148 3264 1256 3364 gessit

144 3378 256 3477 potius
283 3394 322 3452 ut
345 3378 391 3451 ad
421 3378 657 3478 perfectionem
687 3379 804 3454 fideles
826 3394 1036 3479 provocaret,
1064 3380 1189 3479 purtim
1215 3405 1254 3455 ex

143 3518 183 3566 ec
200 3493 291 3593 quod
309 3492 434 3591 bigami
449 3482 581 3593 praeter
594 3495 794 3568 severiorem
808 3495 983 3569 christiani
1001 3494 1144 3569 instituti
1158 3493 1258 3596 spiri·

145 3623 238 3696 tum,
263 3608 539 3708 intemperantiae
564 3609 737 3708 indulgere
761 3609 971 3697 viderentur,
994 3609 1117 3710 partim
1142 3609 1187 3685 cb
1211 3610 1258 3683 in·

143 3725 336 3812 commoda,
352 3751 440 3825 quae
461 3725 640 3824 provenire
667 3753 708 3799 ex
739 3726 867 3800 iteratis
897 3726 1025 3825 nuptiis
1055 3725 1089 3798 in
1116 3723 1258 3825 privatis

143 3838 281 3912 familiis
299 3858 560 3927 consueverunt,
582 3840 710 3916 scilicet
731 3841 898 3942 zelotypia
921 3858 954 3915 et
972 3840 1143 3915 discordia
1162 3866 1258 3941 prae·

140 3955 257 4028 sertim
282 3954 425 4031 filiorum
445 3955 503 4058 qui
530 3983 569 4029 ex
594 3957 714 4056 primis
740 3981 924 4058 eorumque
949 3955 1008 4057 qui
1035 3983 1077 4030 ex
1095 3955 1256 4032 secundis

216 4176 265 4239 (ti)
281 4178 342 4228 cau.
354 4178 420 4227 viii.
431 4189 461 4227 ex
472 4189 534 4228 rere.
547 4179 646 4243 Dionys.
660 4178 746 4242 lisigni
756 4176 821 4242 apud
835 4171 958 4230 iiarduinss
968 4180 1034 4230 Aeto
1050 4176 1145 4232 concil.
1163 4179 1224 4231 turm
1238 4179 1257 4229 i.

141 4258 189 4308 ⁰¹⁰¹.
201 4265 345 4401 iiitiellitd
358 4339 407 4390 eoi.
417 4344 472 4392 tsi.
485 4353 516 4393 ex
527 4352 591 4391 verr.
607 4340 720 4403 Dionysii
737 4339 834 4403 Euigrri.
