2796 5064
133 345 201 416 tto
276 367 337 419 un.
356 366 402 417 ιιι.
419 363 506 417 sscr.
522 365 652 417 ιιιιιι.
671 366 710 416 os
724 366 839 418 rnnrss.
856 367 952 417 ssrn.
970 343 1096 418 csnlsr.

127 487 237 559 stolici
247 501 407 560 vocantur
426 486 540 579 (1⁹8).
560 483 734 584 Siquidem
755 484 791 557 in
810 509 887 558 can.
900 484 1065 571 xlviii,
1088 484 1141 558 vel
1160 486 1243 560 iuxta

129 601 356 676 recensionem
389 625 431 674 ao
454 600 644 675 versionem
662 599 818 699 Dionysii
841 600 953 698 exigui
974 627 1050 673 can.
1068 601 1135 672 lll..
1152 600 1245 675 abso-

129 714 214 802 lute,
232 742 292 789 seu
313 714 445 815 absque
463 715 659 813 exceptione
676 714 746 788 ulla
768 716 935 789 statuitur:
961 714 1024 786 «Si
1044 715 1126 815 quis
1147 715 1247 790 laicus

128 856 232 903 uxore
257 857 319 904 sua
345 831 469 916 eiecta,
489 830 593 902 aliam
618 831 806 928 acceperit,
827 831 880 903 vel
902 830 945 903 ab
964 831 1033 903 alio
1049 830 1245 916 dimissam,

129 962 372 1043 segregetur.»
402 946 477 1031 Quo
502 946 638 1046 quidem
664 972 792 1020 canone
816 933 896 1020 vera
921 947 1100 1020 verborum
1127 946 1247 1021 Christi

129 1079 162 1135 et
186 1088 300 1135 eorum
332 1063 521 1136 communis
546 1087 586 1136 ea
616 1078 724 1136 aetate
748 1062 969 1159 intelligentia
993 1061 1178 1136 exhibetur
1200 1088 1248 1136 ec-

129 1175 322 1277 clasiaeque
352 1177 478 1276 praxis.
500 1177 553 1249 Nil
579 1177 723 1276 proinde
747 1178 891 1264 mirum,
922 1178 951 1251 si
979 1176 1115 1275 allegati
1142 1196 1248 1277 patres

128 1292 303 1367 docuerint
329 1292 480 1365 unanimi
505 1318 673 1367 consensu
699 1318 765 1366 non
792 1292 1097 1394 licere-dimissam
1117 1310 1248 1392 propter

129 1406 330 1482 adulterium
353 1407 457 1493 duci,
487 1434 562 1482 cum
588 1434 725 1495 omnes,
753 1435 822 1482 uno
848 1409 971 1481 Herma
995 1424 1156 1507 excepto,
1179 1428 1246 1510 post

129 1523 238 1597 editos
264 1549 410 1597 canones
437 1522 513 1598 illos
543 1523 716 1598 floruerint
748 1526 862 1618 (199).
897 1525 978 1597 ltem
1006 1523 1097 1596 inter
1121 1541 1247 1622 apertos

130 1636 250 1737 plenae
275 1637 584 1712 indissolubilitatis
610 1655 795 1713 assertores
817 1653 1035 1712 recensentur
1057 1654 1176 1737 patres
1193 1639 1248 1711 illi-

130 1752 291 1840 heritani,
313 1780 460 1829 necnon
478 1769 588 1854 patres
606 1754 824 1840 arelatenses
847 1780 876 1826 s.
889 1752 1112 1841 Ambrosius,
1135 1781 1165 1827 s.
1177 1754 1247 1854 Epi·

26 1863 30 1873 '
131 1867 302 1967 phanius,
331 1895 360 1942 s.
378 1869 555 1967 Gregorius
582 1869 825 1955 nazianzenus,
847 1893 877 1941 s.
899 1870 948 1940 lo.
969 1867 1245 1968 chrysostomus,

131 2010 162 2056 s.
180 1983 426 2082 Hieronymus,
448 2010 477 2056 s.
489 1984 716 2081 Augustinus,
738 2010 768 2057 s.
788 1984 1002 2057 lnnocentius
1019 1984 1066 2068 l.,
1078 1984 1247 2058 concilium

132 2097 362 2172 milevitanum
379 2100 422 2170 ll.

206 2213 271 2286 Alii
297 2240 377 2287 vero
401 2214 522 2288 docent
545 2215 681 2315 quidem
712 2241 813 2314 posse
838 2215 1016 2310 coniugem
1043 2215 1246 2289 innocentem

132 2325 324 2401 adulterum
349 2328 401 2400 vel
427 2327 611 2402 adulteram
637 2329 824 2415 dimittere,
846 2328 1050 2427 quandoque
1076 2330 1181 2403 etiam
1203 2331 1247 2401 de

132 2443 229 2527 bere;
259 2444 319 2515 sed
341 2469 525 2543 numquam
546 2444 667 2518 docent
684 2460 760 2544 post
777 2443 1010 2518 dimissionem
1029 2443 1162 2518 licitum
1181 2470 1243 2517 esse

134 2557 272 2631 alterum
300 2558 443 2644 ducere,
468 2574 528 2632 aut
553 2559 646 2633 alteri
674 2558 811 2632 nubere.

207 2674 303 2747 Tales
317 2692 397 2748 sunt
409 2676 593 2748 s.Hilarins
608 2674 839 2774 pictaviensis,
857 2674 1106 2762 Theodoretus,
1124 2676 1245 2748 sChro

134 2790 256 2862 matius
275 2790 515 2889 aquileiensis,
537 2817 566 2863 s.
584 2789 736 2863 Asterius
754 2815 956 2876 amasenus,
977 2816 1007 2861 s.
1026 2791 1187 2864 Basilius.

206 2905 390 3005 Adeoque,
420 2906 509 3004 quod
533 2906 695 3003 singulari
716 2905 1010 2979 animadversione
1028 2907 1172 3002 dignum
1188 2920 1241 2978 est.

134 3048 172 3091 or
195 3022 345 3120 quinque
370 3022 537 3121 prioribus
560 3021 707 3107 seculis,
728 3020 947 3120 quamplures
967 3022 1183 3118 reperiuntur
1199 3047 1243 3119 pa-

136 3150 224 3219 tres,
256 3136 314 3233 qui
342 3135 491 3223 directe,
527 3137 768 3235 conceptisque
797 3135 908 3208 verbis
936 3135 1139 3208 tradiderint
1166 3137 1243 3208 nelos

135 3250 272 3323 omnino
290 3277 366 3323 esse
383 3251 542 3324 dirimere
559 3268 695 3350 propter
717 3250 918 3323 adulterium
936 3251 1151 3346 coniugium,
1171 3277 1208 3324 ac
1222 3248 1242 3319 si

136 3363 214 3449 liat,
241 3365 275 3434 in
301 3365 424 3436 crimen
451 3364 624 3449 adulterii,
653 3366 711 3464 qui
739 3366 773 3437 id
799 3365 979 3449 auderent,
1004 3390 1045 3435 ex
1067 3367 1199 3440 Domini
1222 3378 1244 3433 et

135 3477 285 3576 Apostoli
301 3480 465 3552 sententia
483 3480 614 3552 cadere.
637 3480 754 3553 Plures
773 3481 850 3552 item
871 3479 1100 3577 reperiuntur,
1118 3482 1176 3580 qui
1193 3477 1243 3552 etsi

135 3594 290 3692 copulam
304 3594 513 3692 coniugalem
530 3624 588 3695 per
599 3597 801 3669 adulterium
815 3594 950 3679 divelli,
967 3594 1104 3681 dirimi,
1126 3593 1242 3689 seiungi

212 3765 278 3825 (tea)
295 3767 329 3814 De
346 3764 490 3814 auctoritate
503 3767 528 3815 et
544 3765 690 3827 antiquitate
709 3767 797 3813 tiorum
814 3777 936 3814 canonum
948 3764 979 3812 ci.
1002 3764 1070 3813 Guil.
1083 3766 1242 3827 Boremgiorn:

140 3845 273 3895 torticium
288 3845 321 3895 tle
336 3846 481 3896 canonibus
496 3846 645 3911 apostolicis
658 3861 682 3894 n.
695 3849 725 3895 x.
741 3846 783 3895 ubi
801 3846 895 3896 scribit:
912 3866 923 3887 e«
934 3847 1092 3908 Quamquam
1111 3859 1153 3896 eos
1168 3845 1204 3894 rei
1222 3841 1245 3892 il

137 3927 196 3989 ipsis
214 3927 337 3990 Apostoiis
356 3927 507 3989 coomriptos
520 3939 586 3987 csse,
609 3926 647 3975 rel
666 3925 786 3976 clementi
807 3928 933 3988 tamquam
946 3925 1091 3975 amanuensi
1108 3924 1209 3975 dictatos
1218 3922 1242 3971 rt·

137 4007 234 4057 iirmcre
254 4020 304 4057 non
323 4007 414 4068 airsiin,
435 4019 480 4056 noc
499 4020 556 4056 curn
578 4009 730 4056 Damascene
751 4019 793 4055 cos
816 4007 880 4055 inter
898 4004 1030 4055 oenonioos
1050 4018 1103 4055 sac.
1122 4007 1244 4067 scriptun·

135 4101 190 4137 runi
211 4087 287 4138 libros
307 4087 468 4137 recensendos
487 4087 631 4147 iudicarim
653 4087 736 4136 nuilus
752 4088 834 4136 umen
852 4084 952 4145 dubito,
971 4085 1032 4147 quio
1050 4098 1065 4133 a
1084 4085 1146 4135 riris
1163 4085 1243 4147 epodo

137 4168 203 4229 licis,
225 4169 271 4218 hoc
281 4171 334 4230 cst,
348 4167 455 4218 meando
465 4167 562 4218 labente
581 4169 606 4216 et
622 4168 721 4218 ineunte
731 4167 804 4218 tertio
820 4180 835 4215 a
853 4165 945 4216 Christi
961 4165 1091 4216 nativitate
1107 4165 1188 4217 seculo
1198 4173 1242 4211 ror·

136 4246 214 4296 stituti
234 4248 323 4309 passim
344 4247 459 4310 deinceps
480 4246 637 4296 innotuerint.
650 4267 660 4289 ιι

213 4328 277 4386 (tea)
293 4326 331 4374 ct.
350 4327 507 4388 Bororegiunr
524 4325 571 4374 loc.
584 4325 626 4374 cit.
