2796 5064
158 433 160 437 ,
224 354 292 427 trs
366 375 428 428 ιιι.
451 373 499 427 ιιι.
515 371 602 426 eurr.
623 371 756 425 ιιιιιι.
776 370 817 425 ιι
834 370 946 425 mnus.
962 370 1061 427 ιιιιι,
1076 369 1204 423 enum.

221 503 490 577 ohmtitieteriom
501 494 764 613 ecclesiasticum
783 501 974 600 Numquam
996 498 1032 573 id
1052 498 1171 574 doouit
1194 512 1254 572 eut
1269 522 1336 572 een-

221 619 267 694 eit
286 615 444 693 ecelesia.
508 633 511 637 ’
659 718 663 727 ⁸
728 720 730 725 Ι
827 634 830 641 ·

294 733 397 807 Porro
421 731 451 805 si
477 729 581 805 semel
606 730 793 806 eonstiterit
816 731 923 805 lleum
948 729 1062 829 ipsum
1087 729 1137 802 ite
1160 726 1208 801 de
1231 726 1338 800 matri·

222 848 337 925 monio
351 865 424 924 reto
436 848 653 923 constituisse
665 848 700 921 in
713 848 860 923 levorem
874 845 1091 947 perfeetionis
1108 843 1337 942 evangelicae,

219 962 503 1065 quemadmodum
528 963 703 1038 constituit
718 963 762 1038 de
780 961 1143 1061 coniugio‘inlidelium
1160 986 1242 1034 eum
1265 959 1342 1033 alter

219 1076 264 1152 ud
278 1077 379 1151 fidem
391 1079 614 1167 convertitur,
630 1070 790 1153 renuente
811 1077 916 1152 altero
932 1077 1008 1152 sine
1018 1073 1228 1151 eontumelie
1246 1073 1340 1147 Crea-

220 1191 303 1268 toris
324 1218 402 1266 eum
426 1217 588 1267 eonverso
607 1192 821 1281 cohabitare,
842 1192 878 1264 in
895 1191 1042 1266 levorem
1060 1190 1244 1290 religionis
1261 1188 1342 1263 ohri·

219 1307 367 1396 stienae,
397 1308 568 1409 proposita
592 1323 789 1407 argumenta
814 1332 938 1406 magna
961 1307 1081 1382 saltem
1108 1333 1151 1380 er
1180 1320 1279 1407 parte
1305 1329 1341 1378 ex

219 1446 258 1498 se
276 1422 469 1498 concidunt.
487 1422 539 1496 Αιι
560 1421 817 1498 terechristus
840 1423 889 1496 ita
912 1421 1074 1496 statuisse
1093 1420 1268 1494 dieeodus
1283 1418 1338 1506 sit,

218 1536 408 1638 dogmatiee
424 1538 563 1640 quidem
587 1564 649 1613 seu
670 1537 856 1637 theologioe
873 1537 996 1639 pendet
1016 1536 1059 1609 ab
1080 1535 1241 1610 examine
1257 1533 1340 1636 quod

219 1653 429 1728 instituimus
447 1653 656 1743 traditionis,
676 1653 861 1728 scientifice
877 1667 989 1728 autem
1007 1648 1139 1752 putehit
1154 1650 1200 1724 ex'
1212 1649 1340 1724 discus

219 1766 316 1844 sione
333 1768 597 1857 sententiarum,
626 1792 714 1870 quae
732 1766 819 1841 inter
835 1765 1009 1865 theologos
1024 1765 1163 1863 vigent,
1190 1787 1341 1867 quasque

220 1883 290 1958 iam
314 1882 506 1984 expendere
529 1882 744 1982 aggredimur
764 1880 906 1957 articulo
927 1881 1140 1982 insequenti3
1160 1880 1276 1983 iisque
1291 1905 1340 1956 ex·

217 1998 360 2099 pensis,
389 1999 580 2103 propositus
604 1998 823 2076 dillieultutes
847 1996 1090 2074 dissolvemus.

644 2246 855 2308 mutemus
879 2247 917 2306 tt.

218 2437 262 2500 De
285 2439 349 2499 iure
372 2453 433 2516 quo
458 2439 677 2502 matrimonium
696 2438 827 2501 fidelium
853 2445 951 2501 ratum
971 2444 1001 2500 et
1019 2453 1083 2499 non
1102 2444 1339 2501 eonsummatum

240 2552 292 2614 per
302 2537 459 2598 solemnem
469 2539 617 2617 religionis
628 2537 839 2617 professionem
848 2536 944 2615 quoad
956 2535 1108 2598 vinculum
1122 2536 1313 2598 dissolvetur.

289 2775 374 2850 Cum
388 2776 423 2848 in
437 2792 505 2850 tres
520 2776 704 2849 sententies
722 2773 869 2873 theologi
887 2774 1075 2875 partiantur
1090 2774 1186 2848 eirca
1203 2775 1259 2848 ius
1276 2799 1339 2874 quo

217 2891 388 2965 dirimitur
408 2892 604 2990 coniugium
624 2908 751 2979 ratum,
772 2891 871 2980 aliis,
892 2908 929 2965 ut
945 2891 1147 2978 innuimus,
1168 2890 1263 2964 hano
1277 2891 1339 2963 dis·

217 3008 418 3083 solutionem
445 3036 485 3082 ex
511 3010 584 3081 iure
617 3008 783 3096 naturali,
813 3007 890 3081 aliis
917 3035 957 3082 ex
983 3008 1055 3080 iure
1080 3005 1334 3095 ecclesiastico,

215 3123 292 3198 aliis
306 3126 452 3224 denique
465 3151 506 3198 ex
519 3126 592 3197 iure
611 3124 725 3197 divino
744 3123 983 3224 repetentibus,
1001 3149 1148 3222 cumque
1166 3149 1338 3225 unaquae-

212 3265 279 3339 que
296 3256 329 3313 et
345 3240 418 3314 suis
437 3239 663 3313 fundamentis
682 3239 840 3313 fulciatur
852 3256 885 3314 et
898 3241 970 3313 suis
984 3240 1086 3312 etiam
1106 3238 1241 3314 laboret
1252 3238 1338 3313 dilli-

215 3353 419 3442 unitatibus,
444 3382 566 3453 operae
583 3355 728 3455 pretium
746 3354 903 3429 ducimus
924 3377 1205 3458 unamquamque
1224 3354 1338 3456 singil-

212 3469 307 3545 lutim
332 3470 503 3545 distinctis
530 3470 753 3570 paragraphis
775 3488 942 3546 excutere.

722 3713 761 3812 p.
791 3714 819 3784 ι.

317 3919 352 3967 De
364 3916 464 3968 illorum
479 3917 649 3981 theologorum
663 3918 784 3968 sentemia
800 3918 843 3980 qui
856 3916 1043 3967 dissolutionem
1060 3915 1171 3980 ooniugii
1188 3919 1237 3970 rati

592 4008 623 4046 ert
639 3997 693 4047 iure
706 3996 814 4046 naturali
828 3997 949 4059 repetunt.

284 4178 400 4256 Plures
422 4183 536 4281 magni
561 4183 708 4257 nominis
730 4182 876 4282 theologi
905 4182 987 4256 huie
1012 4182 1226 4272 sententiae,
1253 4183 1333 4256 duce

208 4301 243 4375 b.
257 4302 406 4397 Thomu,
423 4307 483 4408 qui
504 4307 645 4383 istorum
658 4333 778 4406 agmen
791 4307 896 4396 ducit,
917 4306 1116 4383 adhaerent.
1140 4307 1214 4385 llos
1228 4334 1336 4385 reeen-
