2796 5064
259 387 333 438 ear.
350 388 386 438 u.
408 387 448 437 nr
462 386 573 438 nvnvss.
591 387 686 437 narn.
702 387 735 436 nv
749 385 838 436 caus.
856 386 967 437 anvtr.
988 388 1061 437 ιιι.
1079 388 1102 436 1.
1188 368 1254 437 ttt

142 507 228 578 ditus
255 505 447 603 professor,
476 522 514 578 nt
537 503 675 604 planum
702 504 738 577 lit
763 530 802 577 ex
828 503 962 577 duabus
988 506 1180 580 memoratis
1208 533 1260 579 re-

140 621 354 696 tensionibus
379 620 554 694 Wetstenii
579 636 613 694 et
632 620 841 694 Griesbaehii
863 621 898 691 in
923 620 1013 693 hune
1031 621 1142 695 lecum
1165 625 1254 717 (ιθ).

140 737 272 811 leeedit
291 736 382 836 qued
403 736 433 810 si
453 736 519 810 hac
539 736 738 809 rationales
765 751 855 809 esset
880 736 927 808 uti
955 735 1066 808 aliena
1092 763 1194 810 manu
1212 737 1260 809 in-

142 869 224 926 serta
244 853 384 925 reiicere
401 851 473 926 lecu
489 853 623 939 emnia,
644 878 732 951 quae
745 853 913 924 variantes
935 851 1095 925 lectiones
1114 852 1259 941 habent,

142 968 189 1040 vix
206 966 309 1040 nobis
326 965 456 1065 aliquid
478 984 688 1065 permaneret
705 993 746 1039 ex
763 967 871 1040 saeris
895 966 1032 1053 Bibliis,
1053 992 1129 1040 eum
1148 967 1262 1043 nullus

142 1082 202 1156 lere
227 1083 324 1156 locus
349 1083 415 1169 sit,
444 1083 503 1183 qui
528 1083 739 1157 variantibus
764 1098 876 1155 careat
910 1083 1135 1170 lectionibus,
1166 1110 1262 1183 prae-

142 1198 252 1271 sertim
277 1198 314 1270 in
339 1199 431 1272 Neve
451 1199 686 1286 testamento,
712 1215 749 1272 ut
764 1198 988 1298 percurrendo
1006 1223 1124 1272 omnes
1146 1199 1263 1274 editio

143 1343 196 1389 nes
217 1315 357 1389 criticas
378 1315 489 1412 graeei
509 1331 638 1403 textuS,
659 1317 806 1417 quisque
824 1314 922 1388 lacile
943 1315 1008 1388 sibi
1027 1316 1257 1415 persuadebit.

208 1429 292 1503 Este
317 1429 485 1502 interdum
506 1455 611 1531 penes
631 1446 760 1504 veteres
784 1430 921 1530 reperiri
942 1429 1124 1529 quamdam
1152 1432 1186 1501 in
1213 1431 1262 1503 al-

141 1543 306 1641 legatione
321 1544 464 1619 duernm
488 1547 631 1619 istorum
653 1563 803 1620 textuum
821 1546 1071 1632 diversitatem,
1092 1563 1192 1645 prout
1209 1572 1264 1619 se·

140 1660 247 1734 cundo
272 1659 348 1734 loeo
370 1660 487 1735 obiicit
512 1662 609 1760 Hug;
638 1662 807 1736 eiusmodi
834 1679 944 1737 tamen
966 1663 1112 1736 varietas
1132 1661 1261 1735 nullum

141 1775 276 1873 praebet
287 1776 360 1852 sive
372 1775 499 1850 clarum
518 1778 590 1852 sive
608 1776 790 1852 obscurum
808 1777 971 1852 indicium
985 1779 1028 1851 de
1041 1779 1171 1851 intrusa
1185 1803 1262 1851 een·

142 1891 270 1966 ditione
295 1908 430 1991 eccepto
455 1893 682 1991 [emicationis
703 1920 821 1979 cause,
843 1893 896 1967 vel
920 1897 988 1967 uisi
1011 1894 1049 1966 el>
1068 1895 1260 1992 [emicatio-

140 2033 228 2091 ncm,
258 2031 336 2079 cum
353 2005 529 2107 multiplex
547 2008 632 2082 ratio
651 2008 724 2081 dari
743 2009 851 2106 possit
872 2008 1038 2081 eiusmodi
1057 2007 1262 2081 diversitatis

116 2190 121 2203 ,
142 2124 176 2195 in
201 2122 326 2196 horum
353 2137 501 2197 tertuum
520 2123 743 2222 allegatione3
770 2125 926 2199 videlicet
946 2125 980 2196 id
999 2127 1191 2223 contingere
1208 2150 1265 2224 pe

142 2239 202 2312 tuit
224 2238 270 2313 eb
287 2264 407 2313 eorum
432 2239 705 2329 similitudinem,
727 2268 795 2341 qua
812 2242 935 2315 laetum
956 2258 1027 2330 est,
1048 2258 1085 2314 ut
1101 2239 1186 2314 alter
1203 2267 1263 2339 pre

141 2353 244 2427 altere
269 2352 493 2451 allegaretur,
524 2357 621 2429 euius
649 2356 802 2455 exempla
826 2374 1003 2431 occurrunt
1029 2357 1119 2455 apud
1146 2354 1271 2454 Orige-'
1302 2357 1309 2372 “

141 2495 239 2556 nem,
268 2469 330 2568 qui
358 2485 396 2542 ut
421 2470 593 2544 adnotavit
619 2471 883 2559 Griesbaehius,
913 2489 963 2545 ter
995 2472 1151 2545 commati
1182 2473 1265 2544 llat-

142 2584 187 2656 th.
215 2585 304 2656 m.
329 2588 363 2656 9.
393 2584 568 2659 substituit
592 2587 710 2659 Matth.
727 2588 764 2659 V.
788 2590 846 2659 32.
876 2587 969 2661 ldem
995 2588 1161 2687 praestitit
1186 2588 1265 2660 Ter-

142 2700 300 2774 tullianus
318 2699 377 2772 lib.
389 2701 441 2772 tv.
457 2716 563 2775 contr.
577 2702 779 2776 Marcionem
795 2729 825 2775 e.
841 2704 981 2774 xxxiv.
1003 2705 1092 2798 (at).
1110 2701 1263 2773 Ceterum

143 2816 272 2889 nullum
294 2815 435 2889 dubium
453 2832 506 2890 est
525 2832 639 2915 patres
659 2818 694 2889 in
713 2818 785 2892 suis
805 2818 1052 2917 exemplaribus
1072 2819 1105 2888 in
1123 2834 1264 2916 utreque

141 2931 298 3005 Matthaei
320 2947 411 3005 textu
435 2931 527 3005 illam
554 2931 759 3021 clausulam,
789 2935 978 3034 etquidem
1004 2949 1197 3006 constanter
1222 2932 1266 3005 le

141 3048 255 3146 gisse,
281 3073 358 3120 cnm
382 3047 519 3135 exinde,
546 3065 585 3122 ut
602 3049 815 3137 videbimus,
844 3065 917 3123 orta
942 3051 986 3123 sit
1010 3066 1108 3122 vetus
1133 3064 1266 3121 centro-

140 3165 251 3238 versia
265 3165 308 3237 de
320 3165 467 3265 perlecta
480 3165 552 3238 sive
564 3165 759 3266 imperfecta
781 3167 928 3263 coniugii
947 3165 1172 3239 dissolutione
1189 3190 1266 3264 pre-

140 3296 212 3379 pter
222 3279 491 3367 fornicationem,
508 3279 580 3354 sive
598 3279 815 3354 adulterium.
830 3281 920 3356 llaec
935 3282 1024 3354 euim
1039 3281 1264 3355 controversia

139 3395 268 3469 nullum
285 3381 404 3469 ¹lecum
435 3394 559 3469 habere
584 3396 783 3495 potuisset,
817 3397 953 3496 dempto
980 3396 1044 3471 hoe
1071 3412 1261 3479 commate,

138 3511 228 3610 quod
257 3510 350 3609 apud
376 3509 485 3583 selum
512 3537 541 3583 s.
564 3509 770 3583 Matthaeum
797 3513 952 3585 occurrit.

210 3624 311 3712 Quod
325 3626 423 3699 tertie
439 3626 513 3699 leco
529 3626 646 3698 obiicit
663 3627 739 3722 Hug
753 3651 792 3698 ex
812 3627 959 3726 epistola
973 3654 993 3700 a
1006 3627 1193 3701 Ptolemaeo
1207 3628 1267 3700 Va-

137 3740 257 3815 lentini
277 3755 440 3813 sectatore
460 3741 503 3813 ad
529 3767 675 3816 sorerem
694 3768 791 3814 suam
816 3743 945 3816 Floram
965 3742 1112 3842 scripta,
1134 3743 1176 3815 ad
1196 3768 1264 3815 rem

137 3881 201 3929 nen
223 3856 318 3929 facit.
340 3857 424 3927 Nam
447 3855 657 3930 Ptolemaeus
678 3883 745 3930 non
771 3857 834 3929 sibi
859 3859 1052 3957 preposuit,
1075 3858 1166 3930 utin
1189 3882 1266 3956 pro-

215 4034 269 4098 (ιιι)
284 4034 459 4085 Griesbachius
469 4036 531 4086 inter
542 4035 640 4085 cedices
649 4036 692 4099 qui
704 4035 820 4086 cxlvibeut
833 4035 899 4086 hune
915 4037 1062 4087 versiculum
1076 4049 1132 4086 eum
1154 4033 1265 4084 clausule

137 4109 265 4179 παρεκτὸς
283 4106 368 4178 λόγου
388 4107 520 4179 πορνείας,
539 4116 659 4165 memorat
675 4116 816 4166 vaticanum
827 4116 938 4166 omnium
954 4117 1159 4179 antiquissimum
1171 4116 1195 4162 et
1209 4125 1265 4164 ean·

138 4196 308 4260 ebrigieusem
323 4210 366 4246 seu
385 4196 580 4246 alexandrinum.
598 4199 697 4246 Possem
714 4197 775 4246 alias
787 4198 937 4248 recensiones
955 4197 1053 4247 criticas
1064 4196 1152 4244 afferre
1171 4194 1262 4256 Mittit,

141 4274 247 4339 tregerlt
263 4275 479 4340 cantabrIgiennis,
495 4275 649 4337 Tittmunni,
666 4275 820 4340 aliorumque
837 4289 925 4339 magne
942 4289 1055 4338 numere,
1072 4274 1092 4324 sl
1104 4286 1166 4338 epus
1178 4274 1252 4322 esset.

213 4354 264 4416 (ιι)
277 4356 307 4404 ln
323 4355 411 4404 neten
426 4365 501 4417 quem
512 4353 626 4417 apposuit
644 4352 675 4402 ad
693 4355 777 4404 Μιιιιι.
791 4356 854 4404 xlx.
871 4362 894 4404 9.
