2796 5064
410 507 591 575 Sllffl'lss
618 506 824 576 ALTERA

135 747 199 835 DE
226 744 751 835 INDISSOLUBILITATE
779 743 1101 831 MATRIMONH

376 952 379 957 .
460 885 764 973 CHRISTIANI

73 1356 140 1488 dd
165 1440 243 1487 eum
270 1412 405 1486 modum
431 1437 498 1511 quo
515 1412 725 1509 monogamia
747 1411 781 1483 in
801 1413 981 1510 perfectam
998 1428 1031 1485 et
1057 1414 1176 1512 impar-

71 1530 181 1602 fectam
205 1528 447 1626 distinguitur,
477 1529 527 1601 sic
552 1527 834 1602 indissolubilitas
853 1526 920 1600 alia
945 1527 1045 1627 plena
1068 1544 1119 1602 est
1144 1546 1177 1602 et

70 1644 228 1739 perfecta,
265 1642 332 1716 alia
367 1668 445 1716 voro
467 1643 674 1741 imperfecta.
708 1642 997 1716 lndissolubilitas
1029 1644 1176 1741 perlecta

68 1759 199 1859 respicit
222 1758 414 1846 vinculum,
435 1758 520 1832 adeo
538 1773 574 1831 ut
590 1758 782 1856 coniugium
803 1763 1093 1853 (consummatum
1112 1760 1176 1832 sal-

65 1879 150 1967 tem)
178 1899 362 1972 numquam
379 1871 584 1946 dissolvatur
600 1872 712 1971 quoad
729 1874 911 1957 vinculum,
934 1898 974 1946 ac
991 1900 1175 1972 numquam

65 2005 239 2087 propterea
270 1988 369 2062 liceat
399 1989 531 2063 urente
561 1989 703 2086 coniuge
727 1990 921 2085 coniugium
952 1987 1044 2061 aliud
1075 1989 1172 2074 iniri;

60 2105 255 2203 imperfecta
275 2129 355 2178 raro
373 2105 513 2204 respicit
533 2103 752 2178 domesticam
769 2106 979 2191 societatem,
1000 2132 1088 2204 quae
1105 2105 1174 2178 dis-

58 2220 144 2292 solri
165 2235 292 2318 potest,
318 2219 400 2318 quin
426 2235 535 2293 tamen
558 2219 656 2292 liceat
676 2218 875 2316 coniugibus
902 2221 948 2292 ita
971 2218 1114 2293 divulsis
1132 2221 1175 2293 ad

57 2334 145 2407 alias
176 2334 311 2434 nuptias
338 2334 501 2420 transire,
530 2334 696 2432 adeoque,
726 2351 879 2408 manente
903 2333 1062 2422 vinculo,
1091 2335 1176 2409 solvi

55 2449 255 2545 coniugium
277 2464 404 2522 tantum
431 2448 540 2546 possit
564 2449 675 2548 quoad
699 2464 808 2522 torum
826 2467 859 2522 et
879 2449 1171 2523 cohabitationem.

134 2565 279 2637 Rursum
305 2563 587 2638 indissolubilitas
611 2565 755 2663 spectari
777 2579 886 2663 potest
911 2565 944 2635 in
964 2566 1178 2641 matrimonio
1260 2593 1262 2598 ⁸

60 2677 213 2752 fidelium
246 2677 298 2750 rel
323 2679 391 2750 iam
415 2693 668 2764 consummato,
701 2677 755 2751 vel
786 2695 855 2752 rato
876 2694 1004 2751 tantum
1032 2679 1176 2752 necdum

56 2808 318 2880 consummato;
352 2792 436 2866 illud
462 2792 697 2867 indissolubile
719 2818 855 2893 pmrsus
880 2810 955 2879 est,
983 2793 1048 2866 hoc
1064 2819 1175 2891 quan-

55 2911 175 3010 doque
204 2908 344 2983 dissolvi
371 2925 490 3009 potest.

135 3025 378 3097 Praetermissa
394 3051 473 3098 vero
489 3023 749 3125 disceptatione,
767 3042 878 3098 utrum
896 3025 1108 3097 matrimonia
1126 3026 1177 3096 in·

57 3139 232 3227 lidelium,
253 3164 341 3238 quae
363 3166 442 3212 ocra
466 3156 565 3227 sunt,
587 3141 645 3213 sod
672 3168 735 3212 non
759 3154 834 3212 rata
857 3166 916 3238 per
934 3138 1177 3237 professionem

56 3255 269 3328 christianae
294 3252 467 3351 religionis
492 3253 633 3328 dissolvi
660 3255 793 3354 possint
815 3280 876 3327 nec
902 3280 962 3340 ne,
984 3278 1060 3326 cum
1078 3252 1121 3325 de
1138 3279 1178 3326 ea

54 3387 229 3471 quantum
253 3396 340 3469 opus
366 3386 437 3443 erat
466 3369 551 3443 alias
576 3369 836 3442 disseruerimus
862 3372 930 3464 (1),
961 3367 1075 3467 plures
1100 3385 1180 3441 sunt

56 3484 246 3583 agitandas
268 3483 483 3583 quaestiones
507 3484 597 3557 circa
622 3484 778 3580 coniugia
802 3482 952 3555 fidelium
971 3483 1044 3557 sive
1066 3482 1178 3582 quoad

54 3599 320 3674 dissolutionem
346 3598 546 3697 perlectam,
568 3598 639 3671 sive
656 3599 766 3698 quoad
785 3598 1025 3698 imperfectam.
1052 3598 1101 3670 llx
1124 3598 1179 3672 his

56 3717 151 3789 aliae
177 3731 257 3787 sunt
280 3714 505 3800 theoreticae,
534 3713 620 3786 aliae
645 3714 823 3813 practicae.

137 3829 188 3901 nd
215 3831 429 3929 quaestiones
455 3828 653 3902 theoreticus
680 3854 874 3903 revocamus
900 3828 1180 3903 indissolubilita-

59 3962 130 4018 tem
149 3943 330 4044 perlectam
352 3958 501 4044 spectato
526 3943 599 4016 iure
624 3958 762 4017 naturae
786 3961 819 4016 et
843 3944 917 4041 lege
942 3944 1102 4016 mosaica.
1125 3944 1179 4013 ln-

63 4076 114 4132 ter
132 4060 298 4156 practices
316 4082 529 4132 recensemus
547 4058 601 4131 ius
619 4056 850 4154 evangelicum
866 4072 898 4131 et
915 4055 1179 4131 ecclesiasticum

143 4246 177 4310 (1)
192 4248 221 4296 In
233 4245 364 4297 Prodest.
386 4244 496 4309 theoton
511 4247 583 4295 tract.
604 4249 642 4296 De
659 4247 777 4296 matrim.
792 4259 846 4310 cap.
861 4248 894 4296 11.
906 4259 976 4310 prop.
992 4244 1181 4294 tinemuta

67 4327 185 4388 superiore
201 4326 266 4378 libro
284 4325 368 4390 quoad
387 4325 589 4390 dispensationes.
