2796 5064
137 353 206 423 166
281 375 342 424 ιιι.
366 375 413 424 ιιι.
435 374 521 424 secr.
543 376 672 424 uersat.
694 375 1120 429 summasunmna.

136 493 221 589 legis
238 507 272 565 et
287 490 450 587 evangelii
469 490 648 565 inficiatur.
666 490 926 567 concessionem
945 493 1050 589 igitur
1067 492 1207 568 divortii
1225 495 1258 567 in

138 635 200 682 suo
217 607 399 709 exemplari
419 634 485 681 non
503 608 622 681 habuit
643 608 882 682 Tertullianus.
911 611 989 683 Post
1010 634 1101 708 quae
1124 610 1260 684 eouoln·

136 724 187 795 dit
198 724 288 820 Hug.
309 724 508 797 «Sulfieiunt
520 724 585 796 hae
599 725 764 812 rationes,
782 740 820 797 ut
832 726 1062 824 exceptionem
1076 752 1156 826 cap.
1167 728 1254 799 XIX.

138 839 283 938 positam
310 856 480 939 tamquam
505 840 771 915 additamentum
790 840 1004 927 reiieiamus,
1033 841 1126 939 quod
1151 859 1260 940 poste-

137 955 206 1028 rior
230 981 350 1028 manus
378 955 553 1029 invexit.»
583 957 658 1042 Qua
682 983 761 1031 vero
789 957 918 1030 ratione
938 955 1106 1030 eiusmodi
1131 956 1261 1033 addita-

138 1086 288 1144 mentum
305 1072 452 1170 irrepere
478 1073 622 1170 potuerit
645 1098 817 1173 exponens
842 1072 914 1145 ait:
946 1072 1148 1145 «tectorum
1180 1072 1261 1147 forte

138 1186 337 1285 quisquam,
361 1213 438 1261 eum
465 1188 499 1258 in
528 1187 620 1261 hunc
645 1187 802 1261 Matthaei
828 1187 938 1260 locum
956 1185 1151 1274 incidisset,
1173 1185 1260 1260 vide

138 1317 255 1401 retque
274 1303 500 1376 conditionem
519 1303 554 1375 in
576 1303 727 1377 oratione
744 1301 877 1375 Domini
896 1301 1039 1374 adiitiali
1051 1327 1130 1400 cap.
1147 1300 1187 1373 V.
1200 1302 1256 1374 99.

136 1418 256 1492 lectam
281 1419 336 1492 hio
353 1419 493 1504 abesse,
519 1413 660 1494 miratus
678 1418 762 1520 quid
785 1418 832 1491 rei
852 1416 980 1504 subsit,
1006 1434 1065 1490 aut
1089 1443 1181 1517 quae
1204 1416 1260 1490 hu·

139 1535 192 1608 ius
222 1535 427 1611 diversitatis
458 1538 544 1610 ratio
578 1535 673 1610 reddi
698 1536 831 1636 possit,
857 1532 1060 1608 notationem
1093 1559 1156 1633 pro
1185 1559 1261 1608 eon·

138 1650 317 1724 suetudine
340 1666 490 1724 veterum
514 1651 673 1749 adposuit
698 1649 740 1722 ad
767 1648 950 1745 marginem
968 1645 1067 1734 libri,
1088 1662 1127 1721 ut
1152 1647 1259 1721 locum

140 1763 317 1862 insigniret
342 1763 506 1863 peculiari
533 1764 717 1836 attentione
742 1762 897 1860 dignum.
930 1762 1021 1835 Haeo
1049 1761 1205 1836 coniecta
1228 1762 1260 1834 in

139 1883 325 1979 marginem
339 1883 549 1970 observatio,
566 1909 642 1956 cum
657 1879 796 1981 illisqui
811 1894 928 1979 postea
945 1902 985 1951 eo
997 1876 1085 1950 libro
1098 1877 1154 1951 usi
1168 1893 1258 1964 sunt,

139 1997 383 2072 emendationis
397 2024 501 2071 eausa
515 1998 703 2096 adscripta,
725 2014 758 2069 et
775 2020 874 2069 voees
892 1995 927 2066 iu
945 2009 1101 2068 eontextu
1118 1993 1261 2068 omissas

139 2110 298 2184 exhibere
314 2112 501 2200 videretur,
523 2113 677 2212 pluribus
699 2111 903 2210 pedetentim
922 2109 1056 2196 addita,
1078 2124 1112 2183 et
1127 2109 1261 2183 tandem

139 2249 216 2296 eum
242 2252 329 2299 noua
353 2227 556 2327 exemplaria
586 2227 850 2312 conficerentur,
875 2224 1064 2299 alibrariis
1094 2224 1130 2298 in
1153 2224 1260 2299 media

139 2338 241 2415 verba
267 2342 401 2415 Domini
428 2342 521 2416 illata
548 2360 599 2416 est
621 2347 723 2439 (6).»

211 2457 276 2528 Alii
304 2458 445 2533 ulterius
472 2459 642 2558 progressi
669 2458 878 2532 contendunt
902 2456 1108 2555 colloquium
1138 2455 1259 2531 Christi

139 2606 214 2656 oum
230 2576 421 2677 pharisaeis
435 2575 525 2674 apud
544 2574 661 2647 Matth.
679 2575 765 2645 xlx.
784 2573 930 2646 desiisse
943 2570 1010 2645 illis
1023 2571 1154 2645 verbis}
1173 2568 1260 2658 Quod

140 2726 215 2797 erqo
241 2697 328 2768 Deos
353 2693 528 2764 coniunxit
543 2691 632 2762 honio
658 2717 721 2761 nort
746 2704 890 2787 separet,
912 2713 1032 2787 nempe
1050 2687 1085 2759 in
1103 2714 1136 2762 ν.
1162 2691 1197 2760 6.
1218 2687 1259 2759 in

140 2814 292 2897 dusius,
327 2808 479 2906 adeoque
506 2832 559 2879 νν.
589 2809 622 2877 7.
645 2809 678 2876 8.
706 2821 739 2878 et
763 2807 797 2876 9.
835 2802 1070 2904 supposititios
1097 2829 1193 2890 esse,
1225 2827 1258 2876 ao

140 2932 252 3032 primo
271 2929 306 2999 in
323 2923 500 3020 evangelia
512 2921 638 3022 quibus
656 2946 811 2994 nazaraei
803 2920 997 2994 ebionitae
1010 2936 1043 2992 et
1060 2917 1257 2993 cerinthiani

138 3043 345 3121 utebantur
337 3039 527 3139 irrepsisse
550 3037 730 3110 Paulusius
749 3035 1049 3132 heidelbergensis
1067 3034 1258 3134 suspicatus

140 3181 191 3237 est
215 3161 318 3235 uerba
344 3157 462 3231 saltem
490 3180 576 3254 quae
603 3169 811 3253 prostantv
842 3155 876 3222 9.
915 3136 978 3220 ael
1008 3138 1027 3218 ὁ
1066 3136 1258 3220 οἷπολελν·

135 3264 249 3374 μένην
266 3258 449 3372 γαμήσας
472 3257 689 3365 μοιχᾶται,
716 3283 747 3340 et
764 3295 821 3367 qut
818 3267 1005 3339 dimissum
1019 3264 1157 3338 dormit
1180 3291 1257 3338 moe·

140 3394 256 3464 ebatur
276 3389 384 3462 serius
411 3385 514 3458 textui
538 3385 681 3458 luisse
673 3401 819 3472 inserta,
848 3381 1038 3481 eoquod
1029 3410 1064 3453 rn
1065 3381 1257 3515 plerisque

140 3505 314 3581 oodioibus
337 3501 588 3587 desiderentur;
610 3499 799 3599 proverbis
818 3515 930 3571 autem
948 3483 997 3589 pri
1018 3482 1075 3566 ἐπὶ
1108 3491 1256 3597 πορνείᾳ

143 3627 268 3720 (prout
291 3620 364 3718 ipse
385 3616 540 3714 legebat)
568 3615 670 3690 verba
688 3601 883 3715 espessia
912 3597 1041 3713 λόγου
1073 3607 1256 3712 πορνείας

140 3739 248 3811 luisse
273 3735 509 3827 substitutal'l
512 3739 540 3828 ).

211 3851 276 3923 Alii
298 3851 398 3923 etiam
425 3848 528 3921 uerba
554 3848 670 3921 Matth.
693 3848 730 3919 V.
754 3848 812 3917 32.
835 3862 869 3917 et
884 3846 971 3915 xlx.
994 3847 1028 3914 9.
1056 3843 1103 3915 Et
1131 3871 1189 3942 qut
1185 3841 1255 3914 di·

140 3970 275 4040 mt'seum
299 3966 451 4048 duxerit,
481 3963 645 4036 adulteret
673 3961 873 4063 interpolata
898 3960 1004 4032 luisse
1026 3958 1251 4039 crediderunt,

141 4085 227 4157 inter
243 4109 331 4182 quos
350 4081 529 4177 Gregorius
548 4080 680 4178 Meyer,
704 4079 762 4177 qui
781 4076 913 4151 censuit
930 4074 1033 4148 verba
1050 4074 1155 4149 citata
1171 4099 1190 4146 e
1206 4095 1252 4146 oe

224 4268 259 4329 (t)
274 4270 302 4316 ln
314 4280 354 4330 op.
366 4266 408 4316 cit.
421 4265 444 4330 §.
460 4274 483 4316 ν.
499 4278 552 4329 pag.
569 4272 591 4314 a.
604 4268 628 4315 et
640 4272 663 4315 9.

222 4348 256 4409 (7)
269 4345 340 4409 Apud
352 4344 496 4408 Roslrov'eny
507 4358 547 4408 op.
560 4343 603 4394 cit.
618 4343 641 4406 §.
654 4347 693 4393 78.
708 4356 732 4406 p.
749 4349 800 4394 129.
