2796 5064
233 351 302 423 320
377 371 441 423 mn.
457 370 612 422 rrrzsncr.
629 369 762 421 surana.
778 370 818 420 ns
831 368 943 420 rnnrss.
960 368 1057 420 uara.
1072 367 1198 420 enarer.

305 487 403 575 Quod
428 488 563 561 demum
588 511 688 560 omne
712 484 850 586 depellit
874 484 1015 558 dubium
1040 500 1094 559 est
1110 500 1235 573 textus,
1251 509 1340 586 quem

231 605 342 678 Braun
370 603 497 678 veritus
527 616 580 675 est
608 602 776 699 integrum
800 599 980 687 adducere,
1008 615 1188 674 contentus
1215 625 1341 673 sensum

231 719 306 793 eius
333 733 496 804 evertere,
511 731 549 789 ut
574 715 669 788 illum
696 714 739 788 ad
764 742 834 788 rem
860 741 957 789 suam
975 714 1262 790 accommodaret.
1286 716 1343 788 lta-

231 859 299 932 que
325 832 359 904 in
385 846 562 905 comment.
584 831 618 903 in
638 833 672 902 1.
701 829 745 903 ad
769 829 845 904 Cor.
865 831 935 903 Vll.
954 833 1012 902 10.
1035 833 1094 902 11.
1115 831 1153 902 in
1171 856 1213 904 ea
1235 829 1340 903 verba:

232 946 280 1019 Iis
304 961 411 1019 autem
428 948 487 1044 qui
502 947 707 1018 matrimonio
724 947 831 1017 iuncti
844 960 921 1018 scat
936 960 997 1018 etc.
1018 945 1252 1019 Theodoretus
1271 945 1344 1018 hacc

232 1062 380 1161 scripsit:
412 1061 682 1158 «Evangelicam
708 1059 814 1158 legem
845 1061 1032 1134 revocatio
1049 1060 1266 1134 memoriam.
1287 1060 1345 1133 lle-

233 1178 346 1252 minus
371 1178 462 1252 enim
487 1178 523 1248 in
541 1177 669 1250 sanctis
687 1175 875 1274 evangeliis
896 1175 999 1249 dixit:
1021 1175 1227 1274 Quicumque
1245 1174 1346 1247 dimit·

233 1296 273 1367 tit
289 1321 423 1369 acorem
436 1308 568 1392 practer
584 1319 684 1392 quom
700 1318 799 1378 causo
815 1293 1058 1393 fornicationne,
1079 1292 1165 1392 facit
1182 1318 1258 1364 com
1272 1319 1345 1365 moe·

232 1408 336 1480 odori.
359 1410 535 1508 Propterea
547 1406 684 1494 adiecit,
700 1406 777 1481 Non
793 1433 862 1504 eqo,
882 1405 940 1479 scd
956 1407 1126 1479 Dominus.
1140 1405 1216 1480 Hoc
1228 1421 1342 1493 autem

233 1538 365 1596 moneat
389 1525 543 1623 incepto,
563 1522 616 1594 vel
631 1525 703 1595 ciro
724 1521 964 1605 reconcilietur,
986 1535 1124 1595 nonest
1148 1521 1345 1595 contrarium

233 1637 303 1710 illi:
330 1637 440 1711 Nolite
468 1634 628 1738 fraudare
656 1637 795 1708 invicem
824 1637 894 1708 oc’si
916 1636 999 1736 sorte
1028 1662 1070 1709 cc
1095 1661 1268 1731 corucneu.
1295 1635 1346 1708 llla

233 1752 324 1825 enim
349 1751 543 1826 dictasunt
568 1751 625 1838 iis,
653 1750 713 1852 qui
739 1776 807 1825 non
832 1765 968 1852 propter
992 1749 1096 1823 aliam
1121 1776 1279 1839 causam,
1297 1749 1346 1826 sed

232 1883 365 1969 propter
390 1866 497 1941 solam
523 1867 765 1941 continentiam
791 1880 1009 1968 separantur:
1030 1864 1088 1940 hic
1104 1881 1223 1941 autem
1240 1867 1286 1940 iis
1308 1865 1348 1940 le·

232 2009 307 2080 gem
332 1984 467 2070 statuit,
493 1983 552 2083 qui
583 1982 627 2057 dc
655 1981 733 2056 aliis
764 1981 865 2056 rebus
897 1982 1116 2057 contendunt.
1147 1982 1192 2056 Et
1217 1999 1347 2058 conatur

233 2097 371 2197 quidem
400 2097 579 2172 infractum
610 2123 744 2172 servare
771 2098 976 2172 matrimonii
1005 2097 1203 2171 vinculum:
1237 2098 1347 2174 cende

233 2211 399 2285 scendens
425 2227 536 2285 autem
562 2212 801 2301 imbecillitati,
832 2212 864 2287 ei
890 2213 950 2314 qui
976 2227 1155 2314 separatur
1181 2214 1348 2288 contineo

234 2326 315 2399 tiam
339 2326 518 2428 praecipit,
551 2325 616 2399 hac
641 2328 742 2400 etiam
770 2328 900 2402 ratione
929 2326 1114 2430 prohibens
1145 2327 1346 2404 matrimonii

234 2429 506 2516 disiunctionem.
524 2441 606 2514 Cum
632 2441 721 2514 enim
748 2442 842 2515 alteri
868 2443 1026 2540 coniungi
1045 2443 1220 2542 prohibet,
1237 2459 1348 2518 utram

234 2582 301 2656 que
318 2572 442 2657 partem
462 2558 504 2629 ad
525 2559 619 2657 prius
638 2557 886 2631 matrimonium
900 2558 1009 2631 redire
1022 2558 1197 2658 compellit
1214 2563 1345 2655 (lille

235 2671 319 2744 Heio
332 2673 480 2773 quisque
494 2671 650 2769 intelligit
663 2672 907 2747 Theodoretum
916 2677 987 2771 {non
1006 2673 1105 2747 modo
1121 2675 1230 2747 verba
1249 2672 1344 2758 Pauli,

234 2813 350 2860 verum
382 2788 482 2861 etiam
513 2789 623 2888 ipsius
652 2786 776 2860 Christi
806 2788 849 2861 de
878 2788 1025 2888 perlecta
1053 2784 1346 2861 indissolubilitate

234 2905 451 3002 exposuisse,
482 2903 528 2975 ita
553 2917 590 2975 ut
614 2901 658 2975 de
687 2902 915 2976 fornicationis
945 2927 1047 2975 causa
1077 2927 1121 2975 nc
1151 2903 1344 2978 mentionem

235 3016 372 3116 quidem
400 3018 565 3091 iniecerit.

309 3132 351 3202 Ut
375 3133 477 3229 igitur
505 3134 623 3234 paucis
655 3134 922 3232 perstringamus
951 3158 1039 3231 quac
1071 3131 1115 3204 dc
1145 3133 1343 3208 Theodorete

237 3245 300 3317 hac
318 3273 421 3347 super
451 3275 485 3320 re
502 3248 663 3334 diximus,
676 3275 716 3321 ex
729 3274 768 3322 eo
787 3248 951 3321 habemus
971 3274 1158 3346 numquam
1179 3249 1293 3347 ipsum
1305 3248 1344 3320 lc

236 3375 349 3431 cutum
375 3387 452 3434 esse
476 3363 518 3435 de
544 3362 700 3435 facultate
725 3361 863 3436 alterius
888 3362 1063 3436 ducendae
1088 3364 1225 3452 uxoris,
1247 3364 1343 3464 priore

234 3473 336 3546 ctiam
358 3489 492 3575 propter
511 3476 711 3549 adulterium
729 3476 885 3563 dimissa,
907 3477 941 3549 in
967 3504 1035 3576 quo
1059 3491 1173 3549 tamen
1199 3475 1343 3552 consistit

234 3590 481 3662 contmversiae
498 3590 615 3676 cardo;
637 3591 801 3664 habemus
827 3593 965 3692 insuper
982 3593 1093 3691 ipsum
1112 3591 1245 3692 ubique
1263 3616 1341 3666 sum-

235 3729 323 3775 mam
349 3705 543 3804 praedicare
568 3705 756 3804 coniugalis
780 3704 906 3778 vinculi
939 3706 1144 3794 firmitatem,
1167 3721 1273 3808 atque
1296 3731 1341 3779 er-

236 3817 315 3891 indc
331 3820 541 3894 occasionem
560 3819 692 3921 cepisse
709 3820 964 3893 commendandi
988 3846 1066 3920 prae
1084 3821 1238 3896 mosaico
1256 3819 1340 3894 insti·

235 3949 306 4009 tuto
331 3934 438 4033 legem
463 3935 690 4034 evangelicam
720 3938 832 4031 (148).

302 4160 368 4221 (147)
383 4162 429 4222 Op.
448 4159 487 4209 cd.
500 4160 542 4210 cit.
554 4163 605 4210 tom
621 4161 664 4209 ΙΙΙ.
679 4173 733 4224 pag.
749 4167 801 4210 too.

302 4240 368 4300 (rte)
383 4241 459 4290 Nimis
475 4241 577 4304 proinde
594 4241 690 4290 facilem
707 4254 733 4290 se
750 4239 862 4303 praebuit
881 4239 1053 4302 Tournelyus,
1068 4239 1129 4289 duur
1153 4239 1337 4293 aueouorcum

235 4331 284 4367 non
307 4333 376 4368 sectis
394 4334 422 4368 nc
443 4321 579 4383 Artemam,
602 4321 701 4383 dequo
721 4334 778 4369 mox
795 4320 886 4370 dicturi
906 4333 1001 4381 erimus,
1023 4318 1175 4370 adversariis
1193 4316 1336 4371 dimatant
