2796 5064
192 365 497 423 maurianense
516 369 607 419 ram.
624 367 687 419 cro.
705 367 816 419 mmss.
835 367 931 418 ιιιιιι.
949 368 1020 424 ιιι.
1034 368 1056 419 ι.
1118 343 1188 416 28¹1

109 507 189 563 ntur
214 488 354 574 nuberc‚·
380 487 596 586 decipiuntur
622 486 746 584 paritor
771 485 851 557 dum
878 485 961 558 illud
987 483 1136 557 raserunt
1153 484 1196 556 ad

109 605 308 705 sciplinam‚
337 603 436 702 quasi
458 628 578 700 nempe
597 603 633 673 in
652 616 815 701 potestate
833 602 972 676 istorum
990 618 1082 674 esset
1098 626 1197 700 prae-

109 721 187 795 lum
215 720 389 794 veritatem
411 744 432 791 a
456 717 591 791 Christo
608 735 642 791 et
661 718 704 790 ab
722 717 882 815 Apostolo
901 718 1055 790 traditam
1073 733 1199 815 tempe-

109 864 147 911 re
169 838 207 909 in
238 837 331 936 praxi
352 852 386 910 et
410 835 556 909 abolere.
580 834 688 908 Absit.
719 837 856 935 ltaque,
885 851 922 906 ut
946 834 1113 919 diximm,
1147 858 1198 904 re-

109 970 179 1027 rtur
206 953 305 1026 unice
334 951 377 1026 ad
402 952 539 1026 modum
564 953 712 1024 suaviter
734 950 912 1023 inducendi
941 950 1129 1048 neophytos
1155 948 1197 1020 ad

109 1068 264 1141 utrinam
284 1065 510 1162 evangelicam
531 1092 632 1165 opero
651 1063 904 1164 exequendam
936 1063 1053 1135 eadem
1073 1063 1199 1135 ratione

109 1211 143 1259 ra
163 1183 350 1284 Apostolus
368 1183 411 1255 ad
433 1184 542 1256 Titum
561 1182 745 1255 scribebat:
770 1182 933 1253 «Iuvenes
951 1179 1106 1251 similitor
1129 1180 1198 1250 bor-

109 1325 165 1383 rc,
183 1314 222 1372 ut
240 1297 331 1371 sobri
357 1298 426 1371 sint
444 1300 533 1392 (tto).
553 1326 571 1366 u
592 1297 717 1394 Ecquis
745 1322 842 1394 porro
870 1294 959 1367 dicct
984 1293 1197 1367 sobrietatem

108 1440 144 1487 m
164 1440 245 1487 esse
262 1413 403 1486 liberam
420 1414 455 1485 in
473 1411 678 1489 iuvenibus?
693 1414 733 1484 Ut
743 1412 841 1511 'quod
859 1410 1065 1485 contendunt
1082 1409 1198 1482 adver-

109 1530 158 1603 nii
177 1531 384 1616 evincerent,
405 1528 583 1603 ostendero
597 1527 778 1615 deberent,
804 1528 894 1626 quod
920 1527 948 1599 si
968 1526 1197 1623 adolescentes

111 1644 288 1719 iconsilio
313 1671 374 1717 seu
400 1644 625 1718 adhortationi
649 1643 714 1716 sibi
737 1643 835 1716 datae
860 1670 926 1715 non
949 1641 1157 1740 paruissent,
1178 1668 1198 1714 a

109 1761 195 1835 tonis
223 1761 258 1832 in
284 1759 438 1857 bigamos
463 1760 540 1833 latis
566 1760 708 1832 luissent
735 1759 922 1845 immunes,
943 1756 1033 1856 quod
1059 1756 1197 1856 quidem

109 1900 263 1972 nmquam
289 1874 446 1947 efficient.
1160 1884 1163 1889 “

160 1989 259 2075 Quae
284 1989 485 2065 subtexuere
513 2007 665 2064 auctores
691 1993 771 2077 isti,
800 1990 847 2061 nil
874 1988 967 2061 aliud
993 2004 1073 2062 sunt
1095 2013 1197 2086 quam

109 2103 246 2177 atuitae
258 2104 464 2177 assertiones
485 2130 525 2177 ex
542 2106 735 2206 anticipatis
753 2118 868 2178 eorum
887 2103 1023 2177 iudiciis
1036 2102 1200 2175 deductae

109 2240 164 2293 no'
178 2219 249 2293 ullo
271 2245 410 2318 pmrsus
434 2220 669 2308 laudamento3
691 2219 862 2321 siquidem
887 2217 1012 2292 nullam
1037 2217 1200 2318 probatio

109 2359 153 2411 tm
179 2334 376 2409 attulerunt.
404 2333 564 2434 Adeoque
589 2337 758 2410 contemni
783 2335 918 2409 debent.
1053 2347 1056 2355 '

572 2552 608 2649 p.
638 2551 695 2621 ιιι.

542 2729 578 2776 De
594 2740 615 2775 s.
633 2726 731 2776 Basilio.

148 2906 201 2977 Eo
215 2905 333 2977 maiori
348 2905 524 3002 diligentia
540 2905 761 3005 expendenda
777 2932 798 2977 a
816 2905 914 2978 nobis
938 2921 1017 2976 sunt
1029 2924 1116 3002 quae
1135 2903 1199 2976 hoc

109 3044 118 3092 ι
140 3034 343 3115 argumento
366 3019 502 3116 scripsit
527 3045 557 3092 s.
582 3019 749 3104 Basilius,
771 3042 838 3118 quo
860 3035 893 3090 et
918 3018 1024 3091 maior
1047 3035 1101 3090 ost
1124 3018 1198 3090 eius

109 3133 166 3207 tud
185 3159 326 3230 graecos
344 3135 546 3221 auotoritas,
568 3152 601 3209 et
617 3134 789 3209 difficilior
806 3134 1028 3234 quorumdam
1047 3132 1196 3206 locorum

109 3250 332 3349 ‚terpretatio‚
368 3251 452 3324 adeo
478 3267 515 3324 ut
539 3250 700 3324 basilium
733 3276 792 3350 pro
822 3276 859 3324 so
885 3267 974 3322 staro
998 3249 1201 3323 contendant

109 3390 146 3435 m
165 3365 226 3462 qui
248 3390 307 3462 pro
326 3364 492 3436 solutione
510 3365 711 3461 coniugii-in
730 3391 832 3438 causa
850 3364 1006 3437 adulterii
1026 3381 1196 3464 pugnant,

109 3506 145 3551 m
165 3479 226 3577 qui
253 3504 313 3577 pro
335 3480 528 3552 omnimoda
548 3479 845 3552 indissolubilitato
863 3478 1051 3576 coniugalis
1072 3479 1197 3554 vinculi

109 3608 261 3668 >certant
291 3595 390 3667 Prius
415 3594 517 3690 igitur
539 3595 769 3668 describemus
795 3596 868 3669 eius
893 3594 996 3666 verba
1021 3611 1120 3692 prout
1151 3596 1199 3667 ia-

109 3723 172 3793 mt,
194 3706 319 3781 deinde
334 3733 413 3781 voro
431 3708 465 3778 in
484 3735 598 3781 eorum
625 3735 761 3782 sensum
781 3709 948 3811 analytice
971 3709 1195 3808 inquiremus.

148 3821 284 3894 Primus
311 3821 403 3895 locus
430 3823 553 3920 legitur
578 3824 613 3895 in
639 3822 782 3923 epistola
805 3825 830 3895 l.
865 3824 1027 3897 canonica
1053 3824 1094 3896 ad
1121 3823 1199 3895 Am·

109 3934 289 4009 nilochium
313 3939 406 4032 (91),
427 3962 502 4012 can.
521 3940 576 4010 lll.
603 3969 619 4006 ι
633 3938 747 4038 Aeque
759 3939 843 4011 viris
856 3957 889 4012 et
902 3938 1101 4013 mulieribus
1120 3964 1200 4010 con-

109 4051 167 4124 nit
185 4051 373 4124 secundum
392 4053 577 4128 sententiae
590 4056 888 4155 consequutionem
907 4055 998 4154 quod
1017 4081 1037 4127 a
1055 4053 1199 4126 Domino

148 4239 201 4301 (to)
215 4243 275 4303 cap.
294 4242 326 4290 11.
344 4248 368 4291 o.

151 4319 203 4380 (91)
220 4321 288 4377 Quae
306 4321 332 4370 in
353 4322 413 4373 adit.
431 4324 509 4374 Maur.
525 4326 570 4374 est.
584 4326 758 4375 clxxxvlll.
