2796 5064
145 356 215 431 tos
288 379 351 431 ιιι.
371 378 420 431 ιιι.
442 377 528 430 ιιιι.
550 375 739 429 ursanus
756 377 984 430 morosum.
1001 376 1127 431 osmer.

143 500 266 577 cludit:
291 528 309 572 t
324 500 412 574 Hinc
429 499 572 573 infertur
591 497 820 572 omnimodam
841 497 1177 573 indissolubilitotom
1192 526 1256 574 uo·

142 632 330 717 competere
354 606 566 689 matrimonio
591 615 824 689 consummato
847 639 889 687 ex
914 629 1054 687 naturas
1079 614 1171 701 ium,
1200 615 1258 689 sed

141 756 184 806 ex
212 731 337 810 Christi
362 722 478 804 diuino
499 725 674 831 praecepto
695 729 951 830 positiuo'quo'd
974 731 1063 803 Bous
1079 731 1262 804 ooniunoeit

143 847 234 919 boton
252 872 317 919 noo
341 860 484 944 separet,
514 845 572 918 ubi
598 845 752 918 eiouauit¹
766 844 1018 918 matrimonium
1039 843 1084 917 od
1101 869 1182 918 esse
1206 872 1262 919 so·

142 959 325 1049 oramenti,
345 976 433 1033 st-ut
449 957 716 1059 repraesentaret
739 956 1013 1034 indissolubilem
1031 956 1164 1033 Christi·
1186 985 1264 1033 cum

143 1066 288 1150 ecclesia
313 1101 379 1174 per
399 1093 534 1148 carnem
559 1073 719 1148 unionem
741 1073 882 1169 (104).»
903 1080 906 1084 “

217 1190 304 1263 Huic
332 1184 438 1263 otiam
460 1188 645 1264 sententiae
673 1187 828 1285 energiae
860 1185 1083 1261 Boliarmiuus
1107 1188 1264 1276 insistit,

138 1304 224 1377 'dum
250 1303 400 1377 scribere
421 1329 489 1378 uon
514 1302 660 1376 dubitat:
680 1301 777 1374 ‹illla
794 1301 987 1375 omnimoda
1011 1300 1263 1376 indissolubili·

140 1434 193 1494 tas
219 1419 254 1491 iu
279 1419 359 1493 uuis
384 1416 513 1518 nuptiis
539 1444 605 1492 nou
630 1432 740 1517 potest
765 1416 883 1490 referri
908 1417 944 1489 in
971 1442 1110 1490 oausam
1137 1417 1263 1517 prima·

140 1533 241 1620 riam,
261 1549 294 1607 ct
313 1532 547 1620 certissimam,
568 1531 635 1607 nisi
657 1532 693 1604 iu
716 1531 854 1629 signum:
872 1531 1123 1608 coniunctionis
1137 1531 1262 1606 Christi

142 1673 226 1722 cum·
244 1646 408 1736 ecclesia,
434 1647 470 1718 in
499 1649 602 1746 quam
619 1672 756 1720 causam
776 1661 937 1746 perpetuo
953 1644 1164 1742 Augustinus
1181 1672 1254 1721 eom

146 1761 422 1836 insolubilitatem
448 1761 548 1835 refert
568 1762 707 1858 (105).n

175 1899 177 1903 ·
215 1878 257 1951 Et
282 1890 419 1951 sano's.
440 1877 648 1975 Augustinus
674 1877 805 1976 passim
830 1875 918 1950 hanc
943 1875 1132 1951 doctrinam
1157 1876 1257 1951 incui-

140 2008 214 2081 cat;
237 1993 341 2067 sicin
365 1991 425 2064 lib.
445 1993 480 2063 1:
496 1993 545 2065 lte
561 1993 703 2091 nuptiis:
728 1991 929 2078 «Quoniam
948 2016 1016 2065 nou
1038 2006 1172 2064 tautum
1196 1991 1262 2066 ion

141 2099 434 2194 conditas,'ouius
453 2106 581 2181 fructus
602 2107 636 2179 in
655 2106 747 2208 prole
763 2123 827 2193 ast,
848 2131 911 2180 nac
929 2121 1058 2179 tautum
1076 2106 1255 2206 pudicitia,

140 2221 242 2295 ouius
262 2220 435 2296 uinculum
462 2238 514 2295 est
538 2222 650 2310 fides,
672 2248 789 2296 verum
821 2221 924 2294 otiam
948 2221 1122 2321 quoddam
1144 2248 1253 2297 sacra·

139 2352 292 2409 mentum
304 2335 496 2437 nuptiarum
509 2337 761 2410 commandatur
774 2334 933 2410 fidelihus
946 2336 1152 2434 coniugatis,
1170 2334 1257 2410 uude

98 2476 101 2483 ⁴
140 2450 225 2523 dicit
240 2449 439 2550 Apostolus:
466 2451 546 2535 Viri,
563 2450 692 2550 diliqits
711 2477 830 2524 acoron
849 2466 986 2537 vestras,
1001 2453 1086 2524 sicut
1105 2453 1255 2526 Christus

140 2563 260 2637 dilexit
284 2565 452 2638 ecclesium
483 2566 629 2662 (106).n
651 2566 781 2638 Deinde
802 2565 934 2640 subdit:
963 2566 1107 2639 «Huius
1140 2564 1255 2665 procul

144 2678 250 2753 dubio
276 2679 475 2753 sacramenti
503 2706 558 2753 res
586 2696 638 2753 cst
666 2679 757 2778 (hoc
778 2698 831 2755 est
855 2682 1045 2777 effectum„
1062 2695 1099 2754 ut
1125 2707 1199 2756 mas
1224 2696 1255 2754 et

139 2790 287 2868 foemina
304 2795 472 2870 connubio
498 2796 662 2895 copulati,
686 2797 851 2895 quamdiu
869 2796 1003 2886 uiuunt,
1024 2796 1259 2896 inseparabili

139 2923 190 2982 tor
214 2909 445 3008 peramarunt,
462 2936 524 2983 uec
544 2910 659 2998 liceat,
681 2928 820 3008 excepta
844 2936 947 2984 causa
972 2910 1258 3000 fornicationes

140 3025 287 3122 coniuge
308 3011 484 3122 coniugem
509 3025 635 3098 dirimi.
657 3026 727 3100 Hoc
747 3026 837 3098 enim
855 3025 1042 3100 custoditur
1067 3026 1102 3098 in
1128 3026 1258 3102 Christo

139 3155 173 3212 et
197 3139 357 3229 ecclesia,
378 3157 416 3213 ut
431 3142 550 3215 vivens
568 3167 645 3214 cum
669 3141 804 3216 vivente
830 3142 865 3214 in
897 3138 1072 3215 aeternum
1094 3141 1190 3217 nullo
1214 3142 1259 3215 di·

137 3255 245 3327 vortio
275 3270 460 3352 separetur.
479 3255 584 3329 Cuius
605 3257 808 3330 sacramenti
823 3270 922 3330 *tauta
940 3255 1133 3331 observatio
1157 3273 1211 3333 est
1226 3259 1258 3330 iu

140 3368 277 3452 civitate
300 3369 362 3442 Dei
381 3372 503 3456 nostri,
528 3371 564 3442 in
582 3389 694 3446 monto
719 3387 835 3447 sancto
861 3372 955 3460 eius,
978 3372 1041 3446 hoc
1066 3388 1119 3447 ost
1146 3374 1184 3446 in
1208 3398 1259 3448 oo·

139 3480 244 3554 clesia
268 3481 414 3572 Christi,
446 3485 638 3585 quibusque
670 3486 828 3560 fidelibus
861 3487 1068 3585 coniugatis,
1101 3489 1260 3588 quisine

139 3594 243 3685 dubio
259 3597 410 3702 membra
440 3617 518 3673 sunt
535 3600 682 3689 Christi,
703 3618 759 3689 ut,
780 3628 858 3675 cum
872 3602 1017 3676 filiorum
1040 3604 1260 3702 procreando

139 3736 213 3783 rum
230 3735 334 3785 causa
350 3712 401 3785 vei
421 3713 554 3791 nubant,
566 3716 748 3803 foeminae,
769 3716 823 3791 uei
840 3717 1005 3791 ducantur
1029 3744 1174 3808 uxores,
1201 3743 1258 3793 uec

139 3827 290 3901 sterilem
314 3830 491 3927 coniugem
514 3831 611 3905 tacite
633 3833 679 3907 sit
704 3832 914 3932 relinquere,
944 3848 981 3906 ut
1006 3833 1076 3908 ulia
1096 3835 1257 3910 foecundo

137 3939 289 4043 ducatur.
312 3942 409 4028 Quod
428 3945 457 4018 si
475 3945 657 4046 quisquam
675 3947 809 4036 iecerit,
830 3974 897 4026 uon
914 3946 988 4048 lege
1005 3948 1121 4026 buius·
1135 3949 1252 4031 saculi,

215 4181 281 4244 (tot)
296 4180 394 4232 lbidu.
405 4189 428 4233 8.
584 4253 586 4259 Ι
618 4255 620 4260 .

209 4261 276 4323 (too)
294 4263 331 4312 Dc
342 4264 424 4313 matr.
439 4264 550 4314 o.1v.n.
564 4270 589 4314 a.

208 4340 274 4404 (tut)
287 4343 347 4407 cop.
358 4347 388 4395 x.
400 4357 425 4395 u.
435 4350 471 4397 to.
482 4346 545 4409 Opp.
557 4343 596 4395 od.
607 4346 684 4394 Maur.
697 4347 755 4395 tom
769 4349 799 4397 x.
