2796 5064
138 364 186 434 st
318 383 380 434 nn.
397 381 445 434 ur.
462 379 549 432 secr.
570 381 594 432 r.
616 381 656 433 nr
674 380 769 434 mre.
786 381 910 434 cumsr.
930 380 1076 437 omrnrr.

139 502 222 578 viris
248 499 407 588 mortuis,
434 497 540 573 nubat
563 498 728 574 foemina:
752 524 816 575 noc
833 526 875 575 ex
899 526 976 576 meo
999 498 1103 577 conde
1126 516 1236 603 praetr

138 615 332 716 Scripturas
348 629 485 689 sanotae
501 615 753 703 anctoritatem,
773 612 979 716 quotaslibet
993 616 1135 717 nuptias
1152 616 1236 694 auda

139 729 365 807 condemnare
392 731 520 826 (72).»

215 847 306 920 Haec
331 846 571 921 confirmantur
593 873 634 920 ex
651 847 695 920 iis
715 873 803 946 quae
828 845 1003 947 respondit
1019 846 1180 922 Christus
1196 847 1236 923 D(

140 963 254 1037 minus
281 960 484 1035 sadducaeis
508 959 553 1033 ab
576 987 617 1035 ec
641 960 892 1036 sciscitantibus
915 961 1012 1035 cuins
1034 961 1151 1036 lutura
1175 988 1236 1038 css

140 1103 241 1164 uxor,
262 1101 349 1176 quae
366 1091 496 1175 septem
515 1073 674 1149 iratribus
693 1092 864 1176 nupserat.
886 1075 971 1149 Nam
989 1101 1065 1150 eam
1078 1102 1149 1152 non
1166 1077 1236 1153 dau

141 1208 201 1266 nat
217 1191 308 1292 quod
326 1205 455 1290 septem
470 1189 554 1264 viris
572 1190 762 1290 nupsisset,
783 1190 959 1265 utiterum
976 1190 1136 1266 observat
1153 1193 1236 1268 s-Ar

139 1308 297 1407 guatinas
310 1305 481 1381 scribens:
505 1306 647 1406 «Ipsum
666 1331 803 1407 quoque
820 1305 1047 1408 apostolorum
1060 1309 1236 1407 megistum

141 1439 175 1496 et
190 1422 371 1497 Dominum
392 1419 495 1494 audio
513 1420 715 1495 sadducaeis
734 1421 1016 1520 respondentem,
1037 1446 1116 1496 cum
1139 1448 1236 1525 propt

140 1537 293 1613 scissent
308 1535 483 1609 mulierem
497 1562 564 1609 non
585 1535 771 1625 univiram,
791 1533 844 1610 vel
862 1534 1024 1624 biviram,
1045 1536 1125 1627 sed,
1147 1538 1179 1612 si
1196 1537 1236 1612 di

143 1669 275 1755 potest,
307 1651 530 1753 septiviram,
563 1650 599 1722 in
628 1650 871 1726 resurrectione
900 1650 997 1726 cuius
1030 1651 1147 1727 lutura
1176 1679 1236 1729 ess

143 1794 239 1843 uxor.
263 1769 446 1867 increpans
466 1765 556 1839 enim
577 1791 653 1853 eos,
673 1765 739 1854 ait,
761 1764 916 1851 Erratis,
939 1767 1162 1841 conscientes
1178 1769 1236 1842 Sor

136 1898 277 1984 ptores,
304 1906 406 1979 seque
428 1881 582 1952 uirtutem
601 1881 675 1953 Dei.
703 1879 746 1952 In
770 1881 1002 1953 resumctiosc
1021 1881 1109 1953 enim
1128 1908 1189 1955 nec
1204 1908 1236 1955 ιιι

142 1999 233 2085 beot,
253 2025 310 2071 sec
327 2023 446 2071 osores
464 1999 592 2071 ducem:
613 2023 677 2070 non
693 1998 780 2070 esim
796 1997 953 2095 incepisset
967 1998 1067 2082 mori,
1091 1997 1151 2071 sed
1168 2024 1236 2071 erus

140 2114 293 2213 aequales
306 2117 433 2214 cnqelis
452 2118 525 2190 Dei.
546 2116 671 2192 Eorum
689 2114 804 2215 itaque
822 2112 1101 2187 resurrectionem
1119 2139 1236 2188 commi

140 2230 302 2319 moravit,
330 2232 389 2331 qui
415 2249 591 2331 resurgent
615 2230 659 2306 ad
683 2231 809 2318 vitam,
839 2254 908 2302 non
933 2228 993 2328 qui
1016 2245 1199 2328 resurgent
1219 2254 1236 2305 a

141 2372 298 2446 poenam.
328 2348 439 2423 Potuit
454 2375 535 2448 ergo
559 2347 692 2435 dicere,
713 2344 834 2420 erratis
856 2344 1045 2418 nescientes
1070 2345 1236 2446 Scriptura

142 2488 253 2563 neque
272 2463 428 2538 virtutem
446 2466 527 2553 Dei,
551 2466 586 2537 in
605 2464 664 2538 illa
680 2462 769 2536 enim
787 2459 1031 2535 resurrectione
1052 2459 1236 2536 multinubi

142 2578 230 2652 istae
253 2605 329 2654 esse
353 2606 422 2655 non
447 2597 621 2681 poterunt:
650 2577 773 2652 deindo
799 2576 943 2665 addere,
964 2576 1046 2677 quia
1064 2603 1130 2651 nec
1148 2577 1236 2680 aliqu

142 2692 190 2766 ibi
209 2693 317 2768 nubit.
339 2695 404 2768 Sed
426 2722 488 2770 nec
504 2696 635 2797 ipsam,
655 2710 694 2767 ut
714 2692 886 2778 videmus,
908 2706 957 2764 tot
973 2691 1173 2765 maritorum
1190 2718 1236 2767 mv

142 2806 258 2883 liorem
283 2807 353 2883 ulla
372 2836 455 2884 suae
473 2809 660 2885 sententiae
676 2805 925 2905 significatione
943 2805 1119 2881 damnavit
1139 2809 1231 2904 (73).

215 2924 282 2997 Nec
301 2922 345 2996 ab
365 2924 544 3023 Augustini
563 2949 667 2999 sensu
684 2920 805 3020 reliqui
826 2935 938 3019 patres
963 2917 1173 3009 abscedunt,
1201 2935 1236 2996 et

143 3035 310 3111 interdum
322 3037 490 3112 eiusmodi
504 3037 673 3112 connubia
685 3033 806 3109 acerbe
819 3035 1047 3134 perstringant
1057 3050 1163 3135 atque
1175 3034 1236 3111 dau

143 3177 225 3225 nare
247 3152 436 3227 videantur.
467 3155 518 3227 lta
544 3152 701 3226 Clemens
735 3149 908 3225 alexandr.
937 3149 997 3249 qui
1022 3149 1070 3223 ita
1095 3150 1236 3226 disserit

145 3264 466 3351 «Quemadmodum
488 3266 647 3353 avaritia,
670 3283 702 3341 et
720 3264 819 3365 plura
836 3263 985 3338 habendi
1002 3264 1198 3365 cupiditas,
1217 3263 1236 3339 d

143 3377 231 3452 citur
260 3378 456 3467 fornicatio,
489 3395 641 3480 atquae
667 3379 864 3454 adversatur
893 3378 1139 3468 sufficientiae;
1171 3394 1236 3455 etv

142 3491 332 3568 idololatria
346 3510 450 3569 estex
467 3521 535 3570 unc
555 3495 591 3567 in
611 3495 734 3570 multos
746 3495 808 3569 Dei
825 3494 1011 3583 attributio,
1027 3495 1074 3569 ita
1086 3493 1236 3571 fornicati

142 3625 196 3684 cst
212 3608 256 3682 ab
273 3634 342 3684 uno
360 3611 573 3686 matrimonio
591 3611 635 3685 ad
653 3611 752 3713 plura
768 3610 940 3711 prolapsio
960 3612 1034 3707 (Ἠ)
1050 3666 1059 3698 ,
1077 3639 1095 3680 n
1115 3637 1180 3686 nec
1196 3636 1236 3688 nu

144 3752 174 3799 s.
196 3725 376 3823 Gregorius
397 3726 644 3815 nazianzenus,
661 3727 720 3826 qui
737 3725 889 3826 Apostoli
908 3726 1011 3800 verba
1025 3740 1236 3801 coercerentur

144 3840 202 3912 boc
222 3867 378 3938 mcqoum
398 3856 445 3914 cst
466 3857 526 3914 stc.
552 3841 765 3941 expendens:
792 3839 877 3915 haec
898 3841 1038 3915 scribit:
1070 3841 1173 3916 «Hac
1190 3866 1236 3917 ort

147 3955 239 4031 tione
264 3957 431 4031 secundas
463 3957 599 4058 nuptias
625 3957 710 4030 mihi
736 3957 909 4058 deprecari
934 3956 1079 4032 videtur.
1111 3958 1148 4030 Si
1173 3957 1237 4031 enit

219 4183 270 4246 (72)
284 4182 338 4274 Lib.
347 4185 385 4234 De
392 4185 464 4235 Bono
473 4183 598 4236 uldutlot.
614 4186 674 4248 cap.
682 4185 736 4235 ¹11.
747 4183 786 4235 ed.
795 4186 873 4236 Maur.
882 4197 940 4249 opp.
949 4185 1009 4236 tom.
1018 4185 1061 4235 Vl.
1069 4183 1118 4236 col.
1129 4188 1234 4249 t7esaq.

218 4264 270 4409 lili
284 4263 380 4398 diliis.
397 4344 440 4397 nn.
459 4348 502 4397 ΙΙΙ.
518 4358 572 4411 pag.
588 4349 642 4399 tot.
655 4344 695 4399 sd.
708 4346 750 4398 cit.
