2796 5064
259 364 328 412 car.
346 365 368 412 ι.
386 364 426 411 na
444 361 620 412 aoxianus
637 362 844 412 sruucrxssa.
867 363 938 412 aar.
956 364 992 413 u.
1120 343 1161 413 ³1

128 480 236 578 Atque
253 505 294 550 ex
311 478 367 552 his
386 479 453 551 iam
472 477 569 551 laeile
586 494 638 551 est
655 477 794 565 inferre,
815 478 907 578 quod
927 478 1078 553 seeundo
1095 478 1167 553 loco

66 594 308 681 constituimus,
325 592 544 693 polygyniam
557 592 623 690 legi
636 592 779 666 naturali
794 592 1041 692 quodammodo
1055 593 1169 669 adver·

64 712 135 784 sari.
156 710 236 782 Dixi
253 709 487 809 quodammodo
508 736 551 782 ne
568 709 700 783 uiderer
724 710 925 783 contendere
949 710 1092 784 obsolute
1110 735 1169 809 po-

62 826 240 925 lygamiam
258 825 322 897 iuri
341 824 485 897 naturali
503 850 710 923 repugnare,
732 824 814 924 quia
829 850 908 897 cum
921 850 961 898 ax
975 850 1043 909 una
1060 839 1167 923 parte,

61 959 93 1013 ut
107 940 281 1026 diximus,
302 965 361 1039 per
378 965 452 1012 eam
471 939 550 1012 finis
568 938 750 1038 primarius
768 938 915 1036 coniugii
934 936 1076 1011 obtineri
1095 964 1170 1037 pos·

61 1057 117 1142 sit,
146 1071 248 1128 etex
274 1054 342 1128 alia
376 1053 589 1152 incommoda
621 1053 721 1126 etiam
756 1079 844 1152 quae
871 1078 945 1125 eam
971 1052 1170 1141 comitantur

59 1171 142 1245 vinci
169 1196 211 1243 ac
238 1170 391 1269 superari
422 1169 558 1243 omnino
590 1168 741 1255 ualeant,
771 1167 1021 1268 temperandam
1047 1166 1171 1243 idcirco

60 1286 303 1386 aliquantulum
328 1311 450 1359 censeo
476 1285 688 1359 seutentiam.

123 1401 284 1474 Ceterum
310 1401 344 1472 in
370 1400 520 1500 exposito
546 1426 651 1475 sensu
684 1400 899 1501 polygyniam
931 1401 1074 1474 naturali
1106 1402 1170 1476 iuri

62 1515 230 1588 aduersari
258 1541 298 1587 ex
323 1540 362 1588 eo
387 1529 501 1614 patet,
534 1514 625 1614 quod
658 1515 869 1602 secundarii,
906 1541 992 1613 quos
1025 1531 1168 1603 vocant,

61 1631 204 1728 coniugii
225 1629 309 1703 fines
328 1631 381 1703 vix
400 1647 458 1702 aut
476 1656 517 1702 ne
530 1630 585 1703 vix
597 1630 733 1729 quidem
751 1656 828 1703 cum
847 1630 1037 1730 polygamia
1054 1630 1171 1705 haberi

63 1747 202 1844 possint.
220 1745 394 1844 Siquidem
417 1746 452 1817 in
474 1746 652 1818 mulierum
677 1745 886 1844 pluralitate,
915 1761 1065 1845 spectata
1086 1747 1173 1846 ipsa·

63 1890 128 1934 rum
148 1861 266 1935 indole
290 1887 330 1933 ac
356 1877 491 1948 natura,
517 1888 580 1962 pax
598 1878 630 1935 et
648 1860 872 1960 tranquillitas
885 1889 906 1935 a
920 1861 1047 1935 lamilia
1064 1863 1174 1937 exulat

62 2003 197 2050 necesse
216 1991 281 2063 est,
304 2001 370 2048 non
397 1976 495 2049 modo
520 1975 602 2076 quia
627 1975 786 2049 mulieres
809 1976 939 2050 rixosae
963 2002 1039 2050 esse
1064 1976 1173 2052 solent

62 2111 90 2164 et
103 2094 295 2191 inquietae,
312 2118 428 2165 uerum
445 2092 566 2178 etiam,
587 2092 654 2165 imo
673 2091 885 2191 potissimum
898 2092 941 2166 ob
955 2092 1169 2193 zelotypiam,

62 2207 99 2280 ob
124 2206 405 2293 aemulationem,
433 2207 477 2280 ob
504 2207 665 2281 inuidiam
689 2208 844 2307 aliasque
868 2208 1090 2306 cupiditates,
1112 2235 1173 2282 seu

62 2340 94 2394 ut
109 2339 231 2397 vocant
244 2325 430 2420 passiones,
447 2350 535 2422 quae
552 2351 593 2396 ex
610 2323 776 2397 eiusmodi
796 2323 1043 2398 consociatione
1055 2341 1174 2425 suapte

63 2455 178 2512 natura
204 2438 364 2524 excitari,
385 2453 487 2537 atque
504 2438 645 2513 accendi
671 2438 886 2512 vehementer
909 2455 1170 2526 consueverunt,

63 2555 106 2625 uti
121 2553 334 2653 experientia
351 2553 526 2628 manifesto
539 2553 756 2627 demonstrat.
769 2555 941 2629 Praeterea
953 2580 1175 2654 unaquaeque

63 2669 208 2743 sobolem
235 2696 332 2742 suam
360 2695 440 2768 prae
465 2670 576 2743 aliena
602 2669 732 2767 diligit,
761 2669 913 2768 adeoque
939 2686 1099 2769 perpetua
1117 2670 1175 2744 ba·

63 2784 154 2858 betur
178 2785 314 2859 occasio
340 2785 562 2860 contentionis
589 2800 690 2884 atque
708 2785 855 2858 dissidii.
872 2785 959 2859 Hinc
977 2786 1014 2858 fit
1030 2802 1067 2858 ut
1084 2785 1174 2883 apud

64 2898 240 2974 orientales
267 2899 409 2999 populos
436 2926 539 2998 penes
564 2926 651 2999 quos
675 2899 841 2973 eiusmodi
866 2897 1050 2999 polygynia
1067 2898 1171 2996 viget,

64 3040 129 3089 uos
155 3014 343 3088 obtinuerit
359 3030 396 3087 ut
413 3015 579 3088 foeminae
601 3039 718 3088 omues
744 3013 779 3084 in
805 3013 985 3112 gynecaais
1004 3029 1173 3113 tamquam

65 3127 93 3199 in
117 3127 312 3201 carceribus
337 3129 528 3216 trudantur,
558 3156 600 3202 ue
626 3129 660 3200 in
687 3127 813 3200 familia
838 3127 983 3202 dissidia
1007 3143 1040 3201 et
1063 3128 1176 3203 conlu-

65 3243 189 3316 sionem
217 3244 304 3315 ciere
331 3244 474 3342 possint.

130 3360 251 3458 Neque
268 3357 363 3432 obest
380 3358 583 3458 quandoque
600 3359 763 3432 foeminas
784 3358 919 3455 ingenio
944 3358 1105 3457 pacificas
1125 3385 1174 3431 re-

68 3475 183 3569 periri,
209 3500 298 3573 quae
317 3475 476 3547 unionem
495 3474 683 3547 animorum
699 3490 732 3547 et
744 3473 956 3547 concordiam
981 3489 1176 3548 consecten-

66 3750 167 3800 stabilita
183 3751 207 3800 la
225 3750 492 3813 poligamia-assensa
506 3752 591 3813 queste
603 3750 711 3811 (donne)
721 3762 811 3799 ancora
822 3749 949 3811 bambine,
961 3749 992 3798 ne
1000 3749 1031 3798 ad
1042 3749 1106 3799 altro
1115 3749 1175 3799 abin

67 3829 105 3878 obe
122 3830 146 3878 al
167 3829 271 3890 diletto,
290 3829 382 3879 roleasi
397 3843 432 3879 uu
448 3830 516 3879 freno
532 3829 581 3879 alla
598 3829 706 3878 violenta
724 3829 858 3892 agitantem
872 3828 936 3878 delle
947 3829 1000 3878 loro
1011 3828 1129 3892 passioni,
1142 3828 1176 3879 al·

67 3908 177 3969 t'anrore,
192 3909 242 3958 atla
255 3910 367 3973 rivalita,
379 3910 426 3959 alte
437 3909 534 3972 gelosle.
548 3913 566 3958 E
579 3909 594 3957 l'
603 3909 713 3972 orgogtio
730 3923 744 3959 e
762 3909 784 3958 le
795 3909 909 3959 asseriani
920 3909 945 3957 di
956 3922 1008 3960 esse
1019 3909 1176 3959 rtmenerano

67 3989 133 4040 anese
146 3989 214 4038 dalla
231 3988 374 4052 poligamia,
388 3991 434 4040 che
449 3991 572 4039 tormenta
586 3990 668 4040 isausi
685 3989 748 4040 nolle
764 3989 912 4054 pnraalonl,
929 3989 946 4039 ll
960 4001 1034 4039 cuore
1049 3989 1112 4039 colle
1123 4002 1176 4052 pre·

67 4068 165 4132 laenam
177 4070 242 4121 onde
250 4071 275 4120 lo
284 4084 357 4134 sposo
367 4084 416 4121 non
427 4073 517 4135 potem
528 4070 565 4120 lar
576 4073 650 4121 conto
660 4070 805 4122 rutt’miore
814 4070 840 4120 di
850 4072 913 4133 etse
927 4083 1011 4121 aurore
1019 4070 1044 4119 la
1055 4069 1096 4134 piu
1107 4068 1176 4119 selda

68 4151 213 4213 aumantigia
227 4149 294 4200 della
305 4150 402 4200 ledeltlx.
411 4153 510 4200 Doreva
523 4152 634 4213 portanto
648 4150 786 4200 dorninarla
795 4165 842 4200 con
856 4150 976 4201 indomita
984 4149 1175 4210 serenarum·

69 4227 128 4278 deta
141 4242 188 4278 con
203 4228 365 4279 attentissime
383 4229 536 4293 preceptioni
548 4266 555 4291 ,
573 4229 644 4292 porri
658 4243 673 4279 a
686 4229 797 4281 custodia
812 4229 907 4280 nomini
928 4229 1011 4280 ridotti
1026 4230 1051 4280 ln
1064 4227 1133 4291 gulsa
1143 4227 1175 4277 da

69 4318 110 4356 non
120 4309 225 4358 eocitare
237 4308 268 4358 ne
280 4308 288 4357 i
304 4308 417 4359 desiderii
430 4308 494 4359 delle
506 4309 635 4371 tanciulle,
647 4308 677 4359 nb
689 4310 712 4359 la
723 4310 813 4373 gelosla
824 4309 862 4361 del
874 4309 1005 4374 padrone.»
