2796 5064
344 395 413 448 ear.
424 399 458 448 ιι.
473 398 512 447 aa
527 397 701 448 notrorum
720 397 917 448 successive.
942 384 1011 448 nm.
1027 399 1049 447 1.
1211 378 1256 449 83

142 533 332 619 peccatores
358 531 437 591 sunt
454 516 548 616 apud
573 532 723 590 nostrum
745 516 963 615 Magistrum,
987 519 1033 591 ita
1053 532 1086 591 et
1104 521 1164 618 qui
1189 547 1259 592 rnu-

141 634 254 709 lierem
279 632 475 732 adspiciunt
496 647 533 705 ut
553 658 628 706 eam
655 633 896 732 concupiscant
917 637 1031 729 (31).»
1049 633 1109 708 hst
1135 636 1164 709 si
1187 662 1259 709 ora·
1281 726 1282 730 Ἰ

141 751 238 824 tionis
257 749 380 824 seriem
397 747 645 849 expendamus,
664 748 791 847 patebit
804 775 833 822 s.
850 749 1028 848 Martyrem
1050 749 1142 823 haud
1161 750 1257 824 dam-

142 891 238 938 nasse
265 863 434 938 secundas
466 863 624 962 nuptias,
652 889 738 961 quas
768 866 965 936 successivos
1000 864 1168 951 dicimus,
1197 867 1257 940 sed

140 981 187 1054 rei
211 1007 273 1054 eas
297 979 510 1079 vituperasse
534 1004 623 1078 quae
649 1004 715 1052 non
746 979 855 1053 soluto
883 980 992 1080 priore
1016 982 1152 1055 vinculo
1176 1008 1257 1056 con-

141 1094 329 1182 trahuntur,
347 1109 384 1167 ut
400 1093 472 1167 uult
485 1093 643 1167 hiarauus
660 1095 750 1190 (32);
766 1094 818 1167 vel
832 1120 891 1168 aas
910 1096 1048 1194 nuptias
1063 1097 1257 1186 damnasse,

138 1239 222 1312 quas
253 1238 358 1285 uxore
393 1210 580 1287 secundum
616 1211 707 1307 leges
741 1210 902 1298 dimisse,
935 1213 1013 1312 quis
1046 1214 1260 1289 contraheret

141 1354 214 1400 cum
246 1327 354 1401 altem
382 1326 528 1400 foemina
548 1343 585 1398 ut
608 1325 666 1399 aiii
697 1325 902 1399 contendunt
918 1329 993 1423 (33)
1010 1357 1017 1413 ;
1036 1353 1095 1401 seu
1114 1328 1260 1429 deniquo

140 1444 322 1517 damnasse
340 1442 566 1543 polygamiarn
584 1442 825 1515 simuitonmm.
847 1443 934 1516 Sanc
956 1443 1141 1518 adduxerat
1160 1446 1260 1518 lusti-

141 1587 203 1632 nus
235 1559 431 1632 immediatc
464 1552 544 1631 ante
575 1557 700 1631 Christi
726 1557 829 1631 verba
861 1585 901 1630 er
932 1558 1049 1632 Matth.
1075 1561 1166 1646 xlx,
1197 1562 1255 1632 12.

142 1674 207 1761 Qui
225 1674 321 1746 dacii
335 1673 543 1773 repudiatam
560 1673 602 1745 ah
620 1673 721 1746 altero
739 1676 826 1757 viro,
847 1674 1048 1759 moechatur,
1068 1674 1124 1746 ubi
1144 1675 1187 1749 dc
1206 1702 1256 1749 se·

141 1790 261 1862 cundis
280 1789 409 1888 nuptiis
435 1788 528 1860 nulla
553 1803 605 1861 cst
631 1788 767 1861 mentio.

211 1904 311 1990 Quod
338 1928 417 1977 vero
442 1904 560 1976 attinet
585 1901 629 1975 ad
654 1902 837 1975 Minucium
857 1901 1020 1989 Felicem,
1042 1930 1141 2003 quem
1169 1905 1257 2004 pari-

142 2036 188 2092 ter
213 2018 448 2092 adversantem
474 2017 633 2092 secundis
659 2017 788 2116 nuptiis
808 2017 920 2117 plures
943 2018 1138 2116 perhibent,
1160 2020 1258 2093 nobis

141 2136 297 2207 ridentur
322 2160 388 2208 non
423 2133 533 2207 solido
559 2134 620 2206 niti
658 2134 874 2207 fundamento
908 2135 965 2233 qui
1006 2134 1041 2206 id
1072 2135 1255 2210 affirmant.

142 2251 214 2325 Duo
239 2266 321 2325 sunt
344 2250 418 2324 loca
443 2276 532 2350 quae
556 2277 596 2323 ex
621 2275 662 2323 eo
687 2250 721 2321 in
748 2248 837 2322 hanc
859 2251 1059 2322 sententiam
1088 2252 1262 2349 proferun-

213 2441 265 2502 (st)
277 2439 383 2503 Apolop.
395 2441 415 2489 1.
430 2451 454 2488 n.
476 2446 510 2489 15.

214 2519 268 2582 (³2)
285 2523 313 2570 tu
329 2520 395 2569 hunc
412 2519 494 2569 iocum
510 2521 569 2569 nota
583 2518 610 2569 d.

213 2600 266 2663 (aa)
283 2600 364 2649 Utica
376 2599 568 2664 protestantibus
579 2598 787 2649 tenentTtrirbins
798 2599 823 2647 et
835 2597 943 2647 littteras
952 2598 977 2647 in
985 2599 1049 2649 notis
1060 2599 1098 2649 ed.
1112 2613 1190 2651 norae
1200 2614 1258 2664 opp.

143 2694 161 2730 s.
176 2679 267 2730 tustini
291 2679 389 2731 ahotto
404 2680 537 2729 adornatae
557 2681 628 2730 ienae
652 2683 718 2729 1847.
736 2681 761 2727 in
774 2685 796 2729 a.
808 2678 869 2727 tomi
882 2679 901 2728 1.
913 2692 937 2741 p.
953 2680 971 2728 i.
986 2693 1040 2743 pag.
1055 2687 1093 2730 aa.
1106 2681 1148 2729 retii
1162 2681 1259 2743 tegitur:

146 2754 312 2825 «διγαμιάς.
328 2761 380 2810 Hac
396 2773 456 2809 roca
471 2762 586 2811 Marauus
600 2760 714 2824 opinatus
734 2761 771 2810 est
783 2760 881 2823 nuptias
901 2773 915 2809 a
938 2759 1030 2808 tustino
1049 2760 1191 2822 vituperari,
1201 2774 1265 2823 quae

145 2853 192 2889 non
209 2839 294 2889 soluto
317 2840 399 2902 priore
421 2839 521 2889 rincnio
544 2839 724 2889 contrahuntur
738 2837 858 2901 (theologi
876 2837 1055 2901 polppomiunc
1072 2839 1261 2888 stmuitoneam

144 2920 256 2982 uocant).
268 2918 390 2968 Braunius
408 2917 544 2971 mundum
562 2918 689 2969 contendit
709 2919 892 2970 matrimonium
909 2910 981 2982 (rode
1001 2909 1136 2982 δεύτερους
1158 2909 1263 2983 γάμους

145 3014 163 3048 s.
177 3000 324 3062 tipomiom
335 3001 522 3060 successivam)
531 2999 680 3062 improbum
694 3000 810 3050 Thirhins
821 3002 846 3049 ct
858 3001 968 3050 ltittenrs
984 2999 1072 3048 metius
1089 2997 1262 3049 intelteremnt

143 3080 262 3131 scandas
276 3078 374 3142 nuptias
384 3081 442 3141 post
454 3079 570 3129 diuortia
582 3081 720 3129 contractas
733 3093 784 3129 noc
795 3080 884 3130 vetitas
897 3079 990 3142 tegibus
1004 3078 1126 3128 humanis.
1140 3078 1186 3127 Hic
1195 3079 1263 3129 cutm

144 3158 284 3219 (animadv.
299 3157 324 3206 iu
336 3157 440 3221 primam
450 3172 471 3208 s.
485 3157 572 3208 tustini
591 3169 625 3208 m.
637 3160 734 3223 apolog.
747 3173 772 3222 p.
789 3164 825 3209 rt.
837 3159 914 3222 seq.):
929 3179 941 3202 ι
954 3160 1018 3221 lton,
1038 3157 1127 3220 inquit,
1147 3171 1265 3220 negamus

146 3252 164 3288 s.
177 3240 302 3289 tustinum
318 3237 470 3301 improbasse
480 3237 586 3288 secunda
595 3239 752 3288 matrimonia
761 3239 913 3300 successiva,
922 3251 988 3309 ¹quum
999 3240 1095 3287 mortua
1107 3237 1184 3287 attera
1196 3241 1265 3301 parto

145 3315 276 3380 ineuntur,
294 3315 502 3380 quemadmodum
523 3317 634 3382 plerique
653 3321 748 3369 veteres
770 3319 888 3381 ecciesiae
913 3320 993 3381 patres
1014 3318 1107 3380 iecere,
1122 3331 1210 3368 rerum
1231 3331 1261 3369 er

146 3412 172 3449 ro
189 3413 240 3450 non
262 3399 374 3462 sequitur
393 3398 537 3459 scriptorem
555 3400 602 3449 hoc
623 3401 677 3450 ioco
695 3413 753 3463 prae
774 3400 852 3450 ocutis
868 3399 983 3450 hahuisse
1003 3402 1029 3449 et
1043 3399 1143 3448 nomina
1158 3401 1264 3462 peccati

146 3484 258 3530 mtasse:
278 3492 336 3529 nam
362 3479 500 3542 improbare
520 3479 615 3543 aliquid
635 3482 660 3530 et
685 3495 731 3544 pro
753 3483 854 3545 peccato
879 3480 968 3530 hahere
991 3479 1125 3543 plurimum
1148 3479 1213 3529 inter
1235 3493 1263 3530 se

144 3560 269 3610 diiierunt.
280 3562 371 3611 tioium
385 3563 423 3610 est
442 3562 522 3623 patres
538 3573 598 3610 voce
615 3552 732 3625 διγαμία
744 3561 837 3624 triptici
852 3559 1031 3624 significatione
1045 3561 1098 3623 uti,
1115 3563 1139 3610 ct
1155 3560 1263 3624 primum

147 3640 245 3702 quidem
261 3652 319 3689 cum
342 3639 399 3702 quis
417 3638 488 3689 hines
508 3639 708 3703 inspectatores,
726 3640 815 3691 deinde
835 3653 892 3690 cunr
914 3640 970 3703 quis
992 3639 1150 3689 matrimonio
1170 3638 1264 3703 prioris

147 3723 257 3786 coniugis
273 3722 352 3771 morte
374 3720 470 3771 subiato
488 3720 519 3770 ad
534 3721 654 3771 secundas
669 3720 767 3785 nuptias
782 3721 920 3782 transierit,
932 3721 1038 3783 denique
1060 3721 1133 3770 tertio
1149 3720 1223 3783 ioco,
1239 3719 1261 3771 si

148 3805 201 3864 qnia
217 3816 297 3852 uxore
312 3801 447 3852 secundum
470 3801 534 3865 teges
554 3800 657 3851 dimissu
677 3803 751 3851 atiani
773 3801 880 3852 duxerit.
902 3803 1008 3850 Tantum
1033 3800 1064 3850 de
1087 3801 1153 3850 tertii
1181 3801 1263 3851 matri·

147 3885 219 3934 monii
240 3895 329 3946 genere
341 3883 387 3932 hoc
400 3883 456 3932 loco
470 3883 589 3932 tustinum
602 3895 673 3945 agere
683 3896 712 3932 er
725 3896 754 3932 co
769 3884 850 3945 patet,
863 3881 928 3944 qnod
943 3881 968 3930 in
982 3881 1136 3944 praecatenti
1151 3881 1264 3930 oratione

149 3977 175 4013 ea
190 3963 275 4014 uerbis
290 3962 383 4012 Christi
398 3961 429 4010 ad
448 3962 582 4011 moechiam
591 3962 725 4025 spectantia
735 3961 784 4010 driu
795 3963 923 4010 nutaverat
934 3964 1008 4022 atque
1022 3959 1141 4020 edixerat,
1154 3960 1262 4023 primum

148 4044 165 4092 si
180 4045 237 4108 quis
253 4041 394 4106 adspexerit
408 4041 535 4092 mutierem
548 4040 580 4091 ad
593 4041 812 4105 concupiscendam
829 4054 892 4101 eant,
902 4041 952 4090 iam
964 4054 1017 4090 enm
1036 4041 1191 4090 moechatum
1209 4051 1263 4089 csse

150 4121 171 4171 io
185 4122 261 4173 eorde
270 4135 326 4183 sno,
339 4122 364 4170 et
376 4121 397 4171 ei
409 4120 468 4184 quis
485 4120 611 4171 dimissam
625 4121 657 4170 ab
678 4121 727 4170 atio
745 4134 847 4170 uxorem
865 4120 984 4170 duxisset.
1004 4123 1058 4169 Duo
1072 4120 1161 4169 haecce
1176 4132 1265 4182 genera

150 4203 234 4268 repetit
250 4204 298 4252 troc
310 4201 414 4252 addens:
428 4201 564 4252 secondum
578 4201 716 4251 doctrinam
727 4201 886 4251 christianam
901 4201 1005 4250 atterum
1017 4213 1117 4263 qrroque
1132 4200 1179 4249 hoc
1191 4199 1261 4248 adui-

149 4283 234 4332 terium
250 4296 316 4344 esse,
333 4282 448 4346 quemvis
464 4282 527 4346 teges
543 4281 664 4332 humanae
687 4281 768 4331 sotuto
785 4280 848 4331 inter
864 4280 935 4330 viros
957 4278 1113 4329 matrimonio
1139 4277 1170 4327 ad
1195 4276 1262 4328 atiud

150 4363 283 4423 peredere
296 4361 464 4426 pemittant.»
1120 4436 1143 4479 Q
