2796 5064
342 367 412 420 uta.
427 369 461 417 r.
477 369 517 418 nr
530 368 640 419 sotor.
658 369 787 420 rurrnr.
800 369 896 420 aura.
908 369 978 420 tar..
995 370 1030 420 rt.
1178 348 1244 420 tet

140 486 250 561 cunda
265 503 300 560 et
316 485 414 559 tertia
435 486 508 559 vice
533 484 775 583 decipiantur?
792 486 843 558 En
860 512 929 585 quo
950 486 1076 560 ducant
1099 487 1247 563 theoriae

137 601 179 674 ab
205 599 404 675 hominibus
431 626 492 674 seu
518 599 561 673 ab
586 600 690 674 huius
715 601 829 674 seculi
850 601 1061 701 sapientibus
1087 603 1250 701 excogita·

138 733 208 801 tae,
230 729 269 787 ut
291 713 369 789 illas
390 731 562 814 opponant
582 714 744 788 ecclesiae
766 715 951 789 catholicae
976 715 1146 791 doctrinae
1173 744 1250 791 san·

135 829 269 929 ctisque
296 831 485 929 principiis.

210 945 328 1043 ltaque
346 942 437 1017 nulla
454 942 521 1016 alia
538 945 593 1018 via
610 945 777 1045 suppetit,
798 971 899 1043 quam
912 961 948 1018 ut
961 972 981 1018 a
995 948 1118 1020 teneris
1132 949 1250 1044 ungui·

134 1058 223 1133 culis
248 1060 426 1158 utriusque
443 1085 545 1132 sexus
564 1059 835 1133 adolescentibus
856 1060 1092 1134 sanctissimae
1117 1063 1250 1160 religio-

135 1175 192 1248 nis
211 1173 370 1271 dogmata
395 1199 436 1248 ao
460 1172 680 1248 saluberrima
704 1191 883 1275 praecepta
909 1174 1128 1262 instillentur,
1148 1194 1250 1277 atque

134 1291 171 1362 in
196 1316 313 1363 eorum
332 1289 491 1364 cordibus
507 1288 574 1364 alte
590 1290 790 1388 defigantur.
812 1290 986 1390 Siquidem
1003 1291 1033 1365 si
1051 1291 1106 1365 his
1124 1319 1161 1366 se
1178 1319 1250 1367 mo-

135 1405 267 1502 rigeros
292 1403 526 1504 praebuerint,
546 1405 638 1479 Deus
655 1406 729 1504 ipse
747 1405 956 1505 providentia
974 1432 1036 1480 sua
1053 1424 1247 1492 concurret,

134 1535 174 1597 ut
190 1519 326 1595 foedera
347 1520 513 1620 nuptialia
531 1519 693 1620 optimum
711 1523 894 1596 sortiantur
910 1522 1065 1596 ellectum
1082 1521 1175 1597 iuxta
1192 1522 1250 1596 illa

134 1635 265 1710 biblica
298 1635 454 1710 oracula:
480 1637 635 1711 «Beatus
659 1637 719 1736 qui
749 1637 878 1712 habitat
902 1664 979 1712 cum
1003 1638 1157 1712 muliera·
1172 1663 1250 1712 seu·

134 1769 212 1828 sata
227 1753 342 1847 (43).»
357 1751 505 1826 Mulieris
530 1751 639 1826 bonae
664 1751 783 1826 beatus
806 1754 880 1841 rir3
909 1779 1069 1827 numerus
1085 1753 1175 1830 euim
1193 1780 1250 1828 an·

135 1893 258 1942 nomm
282 1866 375 1941 illius
400 1865 524 1966 duplex
546 1869 660 1963 (44).»
677 1869 758 1940 Pars
783 1868 897 1954 bona,
929 1868 1051 1942 mulier
1074 1868 1186 1953 bona,
1215 1871 1250 1943 in

136 1996 234 2081 parte
251 1980 438 2055 timentium
454 1981 561 2056 Deum
578 1979 714 2055 dabitur
731 1981 804 2056 viro
824 2008 884 2082 pro
902 1982 1000 2056 luctis
1018 1982 1117 2056 bonis
1133 1985 1247 2077 (443)»

134 2095 274 2196 aliaque
298 2088 482 2182 eiusmodi,
511 2095 637 2195 quibus
661 2096 853 2195 Scripturae
877 2113 1013 2172 sanctae
1036 2096 1221 2170 abundant.

207 2210 305 2297 Quod
319 2211 350 2285 si
363 2211 534 2308 contingat
546 2211 668 2284 initum
683 2212 881 2311 coniugium
892 2229 1043 2312 optatum
1056 2239 1124 2287 nou
1134 2212 1249 2288 sortiri

135 2328 280 2414 exitum,
308 2325 382 2401 sola
407 2326 523 2424 religio
550 2326 730 2401 hiemalis
760 2327 942 2426 pharmaca
967 2329 1128 2403 salutaria
1154 2355 1249 2429 pras·

136 2441 254 2529 bebit,
277 2440 478 2541 facilemque
501 2439 616 2515 reddet
641 2441 944 2539 longanimitatem,
966 2442 1179 2542 patientiam,
1200 2443 1248 2515 le·

136 2557 345 2657 nitatemque
363 2557 398 2629 in
415 2557 508 2630 vitiis
530 2555 712 2631 tolerandis
737 2557 863 2655 quibus
891 2557 1047 2630 alteruter
1068 2557 1250 2656 coniugum

137 2672 287 2745 irretitus
312 2671 431 2760 luerit,
459 2670 567 2745 donec
590 2670 633 2744 ad
659 2672 793 2745 saniora
817 2670 961 2745 consilia
987 2671 1120 2755 redeat,
1148 2688 1181 2745 et
1205 2671 1247 2744 ad

136 2786 311 2862 meliorem
336 2786 463 2884 ungam
487 2813 524 2860 se
549 2785 700 2885 recipiat.
723 2786 795 2859 liae
822 2786 949 2859 ratione
975 2786 1089 2884 plures
1104 2787 1143 2858 in
1160 2787 1251 2860 eius-

136 2903 230 2977 modi
256 2917 345 2977 statu
369 2901 413 2975 ad
437 2901 647 2976 sanctitatem
665 2915 765 3002 atque
782 2900 826 2973 ad
843 2900 1032 2989 heroicum,
1052 2917 1090 2976 ut
1109 2918 1245 2988 vocant,

136 3017 271 3092 virtutis
301 3016 442 3115 gradum
476 3031 710 3116 pervenerunt
739 3015 843 3090 Cuius
867 3016 915 3089 rei
942 3016 1038 3090 testis
1067 3032 1119 3090 est
1148 3043 1250 3117 expe·

138 3132 260 3206 nentia
272 3133 307 3204 in
321 3131 481 3229 religione
493 3131 674 3217 catholica,
691 3131 726 3203 in
739 3157 806 3230 qua
819 3131 989 3204 innumeri
1007 3157 1112 3229 prope
1129 3133 1251 3206 sancti·

138 3248 219 3323 tatis
241 3247 370 3346 apicem
396 3247 460 3321 hoc
486 3246 585 3322 modo
606 3247 800 3344 attigerunt.
820 3245 914 3332 Quae
931 3246 960 3319 si
978 3245 1178 3320 admiranda
1195 3274 1251 3348 po-

138 3363 208 3436 tius
234 3389 336 3462 quam
362 3361 524 3436 imitanda
547 3361 742 3448 rideantur,
766 3378 950 3460 suppetunt
974 3362 1077 3435 etiam
1101 3362 1251 3461 vulgaria

137 3503 180 3553 ae
201 3477 473 3578 frequentissima
497 3478 649 3577 exempla
674 3477 1001 3565 reconciliationum,
1022 3478 1107 3553 adeo
1124 3495 1160 3552 ut
1176 3496 1251 3578 post

138 3611 391 3691 temporaneum
420 3593 600 3667 divortium
632 3594 667 3665 in
698 3593 836 3690 gratiam
869 3592 1053 3680 redierint,
1081 3610 1116 3666 et
1143 3596 1251 3667 amico

137 3709 275 3784 loedere
297 3710 457 3808 coniuges
478 3709 520 3782 ad
542 3725 680 3783 mortem
705 3734 814 3807 usque
839 3709 1093 3808 perseverarint.
1113 3707 1249 3806 Siquid

137 3851 219 3899 vero
244 3824 291 3898 sit
315 3825 532 3924 patiendum,
554 3824 650 3897 dolor
668 3824 876 3920 mitigabitur
901 3851 961 3924 spe
988 3822 1137 3897 melioris
1154 3849 1249 3895 even·

135 3955 215 4028 tas,
242 3967 352 4042 neque
377 3940 446 4014 ulla
470 3940 655 4014 necessitas
680 3943 769 4036 cogit
795 3940 837 4012 ad
861 3939 1004 4013 divortia
1029 3939 1174 4038 perlecta
1199 3938 1248 4009 la-

212 4161 266 4219 (ta)
280 4157 347 4208 leel.
359 4160 434 4208 XXV.
450 4166 487 4210 tt.

212 4237 265 4297 (44)
282 4235 343 4287 thid.
359 4238 444 4286 xxvt.
458 4245 479 4287 1.

210 4316 262 4378 (tt)
280 4315 342 4366 lbid.
358 4329 381 4364 t.
395 4324 416 4366 ³.
