2796 5064
216 357 285 431 tro
335 377 398 430 ur.
419 376 468 429 ιιι.
489 374 577 429 secr.
597 374 729 427 ιιιιιιι.
752 373 792 426 ιιι
811 373 926 427 mutas.
948 372 1045 427 ιιιι.
1061 371 1189 426 mmor.

213 521 352 573 suorum
369 493 523 595 vestigiis
540 492 754 582 inhaesisse,
773 493 833 594 qni
850 507 941 568 certe
956 490 1050 567 solus
1066 487 1263 566 Alexander
1276 489 1328 562 lll.

212 639 291 690 esse
316 639 384 688 non
412 611 532 715 potuit.
564 610 640 686 Alia
664 608 807 712 proinde
831 608 1063 711 praecessisse
1087 606 1180 681 hanc
1209 605 1247 680 in
1271 631 1332 679 rem

213 755 298 805 rom.
323 728 521 831 pontificum
538 729 693 817 decreta,
722 752 810 828 quae
834 726 948 802 forsan
972 725 1164 828 perierunt,
1188 721 1335 799 admitte

213 871 291 920 mus
313 870 453 920 necesse
473 862 537 920 est.

286 958 330 1033 llt
353 959 456 1057 igitur
480 985 642 1061 praesens
668 972 901 1057 argumentum
920 956 1161 1044 absolvamus,
1178 953 1335 1029 exaddn·

212 1075 276 1149 ctis
285 1074 498 1175 antiquitatis
503 1075 715 1150 documentis
729 1073 881 1149 eruimus
893 1073 1002 1174 primo
1010 1072 1045 1145 iu
1057 1069 1210 1145 ecclesia
1222 1068 1336 1167 ingiter

215 1188 306 1263 hunc
318 1214 457 1263 sensum
477 1189 628 1288 viguisse
644 1188 687 1264 de
704 1190 818 1263 favore
829 1184 1127 1263 diuinitusoollsto
1144 1183 1334 1283 ingratiam

214 1303 427 1405 perfectioris
452 1304 597 1380 instituti
617 1331 679 1405 per
703 1304 949 1406 professionem
967 1299 1247 1400 evangelicorum
1266 1324 1338 1374 con·

214 1417 382 1494 siliorum.
412 1418 573 1494 Eruimus
596 1420 722 1494 deinde
748 1445 832 1495 rom.
862 1417 1042 1520 pontifices
1066 1415 1170 1517 loqui,
1185 1416 1232 1490 de
1252 1415 1337 1490 cius

215 1533 307 1610 modi
333 1535 566 1633 coniugiorum
587 1534 812 1612 dissolutione
833 1535 877 1609 ad
899 1531 1123 1635 profitendam
1144 1530 1336 1630 religionem

215 1664 389 1751 tamquam
409 1650 453 1725 de
474 1677 511 1727 re
537 1651 665 1727 iamdiu
683 1651 916 1753 superioribus
937 1647 1062 1725 seculis
1079 1664 1239 1748 recepta,
1258 1647 1337 1747 quin

215 1763 285 1839 ulla
309 1765 479 1864 assignari
503 1768 632 1867 epocha
657 1768 778 1869 possit.
811 1766 943 1840 Exinde
967 1789 1112 1865 prunum
1135 1779 1193 1838 est
1217 1762 1336 1837 inlerre

213 1879 364 1979 riguisse
388 1882 432 1955 ab
457 1882 554 1958 initio
580 1882 795 1958 traditionem
819 1880 1038 1982 apostolicam
1061 1879 1155 1956 circa
1178 1878 1273 1953 hunc
1287 1904 1337 1952 ar-

213 1994 374 2084 ticulum,
395 2024 497 2098 quem
524 1996 660 2074 demum
686 1997 829 2074 solemni
853 1997 984 2073 ratione
1008 1994 1195 2072 concilium
1218 1994 1337 2069 triden-

215 2110 324 2185 tinum
349 2139 413 2187 suo
433 2139 563 2188 canone
587 2114 745 2190 sancivit.
764 2115 854 2188 Sane
868 2113 1000 2188 nullum
1016 2111 1143 2213 opponi
1170 2127 1286 2213 potest
1300 2136 1336 2184 m

213 2239 284 2299 tota
307 2226 508 2327 antiquitate
537 2228 775 2305 documentum
800 2254 870 2329 quo
893 2225 1097 2305 contrarium
1127 2223 1334 2301 adstruatur.

213 2339 285 2413 lam
310 2364 390 2414 uero
418 2341 511 2415 iuxta
542 2343 692 2441 regulam
713 2371 744 2419 s.
771 2342 972 2441 Augustini:
1005 2339 1098 2428 Quos
1122 2354 1206 2413 aaut
1230 2355 1339 2415 meuc

212 2453 309 2554 fidem
325 2457 378 2529 uel
397 2455 512 2530 losum
528 2459 648 2545 vitam,
668 2450 836 2558 (ecclesia)
853 2485 910 2532 occ
927 2454 1088 2556 approbat
1104 2481 1163 2529 occ
1184 2468 1268 2529 tacet
1283 2481 1336 2527 acc

211 2571 314 2671 facit,
339 2573 429 2671 (26).
454 2573 538 2647 Cum
561 2601 640 2649 vero
667 2602 734 2649 non
759 2574 860 2651 modo
888 2573 1064 2671 negative,
1095 2597 1216 2645 verum
1241 2572 1337 2645 etiam

212 2687 357 2787 positive
377 2705 508 2764 constet
530 2691 564 2763 in
583 2690 729 2765 ecclesia
748 2690 791 2765 ab
809 2687 1087 2775 immemorabili,
1105 2685 1188 2761 licet
1206 2688 1272 2762 sub
1288 2687 1335 2760 di-

210 2828 309 2879 versa
327 2805 433 2879 forma
450 2832 511 2904 pro
528 2821 714 2907 temporum
736 2806 924 2894 adiunctis,
954 2803 1122 2879 eiusmodi
1143 2805 1333 2879 institutum

211 2935 380 2994 servatum
401 2920 524 3008 luisse,
546 2948 680 2995 rursum
698 2921 803 2995 altera
819 2920 973 2996 eiusdem
994 2946 1024 2994 s.
1046 2919 1205 2993 lloctcris
1223 2917 1335 3018 regula

210 3033 404 3109 adhibenda
430 3051 500 3110 est:
525 3035 686 3135 «Siquid
708 3036 827 3110 horum
844 3052 912 3110 tota
931 3062 992 3135 per
1007 3034 1123 3108 orbem
1141 3035 1333 3135 frequentat

210 3147 354 3223 ecclesia
368 3180 376 3238 ;
454 3151 538 3251 quin
564 3151 609 3224 ita
635 3151 826 3226 laciendum
851 3151 897 3226 sit
917 3151 1113 3252 disputare,
1141 3150 1335 3226 insolentis-

217 3262 325 3337 simae
350 3264 506 3339 insanius
532 3282 584 3340 est
612 3269 735 3363 um.»

284 3387 335 3459 dd
361 3413 464 3486 quam
490 3390 640 3487 regulam
667 3393 697 3466 si
720 3392 922 3466 attendisset
944 3390 1181 3479 llaldonatus,
1203 3415 1336 3466 seusu·

211 3517 283 3576 ctor
298 3502 568 3601 disputationum
580 3506 624 3580 de
641 3521 770 3607 septem
784 3507 1018 3595 sacramentis,
1039 3532 1081 3579 ca
1097 3504 1252 3605 prolecto
1269 3528 1335 3578 non

213 3618 451 3719 opposuisset,
472 3646 560 3720 quae
584 3648 658 3695 cam
677 3622 814 3698 omnino
832 3623 1021 3697 destruunt.
1045 3623 1232 3722 Postquam
1249 3621 1334 3695 enim

215 3736 372 3837 scripsit,
404 3735 579 3811 difficilem
606 3738 694 3812 hanc
723 3764 801 3812 csse
831 3740 1085 3839 quaestionem,
1114 3754 1232 3812 utrum
1249 3735 1336 3811 scili-

211 3868 264 3925 cet
288 3852 389 3927 liceat
416 3853 664 3929 matrimonium
696 3870 805 3928 ratum
830 3854 1016 3929 dissolvere
1040 3853 1083 3926 ad
1110 3852 1335 3953 profitendum

211 3965 307 4041 aliud
320 3968 409 4042 vitae
422 3995 531 4066 genus
545 3970 726 4069 perfectius
741 4029 749 4059 ,
765 3971 925 4044 nimirum
939 3969 1155 4068 religionem,
1173 3984 1235 4041 cut
1247 3965 1337 4042 uliud

207 4085 387 4172 eiusmodi,
410 4103 447 4160 at
462 4090 681 4163 ministerium
705 4090 976 4174 ecclesiasticum
1004 4086 1084 4161 item
1103 4101 1220 4159 utrum
1242 4085 1337 4159 licoat

280 4272 332 4335 (ιε)
350 4275 427 4338 aput.
440 4278 491 4326 ΙΝ.
504 4275 541 4326 ad
561 4279 674 4327 Ianuar.
687 4290 741 4339 cap.
752 4279 818 4327 xlx.
834 4290 859 4327 ιι.
873 4283 912 4328 tt.
927 4274 968 4326 cd.
979 4276 1058 4325 Maur.
1071 4275 1134 4326 tom.
1145 4275 1180 4326 11.
1194 4274 1246 4326 cul.
1259 4277 1310 4328 stt·

281 4353 331 4414 (27)
346 4354 423 4419 Epist
435 4358 498 4408 tw.
515 4355 552 4409 od
564 4359 679 4410 Ιαιιιιιιι.
698 4371 752 4422 cap.
765 4361 797 4410 V.
818 4372 844 4410 n.
861 4365 886 4410 c.
904 4357 953 4410 col.
971 4363 1024 4410 tte.
