2796 5064
263 393 331 440 oie.
346 393 388 440 vr.
402 394 440 440 on
454 393 531 442 ovss.
546 394 639 443 narn.
651 394 733 455 narr,
749 395 811 442 non
826 394 985 445 consuunt.
1000 398 1070 445 inv.
1085 398 1127 446 vv.
1184 379 1252 446 533

139 510 347 597 finitionem,
369 509 509 582 alterum
532 536 592 608 per
616 511 744 609 praxim
770 537 878 585 suam.
909 512 1070 599 Quamvis
1088 542 1166 589 vero
1184 542 1256 588 ma-

138 625 333 698 trimonium
360 640 468 697 ratum
494 625 646 698 absolute
672 641 772 726 atque
790 625 834 699 ab
853 627 1034 704 intrinseco
1060 655 1120 704 seu
1137 648 1256 705 natura

138 767 202 813 sua
229 739 464 813 indissolubile
489 742 596 815 sitae
622 740 687 815 diei
715 741 855 828 debeat,
887 743 970 818 solvi
996 750 1107 818 tamen
1132 747 1174 819 ab
1199 774 1256 819 ex-

138 855 306 940 trinseco,
323 881 383 927 seu
395 853 510 927 divina
523 839 724 941 auctoritate
732 872 856 954 potest,
873 874 974 954 prout
986 860 1174 957 expositum
1189 877 1250 934 est.

214 1237 279 1309 Sed
304 1264 391 1337 quae
409 1238 452 1310 de
469 1239 671 1311 matrimonii
690 1239 865 1312 christiani
883 1241 1143 1339 proprietatibus
1163 1243 1257 1317 tortio

138 1352 204 1425 hoe
223 1350 309 1425 libro
336 1378 397 1424 nee
422 1378 488 1426 non
513 1355 660 1452 quaein
686 1352 786 1427 totius
812 1355 925 1453 operis
943 1354 1089 1428 decursu
1107 1358 1257 1456 sumpsi-

138 1494 216 1539 mus
246 1467 485 1567 disquirenda‚
520 1468 586 1540 iam
618 1469 701 1541 satis
733 1495 902 1570 superque
926 1470 1113 1568 disceptata
1136 1496 1175 1544 ao
1201 1469 1257 1542 di-

138 1598 278 1680 sputata
307 1610 367 1682 pro
398 1585 543 1669 nostris,
580 1583 698 1682 quales
731 1610 791 1656 eae
819 1584 953 1656 tandem
983 1611 1127 1685 eumque
1157 1586 1252 1672 sint,

139 1697 270 1770 viribus
295 1697 462 1770 videntur.
488 1697 707 1798 Scopulosum
733 1699 880 1796 prolecto
905 1699 1063 1799 pelagus
1085 1725 1124 1772 ao
1151 1698 1256 1772 multa

139 1813 223 1910 syrti
249 1811 471 1911 periculosum
488 1813 734 1910 navigavimus.
756 1813 867 1900 Quare
884 1840 923 1886 eo
948 1813 1045 1886 nobis
1065 1813 1256 1887 laetandum

140 1928 270 2024 magis,
293 1955 361 2026 quo
387 1927 518 2001 felicius
544 1928 587 2000 ad
614 1945 743 2028 portum
770 1929 902 2028 appulsi
929 1955 1059 2002 sumus.
1088 1930 1129 2001 At
1147 1930 1257 2028 potui-

140 2068 217 2116 mus
239 2042 422 2142 aliquando
441 2069 502 2142 pro
519 2043 687 2116 humanae
704 2043 944 2117 imbecillitatis
962 2045 1173 2131 conditione,
1197 2072 1256 2118 ou·

142 2159 196 2230 ius
218 2186 283 2231 non
310 2175 361 2232 est
385 2160 498 2231 omnia
524 2186 658 2247 cavere,
687 2176 745 2233 aut
771 2159 885 2258 aliquo
912 2159 995 2233 sorte
1020 2160 1170 2246 illidere,
1200 2177 1258 2233 aut

139 2300 161 2344 a
179 2290 268 2347 recto
293 2275 516 2369 navigationis
541 2301 642 2349 eursu
668 2275 852 2374 paullulum
879 2276 1045 2348 deerrare.
1076 2276 1165 2360 Quid
1193 2275 1257 2348 ni?

143 2389 297 2462 Hominis
324 2406 376 2462 est
397 2415 499 2487 posse
525 2390 606 2461 fatti.
636 2391 756 2462 Verum
780 2391 842 2463 etsi
870 2418 923 2463 me
948 2392 1050 2464 errori
1077 2391 1256 2464 obnoxium

142 2504 320 2603 profitear,
344 2523 490 2578 attamen
516 2522 549 2577 et
574 2530 642 2576 una
667 2531 761 2588 sum,
790 2504 902 2604 qualis
932 2507 1042 2578 omnis
1068 2505 1256 2578 catholicus

142 2618 319 2717 theologus
337 2647 413 2693 esse
440 2620 558 2705 debet,
587 2619 913 2718 obsequentissimus
940 2636 1075 2691 sanetae
1101 2645 1257 2691 romanae

142 2734 307 2807 eeclesiae
324 2736 533 2835 discipulus,
563 2761 602 2807 ao
628 2734 899 2807 studiosissimus
926 2735 999 2806 eius
1024 2732 1256 2806 observantiae

145 2849 249 2921 lilius.
272 2851 383 2935 Quare
410 2852 438 2922 si
465 2850 546 2950 quid
574 2849 656 2920 mibi
680 2850 762 2922 sorte
784 2848 957 2933 inscienti,
978 2865 1035 2919 aut
1053 2848 1254 2947 imprudenti

144 2963 231 3037 inter
250 2964 465 3037 scribendum
492 2964 534 3037 de
560 2965 756 3064 quaestione
777 2980 844 3035 tam
866 2961 1017 3048 difficili,
1039 2978 1173 3061 tamque
1197 2987 1256 3059 per

145 3096 297 3178 tempora
317 3061 482 3176 eiagitata
500 3079 678 3164 exciderit,
707 3079 796 3177 quod
813 3076 864 3150 vel
885 3094 1093 3150 tranversum
1118 3077 1255 3175 quidem

144 3220 291 3290 unguem
318 3222 339 3267 a
363 3195 502 3267 veritate
526 3194 694 3280 discedat,
717 3195 784 3267 iam
810 3219 899 3266 nunc
916 3193 992 3265 heic
1011 3193 1181 3294 profiteor,
1202 3218 1256 3265 me

145 3307 229 3379 illud
256 3326 426 3410 tamquam
457 3309 646 3395 indictum,
667 3327 726 3381 aut
750 3324 962 3382 retractatum
988 3308 1125 3381 omnino
1155 3307 1252 3382 velle.

146 3424 254 3495 Unum
289 3424 378 3496 enim
402 3424 513 3496 'animi
545 3423 650 3497 nostri
682 3423 907 3509 desiderium,
940 3422 1043 3496 immo
1074 3421 1252 3520 voluptas.

144 3565 279 3637 semper
293 3556 327 3612 et
340 3539 401 3612 luit
414 3555 530 3625 otest,
551 3565 591 3612 ao
605 3563 703 3637 porro
729 3564 905 3636 speramus
923 3565 943 3610 a
959 3537 1077 3612 Deio.
1099 3538 1142 3607 ll.
1159 3536 1257 3610 boni-

146 3672 213 3727 tato
231 3671 267 3727 ut
291 3655 333 3726 ad
354 3672 491 3728 mortem
511 3681 618 3752 usque
635 3654 680 3726 sit
697 3656 845 3725 veritatis
862 3653 1039 3726 catholicoe
1057 3654 1251 3749 triumphus.

575 3971 838 4082 &wlff
