2796 5064
256 386 433 443 un.m.or
450 385 547 439 amru
564 384 733 437 ramam.
748 383 1094 437 masmanna.
1165 361 1236 433 tlt

126 506 161 583 de
185 507 431 596 fornicatione,
456 505 519 580 sed
543 504 697 580 absolate
721 521 820 606 prout
843 503 1107 604 apudllareum
1124 517 1157 576 et
1173 503 1240 576 Lu-

126 646 191 699 mm
215 622 413 722 reperiturz-
435 621 503 708 Qui
525 620 615 694 duait
638 620 847 719 repudiatam
870 620 912 692 ab
937 621 1039 692 altero
1055 621 1140 703 uiro,
1153 624 1240 690 oroi·

125 739 257 823 elatum·
294 763 364 837 quo
395 738 480 812 aetio
512 752 627 837 aperte
658 736 830 838 signifieat
853 735 944 809 nullo
970 737 1006 808 in
1032 740 1114 808 oa'su
1138 733 1241 807 licere

125 852 336 939 arinensis,
355 851 460 939 altero
475 853 608 928 vivente
624 852 784 948 coniuge,
804 851 941 925 alteram
959 851 1094 936 duoere,
1109 876 1151 924 ao
1168 875 1241 948 pro

125 965 197 1041 inde
215 966 403 1041 insolubile
420 992 616 1066 permanere
633 966 838 1040 matrimonii
854 965 1048 1051 vinculum,
1068 965 1170 1037 etiam
1189 963 1242 1037 in·

125 1081 328 1157 terreniente
352 1080 539 1168 adulterio,
567 1097 601 1154 et
623 1107 727 1155 uxore
750 1080 805 1154 oh}
820 1106 894 1155 earn
917 1078 1237 1164 eausam'dimissa3

124 1194 281 1295 l.·quod
310 1194 455 1295 loquens
476 1182 521 1270 de
544 1195 619 1293 lege
648 1195 820 1280 humana,
853 1219 922 1292 qua
952 1192 1134 1267 divortium
1164 1217 1242 1290 per·

124 1310 336 1398 mittebatur,
365 1311 511 1385 affirmet
534 1337 613 1398 eos,
641 1311 700 1410 qui
727 1308 913 1387 seeundum
937 1307 1139 1382 oontrahunt
1160 1332 1243 1381 eon-

124 1424 271 1522 ingium,
291 1425 425 1503 uiuente
442 1426 564 1499 reiecto
586 1425 727 1523 coniuge
744 1425 846 1499 etiam
862 1423 906 1496 ob
924 1421 1148 1510 adulterium,
1164 1448 1242 1520 poo-

124 1555 268 1624 mores,
296 1564 358 1621 eeu
387 1565 463 1613 reos
487 1538 643 1627 adulterii
678 1565 776 1624 esse,
801 1549 874 1613 ,rr'on
908 1560 1008 1611 secus
1031 1563 1073 1611 ao
1096 1561 1156 1612 eos
1181 1536 1241 1636 qui

123 1653 295 1755 aspiciunt
310 1654 485 1728 mulierem
497 1653 541 1737 ad
555 1642 859 1752 eoncupisoendam
877 1678 972 1738 eam,
992 1652 1051 1752 q'ui
1070 1651 1138 1727 iam
1155 1677 1243 1727 moe·

123 1767 211 1845 abati
239 1785 321 1843 sunt
343 1795 457 1845 eoram
481 1768 554 1845 Deo
579 1767 882 1865 (altaserram
873 1783 988 1866 rtaque
1013 1768 1165 1841 lustinus
1189 1778 1243 1841 est

124 1882 376 1959 indissolubilia
404 1882 531 1965 ‚vinculi
563 1882 777 1981 coniugalis,
796 1898 840 1957 et
865 1881 960 1957 testis
986 1881 1051 2017 luae
1075 1908 1179 1983 super
1205 1892 1242 1959 re

123 1997 310 2074 catholicae
335 1999 521 2095 doetrinae.
969 2038 997 2047 ’-

192 2112 346 2189 Alterum
367 2115 599 2191 testimonium
616 2117 761 2193 ooourrit
777 2118 814 2191 in
827 2116 991 2216 Apologia
1008 2117 1052 2189 11
1068 2141 1104 2190 n.
1121 2115 1165 2187 11.
1181 2038 1242 2189 abi

124 2229 221 2304 refert
247 2230 425 2304 historiam
451 2231 544 2305 illius
569 2232 722 2308 mulieris
748 2234 843 2334 prius
867 2233 1057 2330 flagitiosae
1082 2231 1243 2328 coniugio

122 2345 322 2431 coniunctae
343 2372 422 2419 eum
448 2372 557 2446 aeque
580 2347 750 2444 flagitioso
767 2347 858 2434 viro,
877 2374 965 2447 quae
981 2348 1026 2420 ad
1046 2345 1242 2440 religionem

123 2458 343 2535 christianam
365 2487 527 2535 conversa
544 2461 586 2533 ad
606 2461 776 2541 meliorem
792 2463 921 2558 frugem
935 2479 1101 2547 revocata,
1122 2459 1244 2557 sategit

122 2573 231 2648 rirum
248 2601 349 2649 suum
362 2601 383 2649 a
396 2575 487 2648 vitiis
501 2575 629 2650 inolitis
643 2576 825 2649 retrahere.
838 2579 958 2650 Verum
973 2604 1049 2650 eum
1068 2575 1102 2648 id
1117 2575 1243 2649 frustra

123 2702 307 2777 tentasset,
334 2689 513 2789 virumque
544 2717 645 2769 suurn
670 2692 707 2767 in
725 2692 847 2791 'peiora
872 2719 978 2765 ruere·
998 2690 1239 2789 comperisset:

126 2801 279 2890 «veria,
297 2805 514 2903 prosequitur
527 2806 675 2887 lustinus
688 2861 697 2894 ,
712 2832 762 2885 ,no
779 2806 894 2906 inique
912 2823 945 2881 et
963 2807 1068 2906 impie
1081 2806 1243 2881 sactomm

124 2917 294 3017 partioeps
320 2917 433 3007 fieret,
454 2919 485 2992 si
507 2919 543 2991 in
566 2921 727 3018 coniugio.
748 2938 914 3009 maneret,
939 2923 1105 3019 vietusque
1124 2947 1162 2994 oo
1180 2921 1246 2993 tori

124 3056 252 3105 ramora
272 3047 376 3118 essee,
395 3033 502 3109 misso
517 3060 578 3122 eo,
599 3036 690 3134 quod
714 3037 862 3123 voeatis,
888 3035 1047 3134 repudio,
1068 3035 1239 3110 discessit.

125 3145 207 3221 Turn
234 3147 429 3247 praeclaras
453 3165 487 3224 et
501 3150 619 3225 -bonus
645 3150 702 3226 ille
726 3152 797 3239 vir,
818 3179 894 3227 oum
912 3152 1061 3250 gaudere
1085 3152 1240 3240 deberet,

128 3261 219 3361 qnod
242 3288 331 3360 quae
351 3261 431 3335 olim
457 3291 541 3339 uxor
565 3291 647 3347 oum
667 3266 775 3340 servis
793 3283 826 3341 et
842 3266 1057 3341 mercenariis
1076 3266 1112 3339 in
1128 3267 1244 3345 vinum

125 3390 228 3474 atque
252 3401 353 3450 omne
376 3376 533 3451 vitiorum
557 3403 665 3477 genus
698 3379 809 3453 eflusa
835 3380 974 3455 licenter
1004 3381 1241 3480 perpetrabat,

125 3487 169 3563 ab
193 3488 252 3563 his
276 3489 343 3563 iam
367 3491 536 3577 faciendis
557 3494 716 3568 deterrita
733 3494 871 3582 suisset,
892 3521 933 3570 ao
951 3496 1063 3595 ipsum
1081 3497 1183 3571 etiam
1201 3495 1245 3569 ab

126 3600 249 3677 iisdem
279 3603 417 3701 flagitiis
452 3605 618 3680 deterrere
652 3608 820 3695 studeret;
850 3608 1027 3709 repudium
1054 3637 1120 3683 non
1146 3611 1245 3685 obse-

197 3777 251 3839 (²⁴)
265 3779 350 3828 Harae
361 3778 388 3830 tn
399 3781 457 3830 nota
468 3779 528 3831 dad
538 3782 604 3833 trane
617 3781 665 3833 lor.
678 3783 739 3834 haee
748 3782 847 3834 oerlbtt:
857 3804 868 3826 ιι
877 3787 932 3835 Iton
951 3786 1072 3837 secandae
1088 3787 1190 3851 nuptiae
1204 3787 1245 3837 trie

125 3858 257 3908 atratino
280 3858 464 3922 vituperantur,
485 3860 527 3910 sed
547 3875 627 3924 quae,
649 3875 698 3912 non
719 3863 800 3913 soluto
819 3863 901 3927 priore
920 3864 1034 3929 vinculo,
1055 3867 1244 3917 oontratruntur.

126 3937 195 3988 llllna
211 3936 280 3988 enlm
297 3951 368 3989 mens
384 3952 413 3988 ex
434 3940 593 4005 testtrnonits,
610 3956 674 4005 quae
688 3942 719 3992 ab
738 3957 767 3993 eo
787 3944 940 4006 reseruntur,
959 3945 1136 3997 existimanda:
1151 3949 1175 3997 et
1188 3959 1245 3996 oum

124 4015 404 4162 ζιειιιὶιιιιοιίιιὴοιίιιιίι
413 4018 475 4070 areu
487 4021 521 4070 alt
528 4019 559 4070 de
570 4021 684 4073 emundis
693 4022 798 4086 nuptlla,
811 4022 938 4086 probabtte
949 4038 998 4074 non
1010 4027 1047 4076 est
1057 4025 1128 4075 lllum
1139 4039 1167 4076 ea
1179 4026 1209 4076 de
1220 4040 1246 4076 re

166 4110 182 4147 a
203 4108 267 4147 von
317 4117 342 4146 ,ι

198 4178 269 4228 Haeo
284 4178 372 4228 antean
381 4179 559 4231 eonttrmrntar
573 4194 602 4231 er
619 4181 650 4232 tte
664 4194 728 4245 quae
742 4196 772 4233 ex
781 4183 890 4246 Thtrbto
902 4185 927 4235 et
937 4185 1031 4236 tttttero
1046 4185 1071 4235 in
1081 4182 1245 4249 pm'eoedente

123 4257 234 4308 ιιιιιωο
246 4269 304 4307 enm
320 4270 448 4322 aperauns
462 4259 494 4311 de
509 4261 647 4325 potygamia
662 4263 800 4314 sacomam
813 4266 859 4313 art.
873 4266 893 4314 1.
907 4267 966 4315 nota
986 4268 1024 4316 ta.
1034 4265 1165 4316 attolimus
1176 4265 1246 4316 turta

123 4334 260 4388 edttloaeru
272 4335 368 4391 mod.
379 4340 438 4391 otto
447 4338 640 4404 opulentat.
649 4342 725 4394 terrae
736 4346 924 4407 luteumque
935 4343 984 4395 tue
993 4343 1085 4408 parror
1095 4344 1244 4396 referuntur.
