2796 5064
265 376 1130 435 canmorsrrsormo.cramnrssmtrarsnn.·
1175 358 1242 433 att

126 500 256 574 litatem
274 497 425 596 coniugii
447 495 680 598 praeseferunt
704 511 762 570 aut
787 509 923 596 propter
947 495 1166 587 adulterium,
1187 516 1247 574 aut

125 631 265 719 propter
279 614 472 689 absentiam
492 612 686 687 alterutrius
710 612 885 710 coniugis,
908 628 968 687 aut
991 614 1076 689 alias
1100 640 1242 705 causas,

125 730 232 832 idque
248 755 310 831 pre
327 729 487 803 materiae
508 727 690 815 affinitate,
710 753 873 801 unacum
891 729 1078 805 canonibus
1102 729 1243 806 aliorum

124 845 289 921 librorum
307 843 594 946 poenitentialium
613 842 706 917 illius
726 844 863 930 aetatis3
880 844 1127 943 2.ettingemus
1144 872 1247 946 quae·

125 960 272 1036 stionem
290 959 441 1035 criticam
457 958 626 1034 eiusmodi
644 959 951 1059 poenitentialium
968 963 1126 1035 iveram
1138 962 1247 1038 Theo·

125 1073 199 1152 tlori
223 1075 425 1151 sententiam
451 1073 749 1171 investigabimus3
779 1077 813 1148 4.
835 1075 998 1174 originem
1028 1076 1163 1152 demum
1193 1080 1247 1153 in·

124 1192 303 1293 quiremus
337 1191 557 1278 sententiae,
594 1215 683 1289 quae
719 1191 856 1290 irrepsit
890 1191 980 1286 eirca
1010 1192 1244 1292 coniugiorum

125 1305 399 1383 dissolutionem.

198 1423 227 1495 Ι.
257 1423 377 1522 ltaque
393 1421 431 1494 hi
447 1421 633 1496 efferuntur
651 1447 798 1496 canones
816 1447 879 1496 seu
896 1423 1010 1522 potins
1026 1423 1175 1524 capitula
1191 1451 1247 1499 se-

125 1537 213 1614 lecta
233 1564 275 1612 ex
294 1539 342 1611 ita
362 1536 453 1612 dicto
471 1536 705 1613 Poenitentiali
725 1536 910 1613 Theodori:
935 1539 1138 1638 capffll.
1154 1538 1244 1614 «cai

124 1679 266 1728 uorem
291 1651 400 1727 hostis
419 1651 613 1742 abstulerit,
632 1666 667 1727 et
682 1676 749 1726 nen
766 1667 878 1754 potest
893 1669 1043 1753 repetere
1059 1678 1151 1742 eam,
1167 1654 1246 1729 lieet

123 1769 277 1844 eialiarn
296 1769 465 1870 accipere:
483 1768 605 1842 melius
618 1782 670 1842 est
682 1794 783 1867 quam
798 1768 1063 1842 lornioari.Nam
1080 1770 1111 1844 si
1128 1783 1247 1871 postea

124 1885 244 1960 redeat
265 1910 377 1972 uxor,
408 1910 476 1958 non
500 1881 601 1956 debet
624 1882 773 1981 recipere
798 1909 892 1972 eam,
921 1885 951 1957 si
976 1883 1077 1958 aliam
1104 1883 1240 1959 habeat.

124 1999 205 2100 lpsa
223 1999 365 2099 accipiet
381 1998 523 2072 alterum
539 1997 665 2084 virum,
687 1998 717 2070 si
736 2025 841 2072 unum
859 2014 937 2073 ante
954 1998 1075 2074 habuit
1103 2002 1243 2096 (254).»

197 2113 283 2214 Cap.
304 2113 396 2188 CXL.
423 2113 576 2187 «Mulier
600 2114 632 2188 si
658 2115 693 2186 in
718 2114 950 2216 captivitatem·
969 2142 1030 2214 per
1052 2117 1121 2190 vim
1146 2115 1247 2192 dueta
1331 2161 1333 2167 ·

123 2242 194 2317 est,
224 2243 304 2330 post
327 2254 453 2302 annum
477 2226 580 2302 aliam
605 2227 759 2328 accipere
783 2244 893 2330 potest
908 2231 1021 2325 (tot).

198 2343 289 2417 lbid.
310 2343 392 2445 Cap.
413 2342 505 2416 cii.
532 2343 685 2418 «laicus
709 2371 729 2416 a
752 2370 820 2443 quo
843 2346 984 2418 recessit
1009 2344 1147 2432 mulier,
1169 2371 1246 2419 cum

123 2484 297 2536 consensu
314 2459 485 2559 episcopi,
502 2474 580 2559 post
595 2458 681 2533 duos
699 2485 806 2533 annos
823 2459 925 2533 aliam
943 2460 1089 2560 accipiat
1105 2463 1243 2557 (tamt

130 2622 133 2626 -
197 2575 284 2677 Cap.
304 2573 445 2649 exilu.
461 2605 482 2646 e
496 2575 603 2649 Cuius
620 2601 705 2649 uxor
721 2575 904 2664 fornicata,
931 2574 1011 2650 licet
1033 2602 1108 2655 eam
1133 2576 1246 2650 dimit·

124 2705 216 2776 tare,
246 2705 281 2764 et
303 2688 405 2766 aliam
430 2689 584 2790 accipere
603 2690 742 2786 (iiiii

199 2872 268 2937 (252)
283 2876 313 2924 ln
331 2873 536 2924 ed.1)acherirna
554 2872 676 2937 sptcttep.
697 2873 775 2923 Paris.
794 2878 860 2924 172³.
880 2874 940 2923 torn.
952 2875 973 2922 1.
984 2887 1039 2937 pag.
1054 2877 1108 2924 tet.
1122 2872 1248 2938 capitula

126 2951 258 3009 mm
280 2953 394 3019 arcem
413 2957 538 3006 cantuar.
554 2954 619 3004 iloto
631 2953 740 3016 capituto
753 2954 924 3016 consentiunt,
938 2966 981 3004 seo
995 2953 1078 3017 potins
1097 2953 1145 3004 hoe
1165 2953 1246 3017 ipsum

124 3035 338 3100 repetnntpnneis
346 3035 447 3086 mutatis
456 3033 640 3086 verbis'rireod.
654 3033 788 3085 Paenitli.
806 3041 840 3084 12.
854 3033 954 3097 §.tam
965 3037 1004 3084 22.
1016 3036 1078 3084 item
1088 3035 1114 3084 in
1123 3033 1248 3086 Theodori

125 3117 276 3169 meent.
287 3117 319 3166 ΙΙ.
335 3122 372 3167 rt.
389 3115 413 3179 §.
426 3122 465 3166 tt.
487 3115 524 3166 sic
543 3115 631 3179 tegitur
646 3135 659 3159 a
670 3115 696 3165 si
712 3114 784 3165 entus
797 3126 898 3165 uxorem
916 3113 994 3164 honus
1007 3113 1138 3164 abstulerit
1154 3116 1179 3164 et
1195 3113 1247 3178 ipse

122 3206 180 3247 nn
198 3194 290 3245 iterum
305 3193 407 3259 adipisci
424 3207 473 3245 non
490 3196 584 3257 potest,
600 3193 658 3245 iicet
670 3193 744 3243 etiam
759 3193 860 3255 tollere,
877 3192 967 3244 meiius
977 3194 1061 3244 estete
1076 3193 1156 3244 iacere
1170 3206 1246 3257 quarn

124 3273 272 3325 tunicari.»
282 3273 306 3337 §.
318 3277 382 3327 tta
390 3273 419 3325 Si
431 3274 519 3324 iterum
532 3274 588 3336 post
599 3273 658 3322 neec
667 3286 730 3322 uxor
739 3271 783 3321 iiic
793 3270 888 3322 venerit
896 3270 929 3322 nd
939 3285 1013 3334 eum,
1027 3284 1077 3323 non
1088 3271 1161 3324 debet
1172 3273 1248 3338 recipi

122 3352 159 3404 ab
173 3365 219 3415 eo,
237 3353 258 3403 si
278 3352 353 3403 eiiam
372 3351 462 3415 hebet,
478 3351 522 3403 sed
538 3351 582 3403 itta
595 3351 667 3401 tollat
681 3351 758 3401 atium
772 3352 853 3401 virum
869 3351 917 3401 sibi
932 3352 954 3402 st
971 3363 1048 3418 onum
1064 3353 1136 3402 antea
1150 3351 1244 3404 habuit.

123 3431 222 3486 Μαι
233 3434 354 3484 sententia
373 3433 424 3483 stat
436 3431 468 3483 de
484 3431 563 3483 serris
579 3431 820 3482 transmarinis-Sic
830 3431 905 3482 etism
915 3430 942 3481 in
951 3444 1039 3483 canon.
1051 3432 1162 3496 Gregorii
1171 3445 1194 3485 c.
1204 3437 1245 3486 72.

123 3515 165 3566 tte
186 3514 263 3565 etiem
279 3515 305 3565 in
326 3516 474 3565 poenitent.
490 3513 652 3575 nurnberc.
663 3526 686 3562 e.
698 3517 737 3565 at.
750 3524 796 3562 nee
807 3525 856 3563 ooo
868 3513 894 3562 in
905 3511 1009 3564 ludtcto
1021 3512 1161 3565 Clementis
1171 3528 1194 3564 e.
1208 3521 1244 3566 ta.

200 3594 267 3658 (255)
284 3597 310 3645 tn
334 3593 427 3647 Theoti.
444 3596 588 3645 Poenttent.
598 3592 622 3656 §.
635 3600 674 3644 2ο.
686 3593 732 3643 «Si
742 3595 768 3642 io
777 3592 945 3656 captivitatem
955 3606 998 3657 per
1009 3595 1061 3645 rim
1072 3594 1172 3645 ductam
1182 3595 1244 3645 redt-

122 3686 196 3728 ωε
210 3687 261 3726 aen
276 3677 369 3738 potest,
387 3677 444 3739 post
461 3687 553 3725 annum
572 3673 673 3724 atteram
691 3672 852 3736 accipist.·§.
864 3680 903 3724 at.
915 3675 998 3723 «rtem
1007 3673 1028 3725 si
1041 3674 1066 3723 in
1077 3674 1244 3738 captivitatem

124 3755 205 3807 ducta
222 3755 310 3818 merit,
329 3756 368 3805 vir
380 3755 434 3807 eins
444 3758 475 3805 V.
486 3768 565 3805 annos
577 3756 705 3818 espectet,
722 3753 836 3804 similiter
848 3756 931 3805 autem
941 3756 967 3804 et
975 3754 1077 3816 mulier,
1087 3754 1109 3804 si
1123 3756 1176 3805 rire
1186 3754 1247 3806 talis

121 3835 301 3899 megensi.»
311 3834 335 3899 §.
344 3842 383 3886 22.
396 3835 443 3885 «si
458 3836 534 3898 igitur
548 3835 588 3885 vir
602 3836 705 3886 aiteram
721 3833 793 3885 duxit
808 3848 926 3896 uxorem
942 3834 1048 3899 priorem
1061 3832 1092 3884 de
1103 3834 1246 3897 captivitate

124 3928 251 3968 mersam
267 3915 385 3979 accipiat,
401 3917 562 3979 posterioren
583 3915 704 3977 dimittat;
720 3915 833 3965 similiter
853 3917 934 3965 summ
946 3915 971 3966 et
983 3914 1039 3977 itia,
1057 3913 1245 3978 sicatsuperios

121 3995 254 4058 dissmus,
269 3995 291 4046 si
308 3997 364 4047 viro
383 3995 443 4046 tatia
461 3996 621 4059 configerint,
641 3996 740 4046 iaciat.»

200 4077 266 4139 (tto)
284 4074 377 4127 Theoti
386 4077 518 4126 Poenttc.
529 4082 565 4126 19.
579 4076 623 4125 «Si
636 4075 724 4125 mulier
735 4075 874 4125 discesserit
884 4088 899 4125 a
910 4075 1021 4124 virosae
1032 4072 1164 4136 dispiciens
1173 4086 1244 4135 eum,

121 4158 216 4210 naim
230 4158 353 4208 revertere
367 4158 392 4206 et
407 4155 559 4207 mmncitlmi
572 4155 639 4217 viro,
652 4155 708 4218 post
718 4157 748 4204 v.
761 4168 839 4206 annos
848 4168 905 4205 cum
918 4166 1038 4206 oonsemu
1052 4151 1160 4216 episcopi
1170 4150 1244 4202 eliam

121 4238 243 4303 mpero
252 4235 337 4287 iicebit
345 4249 474 4287 uxorem.»
486 4238 552 4287 cao.
565 4237 671 4298 crepa.
682 4247 705 4287 c.
715 4239 754 4286 70.
769 4235 814 4285 «si
826 4235 944 4286 mulier...
953 4246 1010 4284 eum
1022 4232 1065 4283 itio
1075 4233 1131 4284 rire
1141 4234 1243 4284 snoete.

200 4317 269 4381 (267)
286 4316 325 4367 ct.
336 4329 360 4366 c.
373 4321 426 4367 tot.
437 4335 450 4360 ι
461 4316 486 4366 Si
498 4315 593 4379 pollata
602 4315 677 4366 inerit
685 4314 784 4377 mulien
795 4315 835 4366 vir
843 4316 898 4367 eins
909 4313 982 4366 ornet
993 4314 1151 4437 micuerp,
1161 4313 1245 4365 utrum

995 4512 1019 4549 S
