<?xml version="1.0" encoding="UTF-8"?>
<!DOCTYPE html PUBLIC "-//W3C//DTD XHTML 1.0 Transitional//EN"
    "http://www.w3.org/TR/xhtml1/DTD/xhtml1-transitional.dtd">
<html xmlns="http://www.w3.org/1999/xhtml" xml:lang="en" lang="en">
 <head>
  <title>
</title>
<meta http-equiv="Content-Type" content="text/html;charset=utf-8" />
  <meta name='ocr-system' content='tesseract 3.04.00' />
  <meta name='ocr-capabilities' content='ocr_page ocr_carea ocr_par ocr_line ocrx_word'/>
</head>
<body>
  <div class='ocr_page' id='page_1' title='image "./dematrimoniochr01perrgoog_0365.png"; bbox 0 0 2796 5064; ppageno 0'>
   <div class='ocr_carea' id='block_1_1' title="bbox 152 348 1129 421">
    <p class='ocr_par' dir='ltr' id='par_1_1' title="bbox 152 348 1129 421">
     <span class='ocr_line' id='line_1_1' title="bbox 152 348 1129 421; baseline -0.006 -1"><span class='ocrx_word' id='word_1_1' title='bbox 152 348 221 421; x_wconf 71' lang='lat'>308</span> <span class='ocrx_word' id='word_1_2' title='bbox 277 363 514 419; x_wconf 81' lang='lat' dir='ltr'>sm.1u.sscr.</span> <span class='ocrx_word' id='word_1_3' title='bbox 535 364 667 416; x_wconf 73' lang='lat' dir='ltr'>rursm.</span> <span class='ocrx_word' id='word_1_4' title='bbox 688 362 729 416; x_wconf 83' lang='lat' dir='ltr'>ns</span> <span class='ocrx_word' id='word_1_5' title='bbox 755 361 869 417; x_wconf 84' lang='lat' dir='ltr'>murae.</span> <span class='ocrx_word' id='word_1_6' title='bbox 887 359 985 416; x_wconf 77' lang='lat' dir='ltr'>nra.</span> <span class='ocrx_word' id='word_1_7' title='bbox 1000 361 1129 418; x_wconf 80' lang='lat' dir='ltr'>eumer.</span> 
     </span>
    </p>
   </div>
   <div class='ocr_carea' id='block_1_2' title="bbox 141 481 1267 3910">
    <p class='ocr_par' dir='ltr' id='par_1_2' title="bbox 141 481 1267 3454">
     <span class='ocr_line' id='line_1_2' title="bbox 148 481 1260 584; baseline -0.003 -25"><span class='ocrx_word' id='word_1_8' title='bbox 148 501 183 560; x_wconf 90' lang='lat' dir='ltr'>et</span> <span class='ocrx_word' id='word_1_9' title='bbox 207 500 325 584; x_wconf 82' lang='lat' dir='ltr'>postea</span> <span class='ocrx_word' id='word_1_10' title='bbox 351 483 441 557; x_wconf 88' lang='lat' dir='ltr'>filius</span> <span class='ocrx_word' id='word_1_11' title='bbox 467 483 578 582; x_wconf 81' lang='lat' dir='ltr'>ipsam</span> <span class='ocrx_word' id='word_1_12' title='bbox 603 481 793 581; x_wconf 92' lang='lat' dir='ltr'>acceperit,</span> <span class='ocrx_word' id='word_1_13' title='bbox 825 496 920 580; x_wconf 81' lang='lat' dir='ltr'>pater</span> <span class='ocrx_word' id='word_1_14' title='bbox 943 482 1020 557; x_wconf 88' lang='lat' dir='ltr'>eius</span> <span class='ocrx_word' id='word_1_15' title='bbox 1050 498 1173 583; x_wconf 82' lang='lat' dir='ltr'>postea</span> <span class='ocrx_word' id='word_1_16' title='bbox 1202 508 1260 558; x_wconf 92' lang='lat' dir='ltr'>non</span> 
     </span>
     <span class='ocr_line' id='line_1_3' title="bbox 149 595 1263 700; baseline 0 -28"><span class='ocrx_word' id='word_1_17' title='bbox 149 599 273 674; x_wconf 85' lang='lat' dir='ltr'>habeat</span> <span class='ocrx_word' id='word_1_18' title='bbox 291 613 452 685; x_wconf 81' lang='lat' dir='ltr'>uxorem,</span> <span class='ocrx_word' id='word_1_19' title='bbox 475 613 509 671; x_wconf 90' lang='lat' dir='ltr'>et</span> <span class='ocrx_word' id='word_1_20' title='bbox 528 597 604 696; x_wconf 90' lang='lat' dir='ltr'>ipsa</span> <span class='ocrx_word' id='word_1_21' title='bbox 625 597 772 671; x_wconf 76' lang='lat' dir='ltr'>foemina</span> <span class='ocrx_word' id='word_1_22' title='bbox 797 620 864 670; x_wconf 92' lang='lat' dir='ltr'>non</span> <span class='ocrx_word' id='word_1_23' title='bbox 890 595 1017 672; x_wconf 89' lang='lat' dir='ltr'>habeat</span> <span class='ocrx_word' id='word_1_24' title='bbox 1035 597 1173 687; x_wconf 82' lang='lat' dir='ltr'>virum,</span> <span class='ocrx_word' id='word_1_25' title='bbox 1190 599 1263 700; x_wconf 88' lang='lat' dir='ltr'>qnia</span> 
     </span>
     <span class='ocr_line' id='line_1_4' title="bbox 148 711 1265 813; baseline 0.003 -27"><span class='ocrx_word' id='word_1_26' title='bbox 148 739 216 789; x_wconf 93' lang='lat' dir='ltr'>non</span> <span class='ocrx_word' id='word_1_27' title='bbox 228 714 330 801; x_wconf 84' lang='lat' dir='ltr'>dixit,</span> <span class='ocrx_word' id='word_1_28' title='bbox 348 711 438 813; x_wconf 92' lang='lat' dir='ltr'>quod</span> <span class='ocrx_word' id='word_1_29' title='bbox 453 727 546 811; x_wconf 91' lang='lat' dir='ltr'>pater</span> <span class='ocrx_word' id='word_1_30' title='bbox 565 712 639 784; x_wconf 90' lang='lat' dir='ltr'>eius</span> <span class='ocrx_word' id='word_1_31' title='bbox 659 737 736 785; x_wconf 90' lang='lat' dir='ltr'>cum</span> <span class='ocrx_word' id='word_1_32' title='bbox 757 711 834 810; x_wconf 87' lang='lat' dir='ltr'>ipsa</span> <span class='ocrx_word' id='word_1_33' title='bbox 858 711 1065 786; x_wconf 77' lang='lat' dir='ltr'>mansisset:</span> <span class='ocrx_word' id='word_1_34' title='bbox 1087 711 1265 789; x_wconf 80' lang='lat' dir='ltr'>filiusvero</span> 
     </span>
     <span class='ocr_line' id='line_1_5' title="bbox 148 825 1263 927; baseline -0.003 -25"><span class='ocrx_word' id='word_1_35' title='bbox 148 830 244 917; x_wconf 89' lang='lat' dir='ltr'>eius,</span> <span class='ocrx_word' id='word_1_36' title='bbox 272 829 331 927; x_wconf 93' lang='lat' dir='ltr'>qui</span> <span class='ocrx_word' id='word_1_37' title='bbox 357 827 512 901; x_wconf 90' lang='lat' dir='ltr'>nesciens</span> <span class='ocrx_word' id='word_1_38' title='bbox 539 827 641 913; x_wconf 90' lang='lat' dir='ltr'>lecit,</span> <span class='ocrx_word' id='word_1_39' title='bbox 671 826 818 925; x_wconf 89' lang='lat' dir='ltr'>accipiat</span> <span class='ocrx_word' id='word_1_40' title='bbox 841 825 1016 900; x_wconf 91' lang='lat' dir='ltr'>mulierem</span> <span class='ocrx_word' id='word_1_41' title='bbox 1042 827 1263 926; x_wconf 73' lang='lat' dir='ltr'><strong>legitimam.»</strong></span> 
     </span>
     <span class='ocr_line' id='line_1_6' title="bbox 150 940 1267 1043; baseline 0.003 -29"><span class='ocrx_word' id='word_1_42' title='bbox 150 942 329 1015; x_wconf 78' lang='lat' dir='ltr'>x111.«Si</span> <span class='ocrx_word' id='word_1_43' title='bbox 354 943 433 1043; x_wconf 86' lang='lat' dir='ltr'>quis</span> <span class='ocrx_word' id='word_1_44' title='bbox 460 941 512 1014; x_wconf 83' lang='lat' dir='ltr'>vir</span> <span class='ocrx_word' id='word_1_45' title='bbox 536 940 710 1013; x_wconf 86' lang='lat' dir='ltr'>mulierem</span> <span class='ocrx_word' id='word_1_46' title='bbox 736 965 834 1013; x_wconf 89' lang='lat' dir='ltr'>suam</span> <span class='ocrx_word' id='word_1_47' title='bbox 859 940 1052 1029; x_wconf 81' lang='lat' dir='ltr'>dimiserit,</span> <span class='ocrx_word' id='word_1_48' title='bbox 1082 958 1118 1016; x_wconf 92' lang='lat' dir='ltr'>et</span> <span class='ocrx_word' id='word_1_49' title='bbox 1143 943 1267 1017; x_wconf 81' lang='lat' dir='ltr'>dederit</span> 
     </span>
     <span class='ocr_line' id='line_1_7' title="bbox 149 1054 1267 1157; baseline 0.002 -25"><span class='ocrx_word' id='word_1_50' title='bbox 149 1073 372 1132; x_wconf 89' lang='lat' dir='ltr'>commeatum</span> <span class='ocrx_word' id='word_1_51' title='bbox 392 1083 452 1157; x_wconf 94' lang='lat' dir='ltr'>pro</span> <span class='ocrx_word' id='word_1_52' title='bbox 473 1054 647 1153; x_wconf 83' lang='lat' dir='ltr'>religionis</span> <span class='ocrx_word' id='word_1_53' title='bbox 664 1079 770 1128; x_wconf 86' lang='lat' dir='ltr'>eausa</span> <span class='ocrx_word' id='word_1_54' title='bbox 791 1054 879 1127; x_wconf 85' lang='lat' dir='ltr'>infra</span> <span class='ocrx_word' id='word_1_55' title='bbox 895 1057 1143 1131; x_wconf 86' lang='lat' dir='ltr'>monasterium</span> <span class='ocrx_word' id='word_1_56' title='bbox 1162 1058 1267 1134; x_wconf 88' lang='lat' dir='ltr'>deser·</span> 
     </span>
     <span class='ocr_line' id='line_1_8' title="bbox 146 1169 1264 1262; baseline 0.003 -16"><span class='ocrx_word' id='word_1_57' title='bbox 146 1173 238 1262; x_wconf 89' lang='lat' dir='ltr'>vire;</span> <span class='ocrx_word' id='word_1_58' title='bbox 254 1189 314 1246; x_wconf 89' lang='lat' dir='ltr'>aut</span> <span class='ocrx_word' id='word_1_59' title='bbox 326 1173 416 1246; x_wconf 83' lang='lat' dir='ltr'>loros</span> <span class='ocrx_word' id='word_1_60' title='bbox 434 1171 673 1246; x_wconf 84' lang='lat' dir='ltr'>monasterium</span> <span class='ocrx_word' id='word_1_61' title='bbox 697 1169 827 1244; x_wconf 91' lang='lat' dir='ltr'>dederit</span> <span class='ocrx_word' id='word_1_62' title='bbox 843 1169 1013 1245; x_wconf 79' lang='lat' dir='ltr'>licentiam</span> <span class='ocrx_word' id='word_1_63' title='bbox 1029 1171 1169 1262; x_wconf 80' lang='lat' dir='ltr'>velare,</span> <span class='ocrx_word' id='word_1_64' title='bbox 1186 1175 1264 1249; x_wconf 87' lang='lat' dir='ltr'>sieut</span> 
     </span>
     <span class='ocr_line' id='line_1_9' title="bbox 146 1282 1264 1387; baseline 0.003 -29"><span class='ocrx_word' id='word_1_65' title='bbox 146 1284 311 1374; x_wconf 88' lang='lat' dir='ltr'>diximus,</span> <span class='ocrx_word' id='word_1_66' title='bbox 333 1301 469 1385; x_wconf 90' lang='lat' dir='ltr'>propter</span> <span class='ocrx_word' id='word_1_67' title='bbox 480 1286 587 1357; x_wconf 83' lang='lat' dir='ltr'>lleum</span> <span class='ocrx_word' id='word_1_68' title='bbox 602 1313 610 1373; x_wconf 90' lang='lat'>;</span> <span class='ocrx_word' id='word_1_69' title='bbox 626 1285 679 1358; x_wconf 86' lang='lat' dir='ltr'>rir</span> <span class='ocrx_word' id='word_1_70' title='bbox 691 1282 783 1357; x_wconf 92' lang='lat' dir='ltr'>illius</span> <span class='ocrx_word' id='word_1_71' title='bbox 797 1285 942 1384; x_wconf 89' lang='lat' dir='ltr'>accipiat</span> <span class='ocrx_word' id='word_1_72' title='bbox 960 1286 1142 1361; x_wconf 90' lang='lat' dir='ltr'>mulierem</span> <span class='ocrx_word' id='word_1_73' title='bbox 1164 1288 1264 1387; x_wconf 80' lang='lat' dir='ltr'>legiti-</span> 
     </span>
     <span class='ocr_line' id='line_1_10' title="bbox 146 1398 1262 1501; baseline 0.004 -27"><span class='ocrx_word' id='word_1_74' title='bbox 146 1426 249 1474; x_wconf 89' lang='lat' dir='ltr'>mam:</span> <span class='ocrx_word' id='word_1_75' title='bbox 266 1398 422 1475; x_wconf 91' lang='lat' dir='ltr'>similiter</span> <span class='ocrx_word' id='word_1_76' title='bbox 433 1416 467 1474; x_wconf 91' lang='lat' dir='ltr'>et</span> <span class='ocrx_word' id='word_1_77' title='bbox 478 1400 599 1474; x_wconf 92' lang='lat' dir='ltr'>mulier</span> <span class='ocrx_word' id='word_1_78' title='bbox 612 1400 839 1474; x_wconf 83' lang='lat' dir='ltr'>iaciat.»XlV.</span> <span class='ocrx_word' id='word_1_79' title='bbox 852 1400 907 1472; x_wconf 74' lang='lat' dir='ltr'>«si</span> <span class='ocrx_word' id='word_1_80' title='bbox 920 1401 1062 1501; x_wconf 88' lang='lat' dir='ltr'>virquis</span> <span class='ocrx_word' id='word_1_81' title='bbox 1075 1430 1156 1477; x_wconf 92' lang='lat' dir='ltr'>cum</span> <span class='ocrx_word' id='word_1_82' title='bbox 1168 1420 1262 1479; x_wconf 89' lang='lat' dir='ltr'>matre</span> 
     </span>
     <span class='ocr_line' id='line_1_11' title="bbox 145 1513 1259 1615; baseline 0.004 -26"><span class='ocrx_word' id='word_1_83' title='bbox 145 1530 180 1589; x_wconf 91' lang='lat' dir='ltr'>et</span> <span class='ocrx_word' id='word_1_84' title='bbox 192 1513 262 1589; x_wconf 88' lang='lat' dir='ltr'>filia</span> <span class='ocrx_word' id='word_1_85' title='bbox 275 1514 309 1586; x_wconf 91' lang='lat' dir='ltr'>in</span> <span class='ocrx_word' id='word_1_86' title='bbox 323 1513 487 1588; x_wconf 84' lang='lat' dir='ltr'>adulterio</span> <span class='ocrx_word' id='word_1_87' title='bbox 500 1514 645 1602; x_wconf 89' lang='lat' dir='ltr'>mansit,</span> <span class='ocrx_word' id='word_1_88' title='bbox 670 1515 841 1589; x_wconf 81' lang='lat' dir='ltr'>nesciente</span> <span class='ocrx_word' id='word_1_89' title='bbox 862 1530 968 1588; x_wconf 88' lang='lat' dir='ltr'>matre</span> <span class='ocrx_word' id='word_1_90' title='bbox 986 1516 1081 1615; x_wconf 93' lang='lat' dir='ltr'>quod</span> <span class='ocrx_word' id='word_1_91' title='bbox 1098 1543 1180 1592; x_wconf 88' lang='lat' dir='ltr'>cum</span> <span class='ocrx_word' id='word_1_92' title='bbox 1200 1519 1259 1593; x_wconf 83' lang='lat' dir='ltr'>lilia</span> 
     </span>
     <span class='ocr_line' id='line_1_12' title="bbox 146 1626 1259 1728; baseline 0.004 -26"><span class='ocrx_word' id='word_1_93' title='bbox 146 1654 211 1702; x_wconf 93' lang='lat' dir='ltr'>sua</span> <span class='ocrx_word' id='word_1_94' title='bbox 235 1626 435 1716; x_wconf 88' lang='lat' dir='ltr'>mansisset,</span> <span class='ocrx_word' id='word_1_95' title='bbox 456 1627 612 1701; x_wconf 87' lang='lat' dir='ltr'>similiter</span> <span class='ocrx_word' id='word_1_96' title='bbox 628 1644 662 1702; x_wconf 89' lang='lat' dir='ltr'>et</span> <span class='ocrx_word' id='word_1_97' title='bbox 679 1626 750 1701; x_wconf 82' lang='lat' dir='ltr'>filia</span> <span class='ocrx_word' id='word_1_98' title='bbox 771 1628 931 1716; x_wconf 84' lang='lat' dir='ltr'>nescivit,</span> <span class='ocrx_word' id='word_1_99' title='bbox 951 1629 1045 1728; x_wconf 92' lang='lat' dir='ltr'>quod</span> <span class='ocrx_word' id='word_1_100' title='bbox 1066 1656 1146 1704; x_wconf 90' lang='lat' dir='ltr'>cum</span> <span class='ocrx_word' id='word_1_101' title='bbox 1166 1650 1259 1706; x_wconf 87' lang='lat' dir='ltr'>matre</span> 
     </span>
     <span class='ocr_line' id='line_1_13' title="bbox 146 1740 1257 1842; baseline 0.003 -26"><span class='ocrx_word' id='word_1_102' title='bbox 146 1768 210 1816; x_wconf 87' lang='lat' dir='ltr'>sua</span> <span class='ocrx_word' id='word_1_103' title='bbox 233 1759 342 1829; x_wconf 86' lang='lat' dir='ltr'>eseet;</span> <span class='ocrx_word' id='word_1_104' title='bbox 372 1757 488 1842; x_wconf 90' lang='lat' dir='ltr'>postea</span> <span class='ocrx_word' id='word_1_105' title='bbox 516 1740 572 1814; x_wconf 88' lang='lat' dir='ltr'>ille</span> <span class='ocrx_word' id='word_1_106' title='bbox 597 1741 667 1828; x_wconf 84' lang='lat' dir='ltr'>vir,</span> <span class='ocrx_word' id='word_1_107' title='bbox 692 1741 723 1814; x_wconf 87' lang='lat' dir='ltr'>si</span> <span class='ocrx_word' id='word_1_108' title='bbox 747 1741 915 1841; x_wconf 90' lang='lat' dir='ltr'>acceperit</span> <span class='ocrx_word' id='word_1_109' title='bbox 935 1741 1136 1833; x_wconf 90' lang='lat' dir='ltr'>mulierem,</span> <span class='ocrx_word' id='word_1_110' title='bbox 1158 1745 1257 1819; x_wconf 83' lang='lat' dir='ltr'>dimit</span> 
     </span>
     <span class='ocr_line' id='line_1_14' title="bbox 152 1857 1258 1956; baseline 0.003 -25"><span class='ocrx_word' id='word_1_111' title='bbox 152 1873 218 1932; x_wconf 87' lang='lat' dir='ltr'>tat:</span> <span class='ocrx_word' id='word_1_112' title='bbox 249 1884 358 1956; x_wconf 87' lang='lat' dir='ltr'>usque</span> <span class='ocrx_word' id='word_1_113' title='bbox 382 1858 417 1929; x_wconf 92' lang='lat' dir='ltr'>in</span> <span class='ocrx_word' id='word_1_114' title='bbox 438 1857 528 1932; x_wconf 93' lang='lat' dir='ltr'>diem</span> <span class='ocrx_word' id='word_1_115' title='bbox 553 1857 671 1931; x_wconf 92' lang='lat' dir='ltr'>mortis</span> <span class='ocrx_word' id='word_1_116' title='bbox 694 1883 777 1931; x_wconf 85' lang='lat' dir='ltr'>suae</span> <span class='ocrx_word' id='word_1_117' title='bbox 803 1883 870 1931; x_wconf 89' lang='lat' dir='ltr'>non</span> <span class='ocrx_word' id='word_1_118' title='bbox 895 1857 1020 1932; x_wconf 85' lang='lat' dir='ltr'>habeat</span> <span class='ocrx_word' id='word_1_119' title='bbox 1043 1887 1204 1935; x_wconf 85' lang='lat' dir='ltr'>uxorem:</span> <span class='ocrx_word' id='word_1_120' title='bbox 1231 1876 1258 1934; x_wconf 89' lang='lat' dir='ltr'>et</span> 
     </span>
     <span class='ocr_line' id='line_1_15' title="bbox 148 1971 1255 2072; baseline 0.005 -28"><span class='ocrx_word' id='word_1_121' title='bbox 148 1971 208 2046; x_wconf 97' lang='lat' dir='ltr'>illa</span> <span class='ocrx_word' id='word_1_122' title='bbox 225 1971 366 2060; x_wconf 90' lang='lat' dir='ltr'>mulier,</span> <span class='ocrx_word' id='word_1_123' title='bbox 387 1998 489 2072; x_wconf 92' lang='lat' dir='ltr'>quam</span> <span class='ocrx_word' id='word_1_124' title='bbox 510 1972 700 2072; x_wconf 87' lang='lat' dir='ltr'>reliquerit,</span> <span class='ocrx_word' id='word_1_125' title='bbox 722 1972 866 2072; x_wconf 85' lang='lat' dir='ltr'>accipiat</span> <span class='ocrx_word' id='word_1_126' title='bbox 880 1971 994 2046; x_wconf 82' lang='lat' dir='ltr'>virum</span> <span class='ocrx_word' id='word_1_127' title='bbox 1004 2002 1012 2062; x_wconf 91' lang='lat'><strong>;</strong></span> <span class='ocrx_word' id='word_1_128' title='bbox 1034 1990 1069 2049; x_wconf 92' lang='lat' dir='ltr'>et</span> <span class='ocrx_word' id='word_1_129' title='bbox 1086 1974 1149 2049; x_wconf 87' lang='lat' dir='ltr'>illa</span> <span class='ocrx_word' id='word_1_130' title='bbox 1164 1992 1255 2050; x_wconf 86' lang='lat' dir='ltr'>matre</span> 
     </span>
     <span class='ocr_line' id='line_1_16' title="bbox 144 2086 1253 2186; baseline 0.001 -25"><span class='ocrx_word' id='word_1_131' title='bbox 144 2101 177 2161; x_wconf 90' lang='lat' dir='ltr'>et</span> <span class='ocrx_word' id='word_1_132' title='bbox 190 2086 277 2174; x_wconf 86' lang='lat' dir='ltr'>filia,</span> <span class='ocrx_word' id='word_1_133' title='bbox 294 2112 371 2161; x_wconf 91' lang='lat' dir='ltr'>cum</span> <span class='ocrx_word' id='word_1_134' title='bbox 384 2086 509 2186; x_wconf 89' lang='lat' dir='ltr'>quibus</span> <span class='ocrx_word' id='word_1_135' title='bbox 527 2087 563 2159; x_wconf 92' lang='lat' dir='ltr'>in</span> <span class='ocrx_word' id='word_1_136' title='bbox 580 2086 745 2163; x_wconf 86' lang='lat' dir='ltr'>adulterio</span> <span class='ocrx_word' id='word_1_137' title='bbox 763 2087 907 2176; x_wconf 91' lang='lat' dir='ltr'>mansit,</span> <span class='ocrx_word' id='word_1_138' title='bbox 929 2087 1098 2164; x_wconf 88' lang='lat' dir='ltr'>ambabus</span> <span class='ocrx_word' id='word_1_139' title='bbox 1113 2091 1253 2165; x_wconf 89' lang='lat' dir='ltr'>nescien-</span> 
     </span>
     <span class='ocr_line' id='line_1_17' title="bbox 146 2200 1249 2300; baseline 0.002 -26"><span class='ocrx_word' id='word_1_140' title='bbox 146 2200 236 2274; x_wconf 90' lang='lat' dir='ltr'>tibus</span> <span class='ocrx_word' id='word_1_141' title='bbox 260 2201 352 2300; x_wconf 92' lang='lat' dir='ltr'>quod</span> <span class='ocrx_word' id='word_1_142' title='bbox 377 2227 454 2276; x_wconf 88' lang='lat' dir='ltr'>cum</span> <span class='ocrx_word' id='word_1_143' title='bbox 479 2218 584 2276; x_wconf 90' lang='lat' dir='ltr'>matre</span> <span class='ocrx_word' id='word_1_144' title='bbox 609 2218 643 2276; x_wconf 92' lang='lat' dir='ltr'>et</span> <span class='ocrx_word' id='word_1_145' title='bbox 667 2201 737 2275; x_wconf 86' lang='lat' dir='ltr'>filia</span> <span class='ocrx_word' id='word_1_146' title='bbox 760 2203 963 2291; x_wconf 89' lang='lat' dir='ltr'>mansisset,</span> <span class='ocrx_word' id='word_1_147' title='bbox 989 2203 1144 2280; x_wconf 86' lang='lat' dir='ltr'>habeant</span> <span class='ocrx_word' id='word_1_148' title='bbox 1163 2206 1249 2282; x_wconf 86' lang='lat' dir='ltr'>viros.</span> 
     </span>
     <span class='ocr_line' id='line_1_18' title="bbox 144 2316 1252 2413; baseline 0.003 -25"><span class='ocrx_word' id='word_1_149' title='bbox 144 2316 229 2388; x_wconf 88' lang='lat' dir='ltr'>Nam</span> <span class='ocrx_word' id='word_1_150' title='bbox 254 2316 284 2388; x_wconf 89' lang='lat' dir='ltr'>si</span> <span class='ocrx_word' id='word_1_151' title='bbox 311 2316 347 2388; x_wconf 94' lang='lat' dir='ltr'>in</span> <span class='ocrx_word' id='word_1_152' title='bbox 373 2317 524 2390; x_wconf 89' lang='lat' dir='ltr'>notitiam</span> <span class='ocrx_word' id='word_1_153' title='bbox 548 2316 681 2391; x_wconf 91' lang='lat' dir='ltr'>illarum</span> <span class='ocrx_word' id='word_1_154' title='bbox 703 2317 831 2391; x_wconf 83' lang='lat' dir='ltr'>venerit</span> <span class='ocrx_word' id='word_1_155' title='bbox 854 2316 918 2413; x_wconf 82' lang='lat' dir='ltr'>ch</span> <span class='ocrx_word' id='word_1_156' title='bbox 936 2317 1070 2407; x_wconf 90' lang='lat' dir='ltr'>scelus,</span> <span class='ocrx_word' id='word_1_157' title='bbox 1095 2319 1252 2394; x_wconf 82' lang='lat' dir='ltr'>dimittant</span> 
     </span>
     <span class='ocr_line' id='line_1_19' title="bbox 144 2432 1251 2535; baseline 0.004 -30"><span class='ocrx_word' id='word_1_158' title='bbox 144 2432 301 2519; x_wconf 88' lang='lat' dir='ltr'>maritos,</span> <span class='ocrx_word' id='word_1_159' title='bbox 317 2449 463 2530; x_wconf 81' lang='lat' dir='ltr'>etagant</span> <span class='ocrx_word' id='word_1_160' title='bbox 483 2433 740 2532; x_wconf 85' lang='lat' dir='ltr'>poenitentiam:</span> <span class='ocrx_word' id='word_1_161' title='bbox 761 2450 794 2508; x_wconf 89' lang='lat' dir='ltr'>et</span> <span class='ocrx_word' id='word_1_162' title='bbox 815 2433 945 2507; x_wconf 89' lang='lat' dir='ltr'>illarum</span> <span class='ocrx_word' id='word_1_163' title='bbox 966 2434 1080 2508; x_wconf 87' lang='lat' dir='ltr'>mariti</span> <span class='ocrx_word' id='word_1_164' title='bbox 1104 2435 1251 2535; x_wconf 84' lang='lat' dir='ltr'>posteric</span> 
     </span>
     <span class='ocr_line' id='line_1_20' title="bbox 145 2548 1250 2648; baseline 0.005 -27"><span class='ocrx_word' id='word_1_165' title='bbox 145 2573 200 2621; x_wconf 88' lang='lat' dir='ltr'>res</span> <span class='ocrx_word' id='word_1_166' title='bbox 224 2549 392 2648; x_wconf 87' lang='lat' dir='ltr'>accipiant</span> <span class='ocrx_word' id='word_1_167' title='bbox 417 2548 611 2624; x_wconf 88' lang='lat' dir='ltr'>mulieres.»</span> <span class='ocrx_word' id='word_1_168' title='bbox 624 2550 690 2621; x_wconf 84' lang='lat' dir='ltr'>XV.</span> <span class='ocrx_word' id='word_1_169' title='bbox 711 2550 903 2624; x_wconf 74' lang='lat' dir='ltr'>«Similiter</span> <span class='ocrx_word' id='word_1_170' title='bbox 926 2567 960 2625; x_wconf 92' lang='lat' dir='ltr'>et</span> <span class='ocrx_word' id='word_1_171' title='bbox 985 2551 1028 2625; x_wconf 93' lang='lat' dir='ltr'>de</span> <span class='ocrx_word' id='word_1_172' title='bbox 1055 2553 1193 2628; x_wconf 90' lang='lat' dir='ltr'>duabus</span> <span class='ocrx_word' id='word_1_173' title='bbox 1207 2578 1250 2626; x_wconf 79' lang='lat' dir='ltr'>sc</span> 
     </span>
     <span class='ocr_line' id='line_1_21' title="bbox 144 2662 1249 2764; baseline 0 -26"><span class='ocrx_word' id='word_1_174' title='bbox 144 2662 296 2751; x_wconf 88' lang='lat' dir='ltr'>roribus,</span> <span class='ocrx_word' id='word_1_175' title='bbox 326 2665 384 2764; x_wconf 91' lang='lat' dir='ltr'>qui</span> <span class='ocrx_word' id='word_1_176' title='bbox 411 2691 486 2738; x_wconf 92' lang='lat' dir='ltr'>cum</span> <span class='ocrx_word' id='word_1_177' title='bbox 511 2692 580 2738; x_wconf 93' lang='lat' dir='ltr'>una</span> <span class='ocrx_word' id='word_1_178' title='bbox 606 2666 640 2736; x_wconf 92' lang='lat' dir='ltr'>in</span> <span class='ocrx_word' id='word_1_179' title='bbox 667 2665 831 2740; x_wconf 90' lang='lat' dir='ltr'>adulterio</span> <span class='ocrx_word' id='word_1_180' title='bbox 853 2666 997 2754; x_wconf 87' lang='lat' dir='ltr'>mansit,</span> <span class='ocrx_word' id='word_1_181' title='bbox 1018 2684 1055 2742; x_wconf 89' lang='lat' dir='ltr'>et</span> <span class='ocrx_word' id='word_1_182' title='bbox 1072 2668 1209 2743; x_wconf 89' lang='lat' dir='ltr'>alteram</span> <span class='ocrx_word' id='word_1_183' title='bbox 1224 2668 1249 2739; x_wconf 88' lang='lat' dir='ltr'>in</span> 
     </span>
     <span class='ocr_line' id='line_1_22' title="bbox 145 2779 1250 2883; baseline 0.005 -33"><span class='ocrx_word' id='word_1_184' title='bbox 145 2779 280 2878; x_wconf 92' lang='lat' dir='ltr'>publico</span> <span class='ocrx_word' id='word_1_185' title='bbox 300 2781 451 2880; x_wconf 89' lang='lat' dir='ltr'>accepit,</span> <span class='ocrx_word' id='word_1_186' title='bbox 476 2808 542 2855; x_wconf 93' lang='lat' dir='ltr'>non</span> <span class='ocrx_word' id='word_1_187' title='bbox 561 2780 684 2854; x_wconf 85' lang='lat' dir='ltr'>hebeat</span> <span class='ocrx_word' id='word_1_188' title='bbox 703 2781 876 2855; x_wconf 90' lang='lat' dir='ltr'>mulierem</span> <span class='ocrx_word' id='word_1_189' title='bbox 894 2784 1053 2883; x_wconf 90' lang='lat' dir='ltr'>usquein</span> <span class='ocrx_word' id='word_1_190' title='bbox 1068 2785 1162 2859; x_wconf 88' lang='lat' dir='ltr'>diem</span> <span class='ocrx_word' id='word_1_191' title='bbox 1179 2810 1250 2858; x_wconf 92' lang='lat' dir='ltr'>mor·</span> 
     </span>
     <span class='ocr_line' id='line_1_23' title="bbox 144 2893 1249 2984; baseline 0.007 -17"><span class='ocrx_word' id='word_1_192' title='bbox 144 2894 209 2981; x_wconf 90' lang='lat' dir='ltr'>tis;</span> <span class='ocrx_word' id='word_1_193' title='bbox 237 2909 270 2967; x_wconf 92' lang='lat' dir='ltr'>et</span> <span class='ocrx_word' id='word_1_194' title='bbox 295 2893 373 2968; x_wconf 91' lang='lat' dir='ltr'>illae</span> <span class='ocrx_word' id='word_1_195' title='bbox 397 2894 485 2967; x_wconf 88' lang='lat' dir='ltr'>duae</span> <span class='ocrx_word' id='word_1_196' title='bbox 511 2921 662 2984; x_wconf 90' lang='lat' dir='ltr'>sorores,</span> <span class='ocrx_word' id='word_1_197' title='bbox 691 2898 720 2970; x_wconf 91' lang='lat' dir='ltr'>si</span> <span class='ocrx_word' id='word_1_198' title='bbox 746 2898 957 2983; x_wconf 91' lang='lat' dir='ltr'>nescierunt,</span> <span class='ocrx_word' id='word_1_199' title='bbox 988 2897 1141 2974; x_wconf 88' lang='lat' dir='ltr'>habeant</span> <span class='ocrx_word' id='word_1_200' title='bbox 1165 2899 1249 2974; x_wconf 84' lang='lat' dir='ltr'>meri·</span> 
     </span>
     <span class='ocr_line' id='line_1_24' title="bbox 143 3010 1250 3112; baseline 0.008 -30"><span class='ocrx_word' id='word_1_201' title='bbox 143 3025 216 3082; x_wconf 91' lang='lat' dir='ltr'>tos:</span> <span class='ocrx_word' id='word_1_202' title='bbox 245 3024 278 3082; x_wconf 88' lang='lat' dir='ltr'>et</span> <span class='ocrx_word' id='word_1_203' title='bbox 303 3012 331 3084; x_wconf 94' lang='lat' dir='ltr'>si</span> <span class='ocrx_word' id='word_1_204' title='bbox 357 3011 392 3082; x_wconf 95' lang='lat' dir='ltr'>in</span> <span class='ocrx_word' id='word_1_205' title='bbox 420 3010 571 3084; x_wconf 88' lang='lat' dir='ltr'>notitiam</span> <span class='ocrx_word' id='word_1_206' title='bbox 597 3013 647 3085; x_wconf 90' lang='lat' dir='ltr'>eis</span> <span class='ocrx_word' id='word_1_207' title='bbox 670 3012 783 3099; x_wconf 82' lang='lat' dir='ltr'>venit,</span> <span class='ocrx_word' id='word_1_208' title='bbox 804 3013 1014 3112; x_wconf 88' lang='lat' dir='ltr'>superiorem</span> <span class='ocrx_word' id='word_1_209' title='bbox 1033 3014 1178 3090; x_wconf 85' lang='lat' dir='ltr'>sormam</span> <span class='ocrx_word' id='word_1_210' title='bbox 1195 3041 1250 3090; x_wconf 80' lang='lat' dir='ltr'>ser·</span> 
     </span>
     <span class='ocr_line' id='line_1_25' title="bbox 142 3124 1248 3226; baseline 0.003 -30"><span class='ocrx_word' id='word_1_211' title='bbox 142 3140 257 3196; x_wconf 81' lang='lat' dir='ltr'>rent.»</span> <span class='ocrx_word' id='word_1_212' title='bbox 274 3126 355 3197; x_wconf 81' lang='lat' dir='ltr'>xvl.</span> <span class='ocrx_word' id='word_1_213' title='bbox 376 3127 440 3197; x_wconf 88' lang='lat' dir='ltr'>«Si</span> <span class='ocrx_word' id='word_1_214' title='bbox 459 3126 511 3199; x_wconf 86' lang='lat' dir='ltr'>vir</span> <span class='ocrx_word' id='word_1_215' title='bbox 537 3124 690 3226; x_wconf 89' lang='lat' dir='ltr'>leprosus</span> <span class='ocrx_word' id='word_1_216' title='bbox 716 3127 890 3200; x_wconf 90' lang='lat' dir='ltr'>mulierem</span> <span class='ocrx_word' id='word_1_217' title='bbox 919 3126 1043 3203; x_wconf 89' lang='lat' dir='ltr'>habeat</span> <span class='ocrx_word' id='word_1_218' title='bbox 1066 3156 1203 3218; x_wconf 89' lang='lat' dir='ltr'>sanam,</span> <span class='ocrx_word' id='word_1_219' title='bbox 1225 3127 1248 3201; x_wconf 91' lang='lat' dir='ltr'>si</span> 
     </span>
     <span class='ocr_line' id='line_1_26' title="bbox 141 3236 1246 3346; baseline 0.01 -36"><span class='ocrx_word' id='word_1_220' title='bbox 141 3236 213 3310; x_wconf 88' lang='lat' dir='ltr'>vult</span> <span class='ocrx_word' id='word_1_221' title='bbox 235 3239 267 3312; x_wconf 89' lang='lat' dir='ltr'>ei</span> <span class='ocrx_word' id='word_1_222' title='bbox 293 3239 419 3314; x_wconf 86' lang='lat' dir='ltr'>donare</span> <span class='ocrx_word' id='word_1_223' title='bbox 444 3259 685 3330; x_wconf 86' lang='lat' dir='ltr'>commeatum,</span> <span class='ocrx_word' id='word_1_224' title='bbox 716 3261 752 3316; x_wconf 88' lang='lat' dir='ltr'>ut</span> <span class='ocrx_word' id='word_1_225' title='bbox 777 3243 921 3342; x_wconf 88' lang='lat' dir='ltr'>accipiat</span> <span class='ocrx_word' id='word_1_226' title='bbox 937 3245 1066 3333; x_wconf 90' lang='lat' dir='ltr'>virum,</span> <span class='ocrx_word' id='word_1_227' title='bbox 1091 3247 1171 3346; x_wconf 89' lang='lat' dir='ltr'>ipsa</span> <span class='ocrx_word' id='word_1_228' title='bbox 1192 3247 1246 3321; x_wconf 75' lang='lat' dir='ltr'>loe-</span> 
     </span>
     <span class='ocr_line' id='line_1_27' title="bbox 142 3351 1094 3454; baseline 0.007 -31"><span class='ocrx_word' id='word_1_229' title='bbox 142 3351 257 3438; x_wconf 90' lang='lat' dir='ltr'>mina,</span> <span class='ocrx_word' id='word_1_230' title='bbox 286 3353 315 3426; x_wconf 89' lang='lat' dir='ltr'>si</span> <span class='ocrx_word' id='word_1_231' title='bbox 341 3352 413 3426; x_wconf 80' lang='lat' dir='ltr'>vult</span> <span class='ocrx_word' id='word_1_232' title='bbox 436 3355 603 3454; x_wconf 89' lang='lat' dir='ltr'>accipiat,</span> <span class='ocrx_word' id='word_1_233' title='bbox 633 3356 790 3430; x_wconf 89' lang='lat' dir='ltr'>similiter</span> <span class='ocrx_word' id='word_1_234' title='bbox 813 3373 847 3429; x_wconf 89' lang='lat' dir='ltr'>et</span> <span class='ocrx_word' id='word_1_235' title='bbox 871 3357 923 3430; x_wconf 83' lang='lat' dir='ltr'>vir</span> <span class='ocrx_word' id='word_1_236' title='bbox 951 3359 1094 3453; x_wconf 75' lang='grc'>(251).»</span> 
     </span>
    </p>

    <p class='ocr_par' dir='ltr' id='par_1_3' title="bbox 141 3468 1249 3910">
     <span class='ocr_line' id='line_1_28' title="bbox 215 3468 1249 3576; baseline 0.009 -39"><span class='ocrx_word' id='word_1_237' title='bbox 215 3468 285 3540; x_wconf 91' lang='lat' dir='ltr'>lam</span> <span class='ocrx_word' id='word_1_238' title='bbox 297 3494 375 3543; x_wconf 82' lang='lat' dir='ltr'>vero</span> <span class='ocrx_word' id='word_1_239' title='bbox 389 3470 419 3542; x_wconf 91' lang='lat' dir='ltr'>si</span> <span class='ocrx_word' id='word_1_240' title='bbox 434 3496 579 3544; x_wconf 91' lang='lat' dir='ltr'>canones</span> <span class='ocrx_word' id='word_1_241' title='bbox 593 3472 676 3547; x_wconf 87' lang='lat' dir='ltr'>istos</span> <span class='ocrx_word' id='word_1_242' title='bbox 691 3473 753 3546; x_wconf 91' lang='lat' dir='ltr'>rite</span> <span class='ocrx_word' id='word_1_243' title='bbox 770 3474 1013 3572; x_wconf 81' lang='lat' dir='ltr'>expendemus,</span> <span class='ocrx_word' id='word_1_244' title='bbox 1031 3477 1165 3576; x_wconf 89' lang='lat' dir='ltr'>patebit</span> <span class='ocrx_word' id='word_1_245' title='bbox 1178 3474 1249 3552; x_wconf 89' lang='lat' dir='ltr'>nibil</span> 
     </span>
     <span class='ocr_line' id='line_1_29' title="bbox 142 3579 1247 3691; baseline 0.013 -39"><span class='ocrx_word' id='word_1_246' title='bbox 142 3579 219 3656; x_wconf 92' lang='lat' dir='ltr'>illos</span> <span class='ocrx_word' id='word_1_247' title='bbox 249 3608 425 3657; x_wconf 90' lang='lat' dir='ltr'>commune</span> <span class='ocrx_word' id='word_1_248' title='bbox 456 3585 580 3660; x_wconf 85' lang='lat' dir='ltr'>habero</span> <span class='ocrx_word' id='word_1_249' title='bbox 605 3614 680 3660; x_wconf 92' lang='lat' dir='ltr'>cum</span> <span class='ocrx_word' id='word_1_250' title='bbox 707 3589 906 3689; x_wconf 91' lang='lat' dir='ltr'>quaestione</span> <span class='ocrx_word' id='word_1_251' title='bbox 935 3615 1038 3689; x_wconf 91' lang='lat' dir='ltr'>quam</span> <span class='ocrx_word' id='word_1_252' title='bbox 1067 3594 1247 3691; x_wconf 77' lang='lat' dir='ltr'>agitamus,</span> 
     </span>
     <span class='ocr_line' id='line_1_30' title="bbox 141 3697 1248 3808; baseline 0.008 -37"><span class='ocrx_word' id='word_1_253' title='bbox 141 3697 201 3771; x_wconf 89' lang='lat' dir='ltr'>sed</span> <span class='ocrx_word' id='word_1_254' title='bbox 227 3725 267 3771; x_wconf 81' lang='lat' dir='ltr'>ex</span> <span class='ocrx_word' id='word_1_255' title='bbox 293 3698 359 3772; x_wconf 91' lang='lat' dir='ltr'>alio</span> <span class='ocrx_word' id='word_1_256' title='bbox 384 3702 520 3774; x_wconf 91' lang='lat' dir='ltr'>omnino</span> <span class='ocrx_word' id='word_1_257' title='bbox 546 3701 641 3776; x_wconf 86' lang='lat' dir='ltr'>titulo</span> <span class='ocrx_word' id='word_1_258' title='bbox 674 3730 774 3803; x_wconf 93' lang='lat' dir='ltr'>quam</span> <span class='ocrx_word' id='word_1_259' title='bbox 809 3704 964 3777; x_wconf 91' lang='lat' dir='ltr'>adulterii</span> <span class='ocrx_word' id='word_1_260' title='bbox 992 3731 1100 3782; x_wconf 86' lang='lat' dir='ltr'>novas</span> <span class='ocrx_word' id='word_1_261' title='bbox 1126 3709 1248 3808; x_wconf 87' lang='lat' dir='ltr'>nuptias</span> 
     </span>
     <span class='ocr_line' id='line_1_31' title="bbox 142 3812 345 3910; baseline -0.005 -25"><span class='ocrx_word' id='word_1_262' title='bbox 142 3812 345 3910; x_wconf 88' lang='lat' dir='ltr'>permittere.</span> 
     </span>
    </p>
   </div>
   <div class='ocr_carea' id='block_1_3' title="bbox 140 3927 1247 4149">
    <p class='ocr_par' dir='ltr' id='par_1_4' title="bbox 140 3927 1247 4149">
     <span class='ocr_line' id='line_1_32' title="bbox 211 3927 1247 4036; baseline 0.009 -37"><span class='ocrx_word' id='word_1_263' title='bbox 211 3927 259 4001; x_wconf 81' lang='lat' dir='ltr'>Aa</span> <span class='ocrx_word' id='word_1_264' title='bbox 286 3931 319 3999; x_wconf 91' lang='lat' dir='ltr'>l.</span> <span class='ocrx_word' id='word_1_265' title='bbox 337 3954 499 4031; x_wconf 88' lang='lat' dir='ltr'>seponere</span> <span class='ocrx_word' id='word_1_266' title='bbox 524 3932 687 4007; x_wconf 89' lang='lat' dir='ltr'>debemus</span> <span class='ocrx_word' id='word_1_267' title='bbox 713 3960 788 4007; x_wconf 93' lang='lat' dir='ltr'>can.</span> <span class='ocrx_word' id='word_1_268' title='bbox 815 3936 867 4008; x_wconf 82' lang='lat' dir='ltr'>lv.</span> <span class='ocrx_word' id='word_1_269' title='bbox 891 3936 924 4008; x_wconf 94' lang='lat' dir='ltr'>in</span> <span class='ocrx_word' id='word_1_270' title='bbox 950 3963 1019 4036; x_wconf 90' lang='lat' dir='ltr'>quo</span> <span class='ocrx_word' id='word_1_271' title='bbox 1046 3938 1178 4012; x_wconf 91' lang='lat' dir='ltr'>nullum</span> <span class='ocrx_word' id='word_1_272' title='bbox 1200 3937 1247 4010; x_wconf 82' lang='lat' dir='ltr'>dc</span> 
     </span>
     <span class='ocr_line' id='line_1_33' title="bbox 140 4044 1246 4149; baseline 0.009 -33"><span class='ocrx_word' id='word_1_273' title='bbox 140 4044 287 4118; x_wconf 89' lang='lat' dir='ltr'>cernitur</span> <span class='ocrx_word' id='word_1_274' title='bbox 302 4046 496 4144; x_wconf 83' lang='lat' dir='ltr'>coniugium</span> <span class='ocrx_word' id='word_1_275' title='bbox 510 4048 639 4149; x_wconf 85' lang='lat' dir='ltr'>absque</span> <span class='ocrx_word' id='word_1_276' title='bbox 656 4050 806 4125; x_wconf 90' lang='lat' dir='ltr'>mulieris</span> <span class='ocrx_word' id='word_1_277' title='bbox 824 4077 993 4127; x_wconf 90' lang='lat' dir='ltr'>consensu</span> <span class='ocrx_word' id='word_1_278' title='bbox 1011 4053 1147 4144; x_wconf 90' lang='lat' dir='ltr'>initum,</span> <span class='ocrx_word' id='word_1_279' title='bbox 1162 4052 1246 4129; x_wconf 86' lang='lat' dir='ltr'>adeo</span> 
     </span>
    </p>
   </div>
   <div class='ocr_carea' id='block_1_4' title="bbox 137 4215 1245 4364">
    <p class='ocr_par' dir='ltr' id='par_1_5' title="bbox 137 4215 1245 4364">
     <span class='ocr_line' id='line_1_34' title="bbox 213 4215 1245 4286; baseline 0.012 -22"><span class='ocrx_word' id='word_1_280' title='bbox 213 4215 277 4277; x_wconf 73' lang='lat' dir='ltr'>(ser)</span> <span class='ocrx_word' id='word_1_281' title='bbox 294 4215 365 4279; x_wconf 77' lang='lat' dir='ltr'>Apud</span> <span class='ocrx_word' id='word_1_282' title='bbox 382 4216 501 4267; x_wconf 83' lang='lat' dir='ltr'>Hardnin.</span> <span class='ocrx_word' id='word_1_283' title='bbox 515 4219 863 4286; x_wconf 76' lang='lat' dir='ltr'>rom.111.001.2oo5saq.et</span> <span class='ocrx_word' id='word_1_284' title='bbox 877 4221 943 4286; x_wconf 84' lang='lat' dir='ltr'>apud</span> <span class='ocrx_word' id='word_1_285' title='bbox 958 4221 1120 4276; x_wconf 79' lang='lat' dir='ltr'>Sirmondurn</span> <span class='ocrx_word' id='word_1_286' title='bbox 1141 4219 1245 4275; x_wconf 67' lang='lat' dir='ltr'>canolis</span> 
     </span>
     <span class='ocr_line' id='line_1_35' title="bbox 137 4295 695 4364; baseline 0.018 -23"><span class='ocrx_word' id='word_1_287' title='bbox 137 4295 251 4356; x_wconf 66' lang='lat' dir='ltr'>meque</span> <span class='ocrx_word' id='word_1_288' title='bbox 266 4295 377 4347; x_wconf 73' lang='lat' dir='ltr'>Galliac.</span> <span class='ocrx_word' id='word_1_289' title='bbox 388 4299 459 4348; x_wconf 77' lang='lat' dir='ltr'>Toni.</span> <span class='ocrx_word' id='word_1_290' title='bbox 471 4300 502 4348; x_wconf 87' lang='grc' dir='ltr'>ΙΙ.</span> <span class='ocrx_word' id='word_1_291' title='bbox 515 4311 572 4361; x_wconf 73' lang='lat' dir='ltr'>paq.</span> <span class='ocrx_word' id='word_1_292' title='bbox 586 4302 615 4349; x_wconf 74' lang='lat'>⁴2</span> <span class='ocrx_word' id='word_1_293' title='bbox 626 4313 695 4364; x_wconf 86' lang='lat' dir='ltr'>seqq.</span> 
     </span>
    </p>
   </div>
   <div class='ocr_carea' id='block_1_5' title="bbox 0 0 1402 5064">
    <p class='ocr_par' dir='ltr' id='par_1_6' title="bbox 0 0 1402 5064">
     <span class='ocr_line' id='line_1_36' title="bbox 0 0 1402 5064; baseline 0 2"><span class='ocrx_word' id='word_1_294' title='bbox 0 0 1402 5064; x_wconf 95' lang='lat' dir='ltr'> </span> 
     </span>
    </p>
   </div>
  </div>
 </body>
</html>
