2796 5064
139 363 183 434 30
318 383 378 432 ιιι.
398 382 445 431 ιιι.
463 379 548 430 sacr.
566 381 589 430 ι.
606 381 645 430 nr
663 381 758 431 urrn.
775 380 896 430 onmsr.
914 379 1057 428 unrrtrn.

137 527 216 599 erga
240 500 415 586 maritum,
436 497 530 572 salva
548 498 780 599 superioritate
798 523 899 597 quarn
917 498 970 571 vir
986 499 1035 570 uti
1053 523 1247 596 supremum

138 615 286 690 familiae
312 628 413 713 caput
438 613 540 685 babet
559 640 638 710 erga
661 613 833 686 mulierem
852 613 885 684 in
905 613 1052 686 familiae
1070 615 1244 710 regimine.

138 733 229 805 Haeo
251 757 330 805 vero
355 729 542 829 aequalitas
560 730 594 801 in
614 729 805 829 polygamia
830 755 897 802 non
921 745 1084 802 servatur.
1107 730 1158 802 Ea
1174 756 1251 828 ergo

138 849 251 920 minus
276 845 458 920 conformis
484 861 623 919 naturae
648 846 712 917 iuri
739 845 883 919 dicenda
909 863 973 919 est.

210 963 371 1035 Rursum:
393 961 534 1035 societas
552 962 739 1059 coniugalis
758 963 901 1036 societas
914 980 966 1035 est
978 966 1164 1048 amicitiae,
1186 990 1251 1064 qua

140 1079 177 1152 fit
192 1095 231 1152 ut
246 1079 408 1173 coniuges
433 1095 549 1150 mutuo
574 1105 611 1151 se
636 1103 678 1150 ac
702 1078 820 1152 intimo
846 1104 959 1152 amore
985 1095 1249 1178 prosequantur,

139 1194 306 1294 amboque
324 1195 358 1266 in
376 1219 553 1267 commune
569 1192 716 1266 familiae
732 1193 858 1267 bonum
876 1194 1008 1293 aequali
1030 1194 1161 1268 ratione
1177 1220 1253 1268 con-

81 1303 83 1311 ’
139 1309 288 1410 spirent,
319 1335 483 1410 suamque
508 1335 644 1408 opernm
675 1309 845 1384 conferant
869 1311 911 1382 ad
938 1338 1012 1384 eam
1038 1312 1251 1384 nutriendam

140 1426 461 1524 confovendamque.
480 1425 571 1498 Haec
589 1443 698 1500 antem
716 1427 862 1525 perfecta
880 1428 1066 1500 animorum
1085 1442 1118 1500 et
1135 1427 1253 1500 intima

139 1541 353 1627 coniunctio,
381 1567 469 1639 quae
493 1567 533 1613 ex
560 1542 716 1616 societate
740 1542 907 1639 coniugali
932 1543 1058 1627 oritur,
1078 1544 1113 1614 in
1136 1570 1253 1618 mono-

141 1657 253 1756 gamin
277 1655 415 1755 quidem
440 1654 538 1728 facile
562 1656 724 1744 babetur,
750 1672 784 1730 at
808 1659 842 1729 in
869 1657 1059 1757 polygamia
1083 1658 1174 1730 haud
1194 1685 1254 1757 pa·

143 1799 215 1845 rum
233 1770 428 1871 impeditur.
446 1771 563 1870 ltaque
580 1773 862 1871 quemadmodum
880 1774 1092 1870 monogamia
1110 1774 1176 1845 iuri
1195 1799 1253 1846 na-

142 1902 237 1959 turae
262 1886 399 1959 omnino
424 1886 605 1959 conformis
631 1904 701 1975 est,
722 1887 769 1960 ita
791 1887 982 1987 polygamia
1007 1886 1119 1960 minus
1145 1888 1253 1961 eidem

142 2002 324 2076 conformis
350 2001 417 2074 dici
446 2000 545 2074 debet
566 2005 654 2098 (72).

216 2115 353 2188 Accedit
365 2115 454 2214 quod
469 2115 503 2186 in
518 2115 711 2216 polygamia
728 2143 790 2190 neo
807 2119 881 2217 ipsa
899 2117 1027 2203 officia,
1048 2142 1136 2217 quae
1153 2117 1256 2215 exigit

142 2232 357 2329 coniugium,
378 2247 412 2304 et
434 2232 477 2304 ad
502 2258 589 2330 quae
613 2233 850 2332 unusquisque
875 2233 1053 2330 coniugum
1080 2233 1133 2305 ins
1156 2233 1257 2306 babet

142 2348 320 2447 adimpleri
355 2373 488 2446 semper
518 2349 661 2449 possint.
696 2351 779 2421 Nam
809 2348 927 2421 eadem
961 2350 1090 2422 ratione
1113 2375 1183 2448 qua
1205 2349 1256 2422 rir

143 2463 319 2561 coniugale
343 2462 492 2535 debitum
517 2465 650 2561 exigere
674 2463 718 2535 ab
743 2488 866 2550 uxore,
886 2464 933 2535 ita
949 2478 983 2536 et
998 2489 1082 2536 uxor
1099 2488 1119 2536 a
1136 2464 1256 2537 manto

143 2595 270 2681 potest;
296 2580 362 2652 iam
379 2607 459 2654 vero
477 2580 507 2653 si
524 2580 580 2654 vir
595 2579 748 2679 pluribus
766 2597 857 2654 esset
873 2579 1034 2653 uxoribus
1059 2581 1253 2667 obstrictus,

144 2695 225 2769 huic
242 2695 438 2792 obligationi
462 2696 657 2769 satisfacere
675 2721 889 2795 nequaquam
907 2694 1042 2768 valeret.
1061 2697 1098 2766 ln
1118 2696 1258 2796 polyga-

144 2812 211 2888 mia
237 2812 377 2913 proinde
402 2811 519 2886 saltem
543 2838 664 2909 magna
683 2839 723 2884 ex
743 2829 838 2911 parte
855 2813 928 2884 iure
945 2837 1007 2885 suo
1023 2836 1106 2884 uxor
1123 2812 1258 2886 defrau-

144 2927 283 3001 daretur
307 2954 373 3000 nou
400 2927 474 3001 sine
499 2927 762 3001 incontinentiae
786 2927 995 3000 discrimine.

217 3043 359 3114 Demum
378 3043 412 3114 in
433 3042 645 3143 polygamiae
665 3069 726 3115 seu
745 3041 949 3142 polygyniae
971 3058 1059 3115 statu
1084 3041 1128 3113 ad
1153 3043 1260 3116 conti·

145 3154 274 3228 nendas
293 3157 328 3227 in
346 3157 458 3230 officio
478 3156 591 3255 plures
616 3182 737 3231 uxores
762 3181 827 3230 non
852 3173 917 3229 tam
934 3182 1049 3230 amore
1069 3182 1172 3255 quam
1198 3158 1260 3228 im-

144 3269 239 3368 perio
265 3272 318 3342 vir
342 3271 504 3343 innitatur
529 3296 667 3345 necesse
697 3286 769 3359 est;
798 3271 888 3370 quod
914 3272 1050 3372 quidem
1080 3272 1258 3370 imperium

145 3385 180 3457 in
198 3386 416 3459 domesticam
436 3412 522 3485 pene
539 3388 749 3486 tyrannidem
767 3386 864 3460 facile
880 3388 988 3484 vergit
1004 3387 1096 3460 haud
1119 3388 1265 3461 minimo

144 3501 296 3576 eiusdem
322 3502 526 3576 domesticae
551 3504 721 3577 societatis
746 3503 944 3576 detrimento
967 3506 1056 3599 (73).

218 3765 268 3826 (72)
285 3763 323 3813 cf.
337 3763 459 3828 Taparelli
472 3766 566 3828 sopato
575 3762 620 3814 del
629 3762 723 3814 dtrttto
734 3764 867 3814 naturale.
881 3763 1217 3826 Dtsrert.v{1.cap.111.art.
1227 3766 1258 3813 ΙΙ.

145 3841 168 3906 §.
180 3845 211 3892 11.
226 3846 304 3894 Roma
320 3852 387 3896 1855.

217 3921 268 3983 (73)
284 3923 399 3985 Apposite
411 3924 491 3973 cantu
502 3925 620 3972 instem
630 3922 795 3983 untcmale,
806 3922 845 3973 ed.
854 3924 884 3971 V.
895 3923 986 3972 'forino
1000 3923 1134 3972 tstttom.
1144 3923 1175 3970 11.
1185 3935 1210 3984 p.
1219 3928 1257 3972 51,

146 3999 176 4048 ad
192 4013 243 4050 rem
255 4003 364 4052 nostram
377 4002 474 4052 scribit:
489 4022 501 4046 o
510 4003 562 4052 che
575 4016 602 4052 se
615 4003 657 4051 noi
669 4003 808 4051 cerchinmn
824 4002 849 4050 la
865 4000 966 4063 cadone
982 4014 1026 4064 per
1043 4001 1083 4050 cui
1097 4000 1219 4049 netl'Asia
1238 4000 1258 4048 si

147 4081 264 4145 perpetuo
280 4080 297 4130 il
317 4081 485 4144 despotisrno,
502 4083 526 4131 la
543 4080 665 4131 unriamo
680 4082 718 4130 ne'
729 4082 782 4131 toro
797 4081 911 4130 nocturni.
927 4080 1084 4143 lmporocche
1099 4078 1186 4128 liberta
1200 4078 1261 4142 poti·

147 4161 195 4211 tica
206 4174 220 4210 e
232 4160 318 4210 liberta
332 4159 425 4211 morale
436 4173 483 4210 ran
496 4161 522 4210 di
536 4173 668 4223 conserra3
681 4162 712 4210 ne
723 4161 772 4211 mai
785 4161 849 4224 spari
862 4161 990 4211 solterarat
1009 4173 1024 4209 a
1041 4159 1173 4223 tranchigie
1192 4158 1261 4208 civili

147 4240 186 4295 obi
205 4253 255 4290 unu
275 4239 347 4290 abbia
367 4240 516 4291 commetatn
531 4239 573 4290 dal
594 4240 720 4291 risormare
737 4241 746 4290 i
763 4241 878 4291 nocturni.
889 4241 971 4290 Patria
981 4253 996 4290 a
1006 4238 1114 4302 [amiglia
1129 4251 1191 4288 sono
1207 4237 1260 4288 tdee

147 4319 265 4370 nunciate
277 4320 301 4369 tn
313 4322 425 4384 Europa,
439 4333 486 4369 ove
497 4321 515 4371 il
527 4321 624 4383 nigrior
644 4321 763 4372 rittodinn
780 4321 795 4372 b
814 4321 830 4371 il
851 4320 948 4384 miglior
962 4319 1052 4384 padre,
1066 4332 1114 4370 uon
1127 4320 1178 4368 cod
1189 4317 1260 4367 orec
