2842 5056
229 377 299 427 cer.
316 376 364 428 ιιι.
380 376 421 427 nr
433 374 529 427 sessu
542 375 633 426 reru.
646 375 710 427 cru.
722 376 833 429 runrss.
886 378 957 429 ern.
970 369 1040 431 tter·
1057 379 1080 430 r.
1151 356 1221 432 ³2³

108 511 264 570 accurate
288 493 407 568 Hilarii
431 493 535 569 rerba
562 495 813 596 expendemus,
841 495 969 595 patebit
999 499 1112 596 ipsum
1141 523 1222 574 oon·

106 627 244 686 transm
270 636 409 685 omnmo
434 626 584 685 tenuisse
609 611 821 685 sententium.

182 725 234 800 En
251 725 325 802 eius
342 725 446 799 rerba
462 751 503 799 ex
524 751 600 826 cop.
622 726 675 798 lv.
696 726 731 799 in
752 751 782 800 s.
803 726 920 801 ldetth.
939 754 974 800 n.
996 729 1054 800 22.
1069 730 1226 803 «Dictum

107 857 157 916 cst
173 857 298 915 comm:
321 840 521 940 Quicumque
539 840 700 915 dimiserit
716 868 850 915 osorem
865 868 971 929 mom,
992 841 1046 916 det
1060 843 1116 917 illi
1130 869 1227 944 repo·

107 957 201 1030 dium
225 971 289 1031 etc.
311 956 521 1056 Aequitstem
547 956 581 1029 in
608 983 726 1031 omnes
751 957 958 1046 concilians,
988 985 1124 1033 munere
1148 985 1224 1032 eom
1256 995 1264 1013 ·

109 1073 254 1145 maxime
271 1073 306 1143 in
324 1071 555 1169 coniugiorum
574 1097 657 1170 pace
675 1072 860 1173 praecepit:
878 1072 944 1170 legi
961 1072 1091 1146 addens
1110 1073 1221 1172 plurs,

111 1189 197 1260 nihil
223 1187 376 1261 demens.
397 1188 465 1261 Nec
489 1213 573 1261 sane
598 1187 766 1286 proiectus
791 1188 886 1285 argui
905 1203 1025 1289 potest.
1046 1189 1226 1261 Nemeum
1338 1182 1341 1186 ’

111 1303 163 1376 lex
188 1301 375 1375 libertatem
400 1301 505 1374 dandi
532 1300 666 1399 repudii
684 1326 726 1374 ex
742 1300 848 1375 libelli
873 1301 1069 1376 auctoritate
1089 1301 1227 1376 tribuis·

109 1433 178 1505 set,
207 1441 298 1490 nuuc
321 1415 442 1489 marito
467 1414 553 1488 fides
577 1413 772 1512 evangelicu
797 1441 865 1488 non
888 1413 999 1490 solum
1021 1415 1225 1490 voluntatem
1346 1518 1350 1520 ἡ

113 1531 207 1633 pacis
232 1530 374 1618 indixit,
401 1556 516 1603 verum
541 1529 641 1603 etium
669 1545 797 1603 reatum
818 1545 956 1604 coactae
973 1530 1008 1602 in
1025 1528 1227 1603 adulterium

111 1647 226 1720 uxoris
244 1644 420 1746 imposuit,
441 1644 471 1717 si
488 1642 547 1717 ulii
562 1669 606 1717 ex
618 1643 841 1718 discessionis
854 1644 1051 1718 necessitate
1068 1643 1228 1718 nubenda

111 1762 178 1838 sit:
205 1760 332 1836 nullam
357 1760 460 1834 uliam
486 1784 625 1834 causum
648 1758 826 1833 desinendi
843 1785 864 1832 e
880 1757 1037 1857 coniugio
1063 1759 1229 1859 praescri-

114 1878 221 1965 bens,
249 1902 352 1977 quem
376 1899 466 1976 quse
491 1874 601 1953 virum
626 1875 826 1975 prostitutae
842 1874 957 1949 uxoris
974 1874 1133 1950 societate
1154 1873 1227 1974 pol-

113 1992 220 2067 lueret
239 1994 378 2088 (158).»

188 2107 283 2193 Quae
312 2104 415 2180 verbs
444 2103 535 2180 hunc
567 2105 712 2180 fundunt
740 2131 894 2180 sensum:
924 2104 1103 2193 Christus,
1131 2119 1230 2207 prout

113 2222 284 2324 pollicitus
302 2235 385 2307 erat,
402 2219 467 2306 hoc
483 2220 685 2296 documento
702 2246 769 2294 non
787 2220 888 2296 soluit
903 2220 1025 2319 legem,
1042 2220 1103 2296 sed
1122 2219 1231 2295 odim·

118 2336 223 2438 plevit
245 2361 320 2410 eum
339 2335 537 2434 perficiens,
558 2350 725 2436 quatenus
742 2334 894 2410 libellum
913 2334 1045 2437 repudii
1063 2334 1226 2421 abolevit,

113 2478 156 2526 uc
180 2452 300 2526 merito
326 2476 443 2551 pecem
462 2477 538 2525 oum
556 2477 659 2525 uxore
676 2477 740 2524 sus
756 2450 898 2539 indixit,
919 2450 1132 2552 praecipiens
1153 2473 1230 2524 cum

112 2593 155 2642 ee
179 2566 301 2666 iugiter
325 2590 533 2666 permanere.
555 2567 606 2639 lta
629 2593 708 2641 vero
732 2566 898 2641 eiusmodi
923 2591 1000 2641 cum
1025 2590 1128 2640 uxore
1157 2588 1231 2664 pen

113 2682 336 2759 sonorantium
362 2681 501 2771 indixit,
530 2695 568 2755 ut
592 2681 623 2756 si
648 2707 860 2782 quecumque
884 2681 927 2754 de
951 2706 1057 2755 ceusu
1081 2705 1157 2754 cem
1178 2705 1232 2753 re-

115 2799 290 2900 pudiaret,
319 2824 357 2873 se
386 2822 478 2872 reum
503 2797 685 2872 constituet
709 2796 882 2885 adulterii,
910 2796 945 2868 in
970 2794 1061 2896 quod
1086 2792 1131 2869 ob
1154 2794 1230 2868 eius

113 2915 364 2990 derelictionem
383 2915 459 3016 ipse
476 2912 657 3000 incideret,
678 2913 709 2987 si
727 2910 822 2987 elteri
841 2909 991 2985 nuberet.
1018 2910 1158 2984 Unicum
1179 2933 1232 2983 ns

115 3031 263 3128 signavit
286 3057 424 3107 causam
449 3030 559 3103 iustae
583 3026 816 3115 dimissionis,
845 3050 964 3126 nempe
988 3024 1104 3099 uxoris
1130 3022 1230 3098 lorei-

116 3146 284 3219 eetionem
302 3172 363 3220 seu
381 3144 670 3246 prostitutionem,
692 3155 725 3215 et
741 3140 878 3241 quidem
896 3138 1109 3213 dimissionis
1126 3154 1232 3212 storo

114 3277 150 3335 et
167 3261 425 3337 cohabitatione.
447 3259 622 3360 Siquidem
640 3256 705 3331 hoc
722 3257 758 3330 in
775 3282 856 3331 cssu
875 3257 984 3329 iustae
1001 3252 1228 3341 dimissionis,

116 3377 147 3451 si
175 3402 259 3452 uxor
283 3377 426 3451 dimissa
450 3374 547 3449 elteri
574 3398 613 3447 se
636 3372 863 3474 copulaverit,
891 3370 958 3446 sibi
984 3369 1048 3445 soli
1066 3370 1232 3468 imputare

117 3490 220 3565 debet
243 3490 399 3565 adulterii
432 3506 580 3577 reatum,
614 3489 650 3560 in
679 3514 778 3588 quem
804 3487 880 3586 ipsu
910 3485 1086 3574 inciderit,
1114 3511 1136 3557 u
1163 3508 1232 3584 quo

118 3607 258 3680 meritus
283 3606 455 3680 dimittens
473 3604 634 3678 immunis
651 3617 714 3677 est.

190 3723 261 3794 lem
295 3747 374 3795 vero
407 3746 547 3795 concors
582 3718 667 3792 haec
701 3732 780 3805 est,
818 3731 855 3791 ut
886 3717 1065 3803 vidimus,
1101 3731 1232 3815 petrum

116 3837 293 3924 doctrina,
314 3862 420 3938 eque
438 3835 586 3935 proiecto
604 3832 754 3907 Hilarius
781 3832 874 3905 nullu
900 3832 1027 3906 ratione
1051 3829 1230 3914 dissentit,

116 3954 201 4053 quin
229 3953 341 4052 potius
367 3978 441 4025 enm
459 3951 649 4025 confirmat.
672 3948 759 4022 Hinc
777 3949 895 4021 merito
921 3947 1065 4021 editores
1086 3943 1232 4017 maurini

117 4068 155 4141 in
180 4085 259 4142 nots
283 4066 327 4140 sd
353 4066 444 4139 hunc
469 4064 590 4139 Hilarii
615 4063 724 4138 locum
759 4061 1073 4162 scripserunteoui
1099 4086 1139 4132 ex
1169 4056 1233 4130 hoc

117 4182 191 4260 loeo
222 4183 339 4257 volunt
367 4180 531 4255 Hilarium
562 4204 628 4254 non
661 4177 760 4254 modo
788 4202 925 4252 uxorem
954 4174 1110 4250 adulterii
1143 4198 1232 4248 reum

190 4334 259 4396 (tes)
274 4337 336 4398 opp.
351 4332 391 4384 ed.
403 4334 482 4384 ttsnn
495 4335 606 4384 veronis
620 4334 687 4382 ttttt.
699 4332 760 4382 tom.
773 4331 793 4380 t·
805 4341 860 4393 pig.
869 4335 924 4379 oso.
1110 4406 1130 4448 ᾖ
