2796 5064
170 397 238 449 aar.
254 368 363 449 rin'nn
376 394 474 448 sessu
485 394 578 446 rann.
595 375 681 447 crac.
695 379 808 448 rmrssss
824 396 922 446 narn.
939 384 1010 447 aar.
1027 386 1076 449 u-.'
1118 369 1188 448 388

121 542 131 590 r
160 513 348 611 habeatur,
377 513 436 616 qui
466 537 645 614 personam
678 514 752 588 eius
784 514 918 603 mariti,
946 515 1005 615 qui
1030 516 1097 589 iam
1123 534 1190 591 non

121 657 150 707 te
173 627 449 716 existimabatur,
479 630 676 730 assumpsit.
698 629 754 704 Sic
777 631 867 703 enim
893 630 1019 720 multa,
1039 656 1126 732 quae
1147 632 1190 705 ad

121 744 220 847 tqui
249 746 286 817 in
317 744 548 844 captivitatem
577 743 668 818 ducti
697 759 776 818 sunt
805 744 1040 844 pertinebant,
1072 746 1109 817 in
1138 747 1197 820 ius

121 888 221 938 mum
255 860 401 934 transire
434 875 631 961 potuerunt:
660 875 694 934 et
726 876 838 933 tamen
872 859 1009 959 plenum
1044 861 1193 935 iustitiae

121 1006 135 1065 ;,
154 991 193 1050 ut
213 974 337 1049 iisdem
364 974 530 1063 reversis,
560 975 695 1075 propria
718 973 950 1047 reformentur.
972 972 1070 1061 Quod
1099 976 1130 1049 si
1156 976 1191 1048 in

121 1091 272 1191 simplis,
287 1090 341 1164 vel
355 1090 389 1161 in
404 1090 513 1188 agris,
534 1106 593 1163 aut
609 1089 708 1163 etiam
724 1090 758 1162 in
773 1089 930 1164 domibus
948 1115 988 1162 ac
1006 1091 1193 1190 possessio

121 1233 173 1281 ms
197 1205 264 1280 rite
288 1221 458 1281 servatur:
480 1221 607 1305 quanto
628 1205 737 1303 magis
764 1205 798 1276 in
824 1205 1055 1303 coniugiorum
1082 1205 1193 1278 redin-

121 1322 258 1416 patione
283 1320 473 1395 laciendum
499 1337 570 1408 est,
592 1337 629 1393 ut
646 1321 737 1421 quod
761 1319 883 1394 bellica
908 1321 1109 1394 necessitate
1126 1337 1192 1393 tur·

121 1452 187 1515 tum
209 1451 278 1525 est,
299 1436 395 1534 paois
421 1437 569 1511 remedio
594 1434 817 1511 reformetur?
834 1437 875 1510 Et
892 1437 968 1510 ideo
986 1436 1015 1509 si
1033 1435 1096 1508 viri
1116 1451 1192 1534 post

121 1576 206 1655 gam
229 1551 457 1651 captivitatem
477 1550 623 1640 reversi,
644 1551 691 1624 ita
707 1551 743 1623 in
760 1551 940 1626 dilectione
957 1577 1094 1626 suarum
1111 1575 1192 1624 con-

121 1694 189 1769 prm
215 1682 452 1768 perseverant,
482 1683 519 1742 ut
543 1661 604 1742 eas
631 1667 771 1766 cupiant
795 1667 830 1739 in
856 1694 956 1742 suum
981 1665 1092 1740 redire
1116 1693 1193 1740 con-

121 1785 237 1872 tium,
257 1785 477 1859 omittendum
496 1799 566 1872 est3
587 1800 620 1858 et
637 1783 845 1883 inculpabile
862 1782 1081 1857 iudicandum
1099 1781 1193 1882 quod

121 1900 262 1979 cessitas
288 1899 422 1989 intulit,
442 1915 475 1974 et
493 1899 737 1973 restituendum
763 1899 929 1998 estquod
956 1898 1041 1973 fides
1066 1898 1188 1998 poscit.

129 2031 248 2091 autem
274 2013 409 2116 aliquae
433 2014 590 2090 mulieres
608 2015 656 2089 ita
674 2015 896 2115 posteriorum
913 2015 1062 2089 virorum
1078 2039 1193 2089 amore

121 2146 152 2207 at
178 2147 321 2232 captae,
343 2145 380 2204 ut
396 2129 513 2204 malint
529 2129 585 2204 his
604 2129 802 2218 cohaerere,
823 2155 925 2230 quam
945 2129 989 2202 ad
1005 2129 1193 2228 legitimum

121 2246 184 2322 lire
208 2245 434 2335 consortium,
457 2247 576 2321 merito
594 2263 674 2321 sunt
690 2246 877 2322 notandae:
900 2247 948 2320 ita
965 2261 1003 2320 ut
1018 2246 1120 2320 etiam
1138 2272 1194 2320 eo-

121 2361 268 2439 siastica
292 2361 527 2436 communione
551 2363 743 2463 priventur,
765 2387 853 2461 quae
877 2360 921 2433 de
946 2387 982 2434 re
1007 2359 1192 2434 excusabili

121 2476 393 2553 staminationem
420 2474 571 2550 oriminis
597 2474 783 2574 elegerint3
811 2477 1027 2550 ostendentes
1057 2475 1196 2550 sibimet

121 2618 213 2671 ›sua
224 2593 468 2668 incontinentia
486 2592 675 2693 placuisse,
695 2586 786 2693 quod
803 2592 894 2666 iusta
912 2592 1067 2665 remissio
1086 2592 1194 2691 potuit

121 2708 223 2812 pare.
244 2709 394 2784 lledeant
418 2735 498 2808 ergo
523 2708 567 2783 ad
593 2734 692 2782 suum
718 2724 842 2782 statum
865 2707 1055 2783 voluntaria
1080 2705 1195 2779 redin-

121 2826 263 2927 pationa
279 2827 448 2925 coniugia:
469 2852 579 2926 neque
596 2824 666 2900 ullo
683 2825 782 2901 modo
795 2824 837 2898 ad
852 2823 1069 2925 opprobrium
1083 2818 1193 2897 malae

121 2941 258 3019 luntatis
290 2942 448 3031 trahant,
481 2942 573 3043 quod
604 2941 753 3019 conditio
782 2941 996 3016 necessitatis
1026 2939 1189 3014 extorsit:

121 3058 272 3134 insicut
294 3057 360 3133 hae
384 3058 562 3143 mulieres,
590 3084 679 3157 quae
705 3058 824 3131 reverti
849 3058 891 3130 ad
916 3056 1007 3130 viros
1033 3081 1114 3130 suos
1132 3082 1193 3130 no·

121 3176 169 3262 it,
199 3172 324 3274 impiae
348 3189 428 3247 sunt
458 3172 655 3260 habendae;
684 3172 731 3246 ita
757 3171 835 3245 illae
860 3197 948 3272 qaae
973 3169 1008 3243 in
1034 3171 1192 3245 allectum

137 3288 214 3363 lleo
238 3288 358 3363 initum
384 3289 546 3377 redeunt,
574 3289 691 3362 merito
716 3304 796 3363 sunt
818 3276 1008 3364 laudabiles
1037 3287 1192 3362 iudican-

121 3406 300 3503 a(282).n

147 3519 201 3594 Ex
215 3518 271 3594 his
285 3522 447 3623 Stephani
461 3524 505 3598 ll.
518 3525 692 3624 responsis
711 3523 821 3624 medio
838 3537 956 3598 octauo
973 3509 1089 3596 seculo
1098 3513 1194 3593 >datis

128 3632 250 3709 Galliis
267 3634 404 3712 biennio
421 3654 499 3739 post
515 3639 648 3716 concilii
665 3639 902 3714 vermeriensia
920 3625 1191 3721 celebrationem,

121 3750 244 3844 scimus
262 3753 414 3826 eamdem
432 3754 742 3832 indissolubilitatis
760 3772 927 3831 serratam
944 3755 1050 3830 fuisse
1071 3748 1195 3825 doctri·

121 3890 158 3940 m
170 3864 260 3941 circa
273 3867 466 3943 firmitatem
479 3871 637 3946 connubii
651 3931 659 3960 ,
675 3898 762 3971 quae
775 3871 818 3946 ab
832 3869 1029 3946 Innocentio
1041 3886 1075 3944 et
1086 3868 1195 3941 Leone

121 4006 201 4081 igno
222 3980 280 4057 hic
302 3985 571 4060 commemoratis
597 3988 718 4062 tradita
743 3987 861 4063 luerat.
883 3986 1057 4062 (loniicere
1073 3982 1196 4058 exinde

149 4169 217 4233 (tat)
232 4172 301 4223 Acta
312 4173 455 4225 con-Hard.
466 4175 639 4225 ton.111.cot.
654 4181 712 4226 1985
724 4189 793 4240 seqq.
806 4177 832 4226 et
842 4173 882 4227 ed.
892 4170 1008 4224 Ballerin.
1024 4175 1087 4236 opp.
1102 4184 1124 4222 s.
1133 4173 1193 4222 teo·

123 4263 165 4316 ep.
174 4252 260 4302 cle.
272 4264 327 4315 cap.
340 4253 405 4303 1·1v.
416 4253 465 4304 col.
479 4248 725 4320 insinuationes
735 4254 869 4307 occurrunt
881 4253 945 4304 tuter
955 4254 1088 4315 utrumque
1098 4251 1194 4303 tastum

121 4329 200 4383 bilta
215 4331 333 4383 leetlones
348 4330 442 4382 nullius
455 4333 507 4383 lara
522 4332 647 4384 monrentt.
