2796 5064
149 386 218 457 tot
293 383 355 458 unss
372 406 420 457 ur.
438 405 731 457 secuturarum
749 382 975 455 metesinum.
993 384 1122 453 cuntur.

139 530 212 601 'non
240 528 275 599 in
301 526 418 600 codem
444 524 537 610 loco,
564 552 606 597 ne
633 551 723 625 mors
751 522 888 625 quidem
915 523 961 596 eit
983 522 1036 596 eis
1061 519 1257 595 communis.

146 643 261 742 Neque
285 666 364 714 vero
383 640 435 713 lex
462 666 538 713 cum
565 631 749 737 Evangelio
773 654 922 736 pugnat,
950 637 1010 712 sed
1027 635 1257 741 eiuccusentit:

145 757 266 856 quidni
280 756 369 829 enim
383 782 458 828 cum
474 755 520 828 sit
536 755 713 854 utriusque
726 780 816 828 unus
831 753 1065 853 suppeditator
1076 748 1262 826 Dominus?

145 872 240 958 Quae
265 871 354 944 enim
380 887 434 944 est
458 871 641 957 fornicata,
662 871 746 945 vivit
763 870 901 971 quidem
920 885 1075 971 peccato,
1098 867 1162 942 sed
1181 893 1260 941 mor·

145 1003 202 1060 tua
227 1004 280 1061 est
303 987 490 1061 mandatis:
512 1013 601 1087 quae
625 1003 736 1088 autem
762 986 865 1060 ducta
889 1002 942 1061 est
966 983 1199 1086 poenitentia,
1231 998 1261 1053 ut

144 1129 232 1202 quae
257 1102 303 1174 sit
328 1116 523 1199 regenerata
549 1128 608 1201 per
632 1102 721 1175 vitae
747 1101 1018 1188 conversionem,
1048 1099 1157 1172 habet
1180 1097 1258 1171 vitae

145 1217 457 1315 regenerationem,
493 1234 624 1291 mortua
655 1217 793 1316 quidem
822 1233 933 1291 vetere
963 1214 1199 1300 fornicatrice,
1228 1213 1256 1283 in

144 1336 247 1407 vitam
273 1350 384 1407 autem
410 1360 527 1407 rursus
554 1334 707 1432 ingressa
724 1360 777 1422 ea,
798 1359 886 1434 quae
902 1332 1015 1432 genita
1031 1349 1086 1406 est
1104 1357 1167 1431 per
1189 1354 1256 1429 poe

145 1451 319 1523 nitentium
342 1451 456 1544 (43).»

215 1565 294 1639 ldeo
306 1591 385 1638 vero
399 1563 564 1661 integrum
579 1563 656 1637 licet
668 1563 832 1662 prolixum
843 1560 1005 1661 exscripsi
1020 1559 1252 1641 testimonium.

143 1681 225 1780 quia
251 1681 347 1781 plura
365 1680 400 1751 iu
419 1707 458 1754 eo
476 1696 555 1752 sunt
571 1705 660 1780 quae
676 1679 720 1751 ad
739 1705 808 1752 rem
827 1694 974 1753 nostram
992 1677 1153 1776 apprime
1173 1673 1253 1749 colli·

143 1822 262 1893 gamus
287 1812 429 1896 oportet.
451 1795 501 1867 Ex
526 1821 565 1869 eo
590 1794 679 1867 enim
710 1811 843 1869 constat
871 1796 905 1866 l.
928 1793 1159 1892 Scripturam‚
1187 1789 1251 1863 noti

143 1909 272 1983 scilicet
303 1908 468 1995 foederis,
500 1935 684 2007 numquam
713 1908 904 2010 permittere
933 1924 971 1981 ut
1000 1903 1200 2003 coniugium
1221 1903 1251 1975 li·

142 2021 221 2097 bere
248 2023 367 2095 initum
397 2021 623 2110 dissoluatur,
643 2022 711 2097 imo
730 2022 763 2095 id
783 2021 856 2122 lege
872 2021 994 2108 vetari;
1017 2021 1051 2094 2.
1074 2016 1249 2094 clausulam

143 2137 405 2236 exceptioualem
432 2137 475 2210 de
500 2137 718 2211 fornicatione
744 2136 996 2236 intelligendam
1019 2160 1099 2209 esse
1124 2135 1169 2208 de
1193 2131 1251 2208 solu

143 2252 355 2352 separatione
386 2251 567 2349 coniugum
600 2252 675 2326 sine
706 2251 930 2352 diremptione
959 2249 1157 2349 coniungii‚
1181 2247 1251 2322 alio

144 2367 228 2466 quin
248 2393 314 2440 non
331 2366 415 2441 soret
432 2367 564 2440 adulter
582 2367 789 2469 quicumque
804 2365 982 2441 dimissam
1000 2366 1148 2453 duxerit,
1165 2387 1250 2438 secut

143 2510 182 2557 ac
205 2481 360 2557 Clemens
386 2482 539 2557 absolute
564 2485 723 2571 affirmct;
751 2487 785 2556 3.
807 2482 993 2556 adulteram
1020 2481 1200 2556 dimissam
1219 2503 1251 2552 ac

143 2598 366 2699 poenitentem
393 2598 569 2671 advirum
595 2626 693 2672 suum
720 2624 821 2697 posse
848 2598 989 2684 reverti,
1017 2596 1173 2696 adeoque
1204 2619 1250 2695 per

141 2711 373 2787 dimissionem
407 2739 474 2786 non
505 2712 590 2786 solvi
616 2711 883 2798 matrimonium,
913 2710 1063 2810 alioquin
1090 2737 1159 2784 non
1186 2734 1250 2809 pos·

142 2845 193 2901 set
219 2827 366 2928 amplius
394 2826 449 2901 ille
475 2855 495 2901 a
521 2853 588 2927 quo
614 2826 756 2899 dimissa
789 2843 841 2899 est
871 2827 984 2900 vocari
1010 2827 1064 2898 uir
1093 2852 1174 2898 suus
1201 2848 1249 2897 seu

142 2942 302 3030 maritus;
333 2944 365 3013 l.
388 2942 453 3016 hoc
483 2941 690 3013 intercedere
716 2940 802 3014 inter
827 2942 948 3037 Legem
979 2957 1013 3013 et
1040 2938 1247 3038 Euangeliou

142 3057 346 3144 discrimen,
376 3057 466 3157 quod
493 3084 554 3155 per
571 3057 689 3153 Legem
717 3071 822 3128 morte
847 3054 928 3128 reali
955 3053 1093 3127 deberet
1110 3053 1248 3127 adultere

142 3170 268 3271 plecti,
306 3188 422 3245 contra
454 3198 533 3245 uero
566 3171 599 3241 in
626 3169 808 3268 Evangelio
835 3186 947 3272 utpote
978 3169 1122 3255 mitiori,
1153 3167 1247 3243 solum

140 3302 246 3358 morte
271 3285 439 3383 spirituali
465 3313 504 3358 ac
531 3286 673 3386 mystica
699 3313 759 3385 per
777 3286 1035 3385 poenitentiam,
1058 3301 1097 3357 ut
1114 3284 1166 3359 sic
1183 3307 1248 3383 pos·

127 3400 184 3473 'sit
201 3399 244 3472 ad
262 3400 370 3472 virum
390 3427 489 3473 suum
508 3400 645 3489 reverti,
663 3401 826 3501 abeoquo
845 3400 965 3501 reeipi;
984 3404 1018 3472 5.
1031 3400 1124 3474 haud
1144 3422 1244 3500 posse,

140 3512 244 3587 altero
276 3541 316 3587 ex
349 3515 550 3613 coniugibus
583 3516 732 3602 vivente,
762 3517 804 3588 ad
832 3543 936 3590 novas
963 3515 1099 3617 nuptias
1131 3515 1246 3589 aditum

140 3647 267 3731 patere.
1089 3702 1091 3707 ,

213 3745 305 3818 llaec
330 3744 414 3818 adeo
439 3745 619 3846 perspicua
646 3763 723 3819 sunt
748 3748 782 3818 in
808 3746 910 3821 allato
935 3763 1044 3835 textu,
1074 3762 1112 3820 ut
1136 3749 1243 3819 mirum

138 3860 245 3934 videri
271 3858 411 3948 debeat,
439 3862 609 3960 quomodo
634 3861 803 3935 Launoius
825 3864 898 3958 (ll)
915 3920 923 3949 ,
942 3863 1086 3962 eiusque
1108 3861 1245 3936 asseclae

139 3976 308 4076 potuerint
333 3975 534 4049 Clementem
562 3975 647 4048 alex.
670 3977 755 4049 inter
773 3993 956 4050 assertores
981 3973 1241 4051 dissolubilitatis

140 4090 298 4166 connubii
316 4106 451 4190 propter
468 4092 668 4165 adulterium
688 4093 820 4166 allerre.
843 4093 948 4167 Unica
967 4093 1074 4182 ratio,
1095 4117 1181 4195 quae
1196 4113 1241 4164 ets

213 4279 263 4340 (ta)
277 4276 323 4328 Ed.
338 4278 416 4329 Puris.
431 4282 499 4330 reti.
511 4293 565 4343 pag.
579 4283 624 4329 tat
636 4293 687 4342 seq.

211 4359 261 4422 (tt)
276 4362 323 4424 op.
336 4358 380 4410 ott.
393 4360 429 4411 Dc
439 4362 512 4422 repta
523 4363 571 4410 etc.
582 4373 636 4422 pag.
650 4366 705 4410 ato.
