2796 5064
141 337 183 405 to
300 358 360 408 rra.
382 359 429 407 nr.
451 358 537 408 seor.
560 359 582 407 r.
603 360 642 408 or
668 358 763 408 ulra,
780 359 901 410 onarsr.
919 359 1065 411 onrrsrr.

139 477 206 548 mia
220 476 331 569 )....si
352 476 451 547 etiam
471 502 558 549 nuno
584 476 677 549 locus
695 478 787 550 vocis
806 477 919 565 illius,
940 482 1070 553 cresdte
1086 496 1118 553 et
1133 482 1245 555 rrrultid

134 590 310 689 plioumirti
326 589 359 661 id
377 605 448 676 est,
474 591 503 663 si
531 591 676 664 nondum
705 592 772 665 alia
795 595 1093 692 vox-supervenit,
1113 612 1246 697 tempus

139 705 205 778 iam
231 704 267 775 in
293 703 430 779 collado
446 707 629 779 ·esse...Ut
644 707 763 806 opinor
783 723 891 781 autem
915 708 1016 784 unius
1041 726 1074 783 et
1094 711 1248 785 eiusdem

139 820 199 892 Dei
218 834 353 919 atroque
373 817 597 919 pronuntiatio
614 837 644 894 et
660 821 828 921 dispositio
850 839 919 911 est,
940 826 1087 923 quitum
1109 824 1248 924 quidem

139 936 176 1007 in
202 934 384 1035 primordio
408 951 591 1010 sementem
624 939 756 1033 generis
785 938 899 1012 emisit
922 938 1059 1012 indultis
1084 941 1250 1037 coniugio-

138 1075 212 1121 rum
225 1050 373 1134 habenis,
393 1049 502 1122 donec
519 1050 666 1122 mundus
687 1051 889 1149 repleretur,
906 1052 1013 1126 donec
1025 1077 1132 1126 novae
1149 1052 1250 1127 ‹lisci-

141 1165 251 1263 plinae
283 1152 422 1238 materia
455 1165 649 1263 proficeret:
679 1191 768 1239 nunc
791 1192 870 1240 vero
895 1166 959 1240 sub
983 1167 1249 1242 extremitatibus

141 1297 325 1378 temporum
359 1280 559 1377 compressit
589 1280 680 1380 quod
711 1280 887 1368 emiserat,
916 1297 949 1354 et
973 1281 1140 1355 revocarit
1165 1279 1251 1380 quod
1289 1358 1298 1377 ⁶

141 1393 321 1467 indulserat
335 1396 408 1490 (⁹8)
418 1424 450 1466 .n

212 1509 276 1581 Sed
294 1509 377 1608 quid
395 1509 575 1583 dicendum
592 1511 635 1583 de
652 1536 682 1583 s.
696 1510 917 1609 Hieronymo,
933 1510 991 1608 qui
1010 1509 1127 1582 eadem
1146 1507 1252 1583 lerme

140 1623 334 1697 Tertulliani
350 1622 457 1700 ,verba
479 1624 675 1722 usurpavit,
703 1624 784 1696 dum
810 1641 948 1698 accusat
969 1623 1111 1696 Lamech
1137 1623 1250 1721 gravis

140 1739 291 1812 oriminis
309 1737 353 1812 ob
370 1736 641 1837 superinductam
668 1737 806 1811 altemm
827 1763 964 1811 uxorem
981 1752 1098 1810 contra
1112 1735 1174 1810 Dei
1193 1761 1252 1810 vo-

141 1854 299 1928 luntatem
325 1881 365 1928 ao
388 1852 522 1952 legem?
548 1854 638 1940 Quid
655 1854 699 1927 de
717 1853 853 1927 Nicolao
871 1855 914 1940 l.,
931 1853 1125 1926 Innocentio
1143 1853 1203 1925 lll.
1220 1869 1253 1927 et

141 1972 297 2069 Gregorio
316 1971 371 2043 lll.
389 1973 448 2072 qui
466 1972 501 2043 in
520 1971 637 2044 cadom
661 1970 754 2044 luere
778 1968 967 2044 senwntia?
984 1969 1067 2042 Nam
1093 1971 1254 2043 lnnooen·

142 2088 210 2159 tius
228 2088 287 2158 lll.
310 2087 444 2173 statuit,
472 2087 563 2186 quod
587 2087 695 2160 Deus:
716 2088 817 2160 «Non
835 2085 919 2159 dixit
945 2102 1012 2159 tras
1035 2083 1089 2158 vel
1115 2085 1250 2183 plures,

142 2201 201 2274 sed
227 2202 312 2275 duo:
343 2227 403 2275 nec
428 2203 513 2277 dixit
537 2203 733 2278 adhaerebit
757 2201 938 2288 uxoribus,
967 2201 1026 2274 sed
1051 2199 1160 2273 uxori
1184 2201 1253 2274 Nec

143 2316 202 2388 ulli
221 2343 381 2417 umquam
404 2317 499 2391 licuit
523 2318 658 2391 insimul
677 2318 790 2417 plurcs
808 2343 929 2391 uxores
947 2315 1091 2401 babere,
1112 2315 1179 2388 nisi
1196 2313 1253 2387 cui

143 2432 205 2504 luit
228 2433 344 2506 divina
368 2434 560 2506 revelatione
585 2459 784 2507 conoessum
810 2435 924 2528 (99);o
940 2447 974 2505 et
995 2429 1175 2527 Gregorius
1192 2429 1250 2500 lx.

143 2547 259 2621 scribit
282 2548 325 2621 de
350 2548 513 2622 Lamech:
537 2549 657 2622 «Dum
678 2575 815 2622 uxorem
839 2573 941 2620 mam
965 2545 1080 2620 divisit
1097 2546 1133 2616 in
1149 2543 1250 2630 duas,

140 2665 382 2762 sanguinarius
411 2664 519 2738 lactus
544 2680 595 2738 est
619 2682 653 2737 et
676 2664 784 2736 virum
817 2665 858 2734 in.
877 2688 976 2735 suum
1010 2658 1133 2733 vulnus
1165 2660 1254 2732 occi·

142 2778 193 2850 lit
207 2782 346 2876 (100).»

214 2893 398 2968 Dicendum
424 2895 515 2969 haud
540 2922 639 2994 aegre
666 2895 749 2968 haec
775 2919 876 2993 posse
898 2892 1053 2990 componi
1072 2890 1254 2964 dummodo

144 3035 223 3107 prae
247 3011 354 3084 oculis
380 3012 444 3085 tria
468 3011 674 3097 habeantur,
696 3036 784 3111 quae
800 3008 898 3082 valde
917 3007 998 3080 hnic
1022 3005 1255 3105 explanandae

144 3127 331 3222 quaestioni
370 3127 582 3213 inserviunt;
623 3153 663 3199 ac
695 3128 802 3225 primo
839 3123 1044 3196 advertimus
1077 3123 1184 3194 Deum
1220 3121 1255 3192 in

145 3240 316 3337 primaeva
348 3242 493 3339 coniugii
527 3241 736 3315 institutione
762 3266 828 3312 non
860 3238 960 3312 modo
992 3235 1190 3337 patefecisse
1213 3263 1254 3308 ex

144 3354 328 3428 intentione
353 3380 393 3427 ac
417 3356 586 3429 voluntate
604 3381 667 3428 sua
683 3355 928 3451 monogamiam
946 3379 1021 3426 esse
1039 3350 1251 3437 servandam,

146 3468 204 3541 sed
230 3485 401 3567 practerea
426 3470 459 3541 id
487 3470 610 3542 clarius
636 3469 742 3542 luisse
768 3469 994 3566 significatum
1019 3493 1079 3566 per
1094 3465 1198 3538 verba
1219 3466 1253 3537 in

218 3658 267 3717 (98)
286 3660 321 3706 De
335 3657 467 3706 exhortet.
478 3660 565 3707 custit.
577 3670 631 3720 cap.
644 3659 687 3706 vl.

217 3737 296 3798 Atque
304 3736 358 3787 heic
368 3736 611 3787 animaduertendum
623 3739 662 3787 est
670 3736 850 3787 Tertullianum
863 3735 966 3785 inlibris
977 3733 1256 3798 quosadversuscatbo·

146 3816 219 3864 licam
240 3815 337 3878 scripsit
356 3816 484 3867 molosiam
504 3816 592 3866 aeritur
613 3816 674 3865 adeo
695 3816 870 3879 perstrinxisse
885 3814 1060 3878 polygamiern,
1080 3817 1109 3862 ut
1128 3812 1257 3863 damnaret

144 3894 263 3945 mundas
279 3896 387 3958 nuptias:
399 3896 519 3959 siquidem
532 3897 582 3960 ipso
594 3896 736 3959 permiscuit
746 3895 907 3959 polygamisnr
917 3895 1078 3945 sooemsirarn
1090 3907 1147 3943 com
1159 3894 1256 3956 polyga-

145 3974 194 4024 mie
213 3975 372 4034 simultaues,
396 3979 422 4024 et
440 3975 510 4037 quasi
528 3974 559 4024 de
579 3989 628 4024 una
649 3974 783 4036 eodemque
803 3987 829 4024 re
850 3979 980 4036 ageretur,
1006 3975 1136 4035 utramque
1156 3971 1258 4022 damnat

143 4058 304 4116 tamquama
327 4056 379 4103 Deo
398 4054 486 4116 quovis
506 4057 616 4117 ternpore
633 4055 743 4104 vetitam.

216 4135 266 4197 (aa)
282 4135 342 4198 cap.
355 4133 516 4194 Gaudemrts,
528 4135 567 4184 tit.
580 4137 646 4185 xlx.
659 4137 695 4185 De
708 4135 843 4195 diuortiis,
855 4147 877 4183 c.
890 4142 913 4184 s.

219 4213 283 4274 (too)
300 4214 375 4276 Epist.
385 4215 428 4263 Vl.
441 4213 472 4263 sd
487 4216 635 4264 Germanum
648 4214 753 4276 archiep.
764 4225 871 4275 praecor.
881 4215 918 4262 De
929 4215 1033 4263 unitate
1044 4211 1174 4263 seruare.
1184 4210 1256 4275 Apud

147 4292 270 4343 Labbrorn
284 4293 381 4344 conco.
391 4296 452 4344 tom.
466 4297 507 4344 xl.
519 4295 581 4357 part.
595 4296 613 4343 1.
627 4295 674 4344 col.
691 4300 744 4344 ³25.
757 4293 796 4342 od.
810 4293 938 4342 Parisions.
