2796 5064
307 393 376 447 cnr.
389 395 423 444 v.
435 394 474 445 nn
492 393 600 445 sonur.
618 394 743 445 rurnnr.
760 395 854 446 unrn.
871 396 942 446 aar.
954 396 976 446 ι.
1121 376 1191 447 ttt

153 514 387 589 Controversia
405 513 489 588 haec
501 530 553 588 est
571 515 655 587 satis
672 512 825 613 antiqua,
841 515 876 585 in
895 541 962 613 qua
980 514 1144 614 ancipites
1156 543 1194 591 se

85 629 246 703 interdum
269 644 399 703 veteres
424 643 536 727 patres
562 627 791 702 ostenderunt.
820 629 907 701 Sane
933 655 962 702 s.
985 629 1193 727 Augustinus

80 745 211 821 scribit:
242 745 336 818 «Sed
361 744 392 818 si
413 771 481 818 non
506 745 617 818 omnis
642 743 816 818 fornicatio
840 746 941 819 etiam
966 747 1108 819 rwecbic
1124 747 1192 821 dici

79 875 208 962 potest,
230 859 288 932 uhi
310 859 355 934 sit
379 859 415 931 in
432 858 598 956 Decalogo
616 858 785 956 pmhihita
806 858 865 931 illa
883 860 1070 948 fornicatio,
1090 887 1193 960 quam

77 977 205 1050 iaciunt
227 976 309 1064 viri,
331 975 390 1076 qui
414 1000 534 1050 uxores
560 1000 626 1046 non
651 975 796 1062 habent,
816 1001 892 1048 cum
908 976 1085 1065 foeminis,
1106 1002 1194 1076 quae

75 1093 232 1165 maritum
254 1117 320 1166 non
343 1091 488 1180 hahent,
516 1108 628 1167 utrum
654 1091 796 1164 inveniri
821 1091 947 1191 possit,
977 1093 1106 1188 ignoro.
1127 1092 1192 1166 Sed

75 1209 104 1281 si
130 1208 210 1280 furti
235 1207 372 1281 nomine
396 1206 481 1281 bene
507 1207 702 1305 intelligitur
732 1207 842 1280 omnis
872 1207 989 1280 illicita
1016 1208 1192 1306 usurpatio

75 1322 122 1394 rei
146 1321 279 1394 alienae
306 1326 391 1417 (non
416 1321 505 1394 enim
530 1323 681 1423 rapinam
708 1321 878 1422 permisit,
899 1321 958 1420 qui
976 1320 1099 1394 lurtum
1118 1348 1191 1420 pro

75 1434 204 1523 hibuit,
229 1436 289 1510 sed
307 1435 425 1535 utique
448 1463 470 1510 a
494 1453 588 1536 parte
613 1453 716 1511 totum
742 1436 883 1535 intelligi
900 1436 1006 1511 voluit
1022 1436 1191 1536 quidquid

75 1576 186 1624 rerum
212 1551 354 1650 proximi
384 1551 580 1648 aufertur),
609 1552 756 1652 prolecto
789 1569 823 1626 et
851 1553 985 1626 nomine
1019 1550 1191 1626 moechiae

73 1667 184 1741 omnis
207 1666 344 1741 illicitus
369 1668 565 1742 concubitus
591 1685 691 1767 atque
716 1666 848 1741 illorum
874 1667 1096 1740 membrorum
1122 1692 1190 1740 non

72 1779 243 1879 logitimus
266 1806 350 1854 usus
375 1781 563 1880 prohibitus
588 1783 688 1856 debet
716 1782 855 1881 intelligi
880 1785 981 1878 (6).»
1009 1781 1065 1854 Sic
1086 1780 1187 1854 etiam

72 1923 103 1970 s.
122 1895 350 1998 Hieronymus
377 1897 529 1972 scribens
554 1898 598 1971 ad
623 1897 811 1971 Amandum
843 1897 1075 1997 presbyterum
1105 1896 1189 1970 haec

73 2010 199 2086 hahet:
232 2011 431 2099 «Quamdiu
454 2013 537 2086 vivit
560 2013 631 2102 vir,
653 2011 731 2086 licet
746 2012 877 2086 adulter
900 2011 966 2099 sit,
986 2011 1065 2084 licet
1088 2009 1190 2085 sodo-

71 2127 175 2215 mita,
204 2125 282 2201 licet
301 2127 440 2224 flagitiis
466 2127 622 2202 omnibus
649 2144 844 2228 coopertus,
868 2143 901 2201 et
925 2126 968 2201 ab
993 2152 1096 2200 uxore
1114 2152 1191 2226 pro·

65 2256 141 2340 pter
167 2242 244 2315 hoec
276 2242 398 2314 scelera
423 2241 611 2329 derelictos,
648 2244 788 2318 maritus
813 2243 887 2317 eius
914 2257 1106 2343 reputatur,
1133 2241 1189 2315 cui

70 2355 212 2429 alterum
236 2357 346 2447 virum
372 2357 524 2457 accipere
549 2385 615 2432 non
641 2357 718 2432 licet
738 2361 834 2455 (7).»
856 2357 987 2444 Quibus
1003 2357 1132 2445 verbis,
1152 2371 1190 2430 ut

69 2486 178 2570 patet,
200 2497 230 2544 s.
246 2472 367 2545 Doctor
383 2497 449 2544 non
462 2471 505 2545 ob
523 2472 631 2546 solum
649 2472 850 2546 adulterium
864 2499 981 2572 presse
998 2487 1184 2570 sumptum,

68 2586 129 2660 sed
153 2585 198 2659 oh
223 2586 291 2659 alin
320 2587 450 2684 flagitia
475 2588 586 2686 quoad
618 2603 725 2661 torum
758 2614 978 2686 mensamque
1011 2586 1054 2659 ab
1084 2610 1188 2659 uxore

67 2701 224 2774 maritum
250 2701 359 2775 deseri
384 2727 504 2801 posse,
537 2728 727 2802 supponere
758 2702 914 2790 videtur,
942 2702 1093 2800 adeoque
1120 2698 1186 2773 sub

66 2815 301 2905 lomicationis
326 2843 387 2891 seu
405 2818 577 2892 moechiae
599 2818 734 2891 nomine
755 2833 864 2892 cetera
880 2817 1023 2890 crimina
1038 2841 1187 2915 compre·

66 2930 192 3021 hendi‚
219 2931 344 3031 quibus
370 2932 517 3031 legitime
542 2933 735 3031 coniugium
762 2931 902 3005 dissolvi
929 2931 1047 3030 possit.

106 3130 109 3134 Α
141 3045 214 3120 Nou
239 3047 351 3121 minus
372 3049 550 3148 perspicue
572 3049 607 3121 id
628 3050 739 3149 ipsum
758 3075 786 3121 s.
808 3049 958 3122 lsidorus
976 3045 1185 3145 hispalensis

65 3161 200 3236 tradere
223 3163 354 3236 ridetur
378 3164 459 3237 dum
484 3165 545 3239 ait:
579 3164 733 3238 «Omnis
759 3162 934 3236 immunda
958 3161 1097 3263 pollutio
1121 3162 1185 3236 lor·

65 3277 192 3364 nicatio
213 3277 354 3366 dicitur,
380 3279 535 3378 quamvis
560 3280 707 3378 quisque
731 3278 864 3351 diversa
891 3277 1109 3377 turpitudinis
1127 3303 1186 3353 vo-

64 3388 195 3491 luptate
220 3393 451 3491 prostituatur.
484 3394 534 3466 Ex
563 3393 783 3467 delectatione
809 3394 899 3465 enim
917 3393 1105 3467 fornicandi
1130 3420 1186 3467 va·

64 3507 119 3579 ria
143 3507 326 3605 gignuntur
354 3509 500 3606 flagitia,
521 3509 646 3609 quibus
674 3527 707 3583 et
733 3536 871 3607 regnum
903 3510 962 3582 Dei
994 3509 1181 3596 clauditur,

62 3638 98 3696 et
123 3622 225 3697 horno
250 3650 270 3696 a
295 3625 364 3713 Deo
390 3641 564 3723 separatur
585 3628 648 3721 (8).
668 3655 685 3695 n
713 3625 756 3698 Et
781 3625 838 3698 alii
865 3625 1005 3724 passim.

136 3737 259 3810 Verum
282 3738 338 3811 vix
356 3738 510 3811 dubitare
528 3740 579 3814 las
597 3756 669 3827 est,
691 3740 725 3811 in
744 3739 914 3813 substrata
931 3740 1070 3812 materie
1087 3737 1184 3810 adul·

61 3853 139 3927 terii
165 3878 279 3927 vocem
306 3854 455 3952 rigoroso
481 3881 584 3929 seusu
609 3881 686 3930 esse
709 3855 962 3954 accipiendam,
983 3868 1183 3927 nouantem

140 4112 177 4174 (a)
194 4114 290 4169 Quaem
311 4116 340 4164 tn
360 4115 446 4166 Excd.
466 4116 561 4179 quaest.
575 4119 660 4166 Lxxt.
673 4129 698 4166 n.
711 4120 734 4167 4.

141 4193 176 4254 (7)
193 4193 237 4241 Ed.
250 4194 355 4245 vallars.
368 4209 407 4258 ep.
422 4198 472 4246 LV.
489 4197 522 4246 al.
534 4198 652 4247 chvtt.
665 4210 690 4247 n.
704 4204 727 4247 ι.

139 4271 175 4335 (a)
192 4272 246 4322 Lib.
262 4274 292 4324 lt.
307 4277 464 4326 sententiar.
485 4289 527 4326 seu
551 4279 588 4327 De
605 4289 708 4328 summo
730 4276 813 4341 horto,
829 4289 882 4341 cap.
896 4276 1006 4326 xxxix.
1023 4287 1048 4324 u.
1065 4281 1102 4325 te.
1114 4277 1178 4338 opp.

59 4351 103 4403 ed.
120 4351 226 4404 trevali.
241 4355 333 4406 Romae
351 4362 419 4409 1802.
436 4357 495 4407 tom.
512 4358 552 4407 vt.
569 4370 594 4419 p.
610 4359 664 4408 245.
