2796 5064
248 348 318 420 iol
374 370 437 421 cm.
450 370 502 421 ιιι.
524 369 612 420 secr.
633 369 765 419 sacrm.
785 369 826 418 nr
852 369 964 420 mniss.
981 368 1077 421 ιιιιι.
1094 357 1217 423 cnmsr.

690 522 901 580 ensiculus
915 524 937 580 l.

297 667 341 730 llo
360 670 482 729 veritate
500 666 648 728 doctrinae
668 667 828 728 catholicae
848 670 929 728 circa
949 667 1170 728 dissolutionem
1192 669 1295 729 vinculi

251 758 254 765 ’
390 764 550 844 coniugalis
572 781 622 842 per
642 764 798 825 solemnem
820 765 968 843 religionis
989 766 1205 842 professionem

643 863 761 924 alterius
781 865 950 941 coniugum.

314 1056 429 1130 Sermo
454 1054 510 1128 hic
534 1071 587 1128 est
603 1053 646 1128 de
671 1054 884 1129 matrimonio
903 1081 980 1129 rore
997 1081 1037 1129 ac
1059 1081 1181 1153 presse
1206 1074 1343 1156 sumpto,

241 1171 394 1269 adeoque
418 1169 461 1242 de
485 1195 565 1243 vero
589 1187 623 1243 et
647 1171 783 1269 proprio
809 1186 1032 1258 sacramento,
1060 1198 1141 1244 cum
1165 1189 1285 1270 agatur
1311 1172 1348 1243 dc

240 1286 455 1361 matrimonio
480 1284 566 1358 inter
590 1284 707 1359 fideles
732 1285 921 1384 baptizatos
937 1286 1031 1361 inito.
1053 1288 1162 1387 ldque
1185 1289 1232 1361 ad
1248 1288 1348 1362 exclu-

241 1400 386 1474 dendam
411 1399 616 1497 singularem
642 1398 823 1475 Maidonati
853 1399 1071 1487 sententiam,
1099 1402 1195 1500 quod
1231 1401 1349 1476 seilicet

241 1516 328 1590 sacri
354 1541 536 1603 canones„
555 1541 594 1589 ac
625 1533 801 1616 pmpterea
829 1533 863 1590 at
893 1542 1000 1590 canon
1032 1517 1258 1606 nilominus,
1291 1545 1348 1591 non

240 1628 423 1731 loquantur
446 1630 514 1705 nisi
539 1630 582 1705 de
606 1630 837 1718 matrimonio,
864 1631 955 1731 quod
979 1657 1094 1704 verum
1122 1634 1262 1733 pmprie
1289 1659 1348 1707 non

241 1746 305 1833 sit,
335 1771 396 1820 nec
420 1772 536 1821 rerum
567 1762 824 1820 sacramentum.
847 1745 1022 1832 Quomodo
1052 1747 1144 1819 enim
1177 1749 1347 1822 concilium

242 1860 459 1936 tridentinum
487 1861 650 1960 potuisset
674 1859 844 1960 appellare
872 1862 1116 1934 matrinmnium
1146 1861 1236 1934 illud
1266 1862 1348 1961 quod

241 1989 349 2050 ratum
367 1992 495 2050 tantum
513 1993 583 2064 cst,
603 1975 746 2049 neudum
765 1991 1045 2060 consummatum,
1056 1975 1086 2048 si
1106 1975 1195 2048 iilud
1213 2003 1280 2050 non
1296 1977 1350 2048 ha·

240 2089 372 2165 buisset
395 2107 432 2164 ut
455 2118 571 2166 samm
589 2090 857 2178 matrimonium,
877 2117 1060 2191 rerumque
1087 2109 1344 2175 sacramentnm,

240 2230 317 2279 cum
341 2221 532 2278 constanter
556 2205 592 2276 in
617 2221 685 2278 tota
710 2204 774 2277 hac
799 2205 951 2279 sessione
975 2204 1065 2278 hanc
1088 2230 1211 2278 vocem
1239 2206 1349 2304 iugiter

240 2317 275 2390 in
295 2318 429 2420 pmpn'a
444 2344 484 2392 ac
502 2317 652 2415 rigorosa
668 2317 914 2415 significatione
930 2317 1178 2418 usurpaverit?
1191 2319 1265 2394 Hoc
1280 2345 1348 2393 rere

239 2432 402 2508 absonum
420 2450 497 2521 est,
527 2433 621 2507 acsi
647 2432 750 2507 semel
777 2432 1021 2520 admitteretur,
1049 2437 1106 2507 uix
1132 2459 1201 2508 non
1228 2453 1349 2508 nutaret

238 2550 396 2625 universa
420 2549 572 2623 eiusdem
598 2549 730 2623 concilii
756 2549 917 2622 doctrina.

312 2666 414 2739 Hisce
440 2667 636 2765 praemissis
669 2666 787 2738 merito
819 2666 1037 2738 tridentinum
1061 2665 1263 2740 definivisse
1285 2668 1347 2738 dis·

238 2780 322 2856 solvi
349 2779 543 2876 coniugium
570 2795 676 2851 ratum
704 2778 853 2851 fidelium
879 2806 939 2878 per
957 2780 1204 2878 professionem
1224 2782 1346 2878 religio

239 2922 310 2968 sam
336 2911 428 2995 patet
452 2923 492 2968 ex
518 2922 618 2968 sensu
647 2895 851 2968 traditiunaii
881 2896 982 2968 totius
1014 2895 1268 2970 ecclesiasticae
1295 2923 1347 2968 an-

239 3011 417 3110 tiquitatis.
449 3010 623 3110 Siquidem
650 3009 706 3083 hic
731 3037 853 3084 sensus
883 3011 926 3083 ab
961 3012 1220 3086 immemorabili
1250 3013 1348 3110 viguit

238 3123 272 3195 in
299 3125 441 3198 ecclesia
465 3126 665 3210 christiana,
694 3141 731 3197 ut
761 3125 897 3199 maioris
929 3126 1142 3224 perfectionis
1175 3128 1347 3201 sectandae

238 3238 344 3332 gratia
372 3239 443 3311 sire
469 3239 659 3338 sponsalia,
689 3240 760 3312 sive
777 3241 987 3314 matrimonia
1006 3258 1075 3312 rata
1096 3242 1344 3326 dirimerentur,

238 3369 275 3425 ut
293 3368 421 3451 pateret
438 3355 549 3427 aditus
568 3355 609 3427 ad
628 3355 768 3428 consilia
786 3356 976 3452 evangelica
995 3358 1199 3454 profitenda.
1217 3357 1344 3433 Rotnani

237 3470 413 3568 pontifices
439 3470 533 3543 filum
560 3472 747 3546 traditionis
775 3472 879 3546 secuti
898 3473 1032 3546 nonnisi
1059 3474 1224 3547 rationem
1247 3476 1346 3547 deter-

237 3586 472 3672 minaverunt,
505 3603 538 3659 et
571 3589 799 3674 conditiones,
833 3615 901 3687 quo
936 3589 995 3661 rite
1021 3588 1057 3658 id
1087 3588 1205 3675 lieret,
1242 3607 1347 3688 utpote

236 3701 384 3800 supremi
412 3701 445 3771 in
472 3701 615 3774 eeclesia
646 3702 883 3775 moderatores.
906 3703 990 3776 Fieri
1020 3704 1112 3775 enim
1143 3721 1289 3803 poterat,
1316 3720 1363 3774 ut*

237 3814 364 3888 abusus
390 3814 605 3912 obreperent,
636 3816 664 3889 si
696 3842 749 3890 res
781 3817 985 3915 privatorum
1014 3817 1154 3891 arbitrio
1187 3819 1347 3918 relinque-

239 3947 339 4004 retur.
362 3931 514 4004 Ceterum
540 3934 611 4005 suis
638 3933 870 4006 sanctionibus
888 3933 974 4005 nihil
992 3934 1068 4006 novi
1092 3937 1221 4007 summi
1245 3935 1346 4035 ponti-

236 4047 317 4119 lices
344 4047 537 4119 intulerunt.

308 4161 404 4234 Hunc
429 4189 508 4235 vero
526 4189 662 4236 sensum
683 4162 928 4236 traditionalem
946 4163 1098 4260 viguisse
1116 4164 1161 4236 ab
1189 4165 1347 4266 antiquis·

238 4274 323 4349 sima
348 4294 471 4365 aetate,
505 4279 603 4352 facile
628 4279 912 4377 deprehendimus
937 4306 976 4352 ex
1008 4294 1057 4352 tot
1086 4281 1256 4380 exemplis
1287 4280 1347 4352 iliis
