<?xml version="1.0" encoding="UTF-8"?>
<!DOCTYPE html PUBLIC "-//W3C//DTD XHTML 1.0 Transitional//EN"
    "http://www.w3.org/TR/xhtml1/DTD/xhtml1-transitional.dtd">
<html xmlns="http://www.w3.org/1999/xhtml" xml:lang="en" lang="en">
 <head>
  <title>
</title>
<meta http-equiv="Content-Type" content="text/html;charset=utf-8" />
  <meta name='ocr-system' content='tesseract 3.04.00' />
  <meta name='ocr-capabilities' content='ocr_page ocr_carea ocr_par ocr_line ocrx_word'/>
</head>
<body>
  <div class='ocr_page' id='page_1' title='image "./dematrimoniochr01perrgoog_0514.png"; bbox 0 0 2796 5064; ppageno 0'>
   <div class='ocr_carea' id='block_1_1' title="bbox 178 353 1170 436">
    <p class='ocr_par' dir='ltr' id='par_1_1' title="bbox 178 353 1170 436">
     <span class='ocr_line' id='line_1_1' title="bbox 178 353 1170 436; baseline -0.004 -9"><span class='ocrx_word' id='word_1_1' title='bbox 178 370 1048 436; x_wconf 62' lang='lat' dir='ltr'><strong>struanenusmsrn.mannonconsunrsanarr.</strong></span> <span class='ocrx_word' id='word_1_2' title='bbox 1104 353 1170 424; x_wconf 77' lang='lat' dir='ltr'><strong>itt</strong></span> 
     </span>
    </p>
   </div>
   <div class='ocr_carea' id='block_1_2' title="bbox 54 492 1180 2097">
    <p class='ocr_par' dir='ltr' id='par_1_2' title="bbox 54 492 1178 1288">
     <span class='ocr_line' id='line_1_2' title="bbox 55 492 1177 595; baseline -0.005 -23"><span class='ocrx_word' id='word_1_3' title='bbox 55 498 155 572; x_wconf 87' lang='lat' dir='ltr'><strong>sitae.</strong></span> <span class='ocrx_word' id='word_1_4' title='bbox 177 497 314 583; x_wconf 84' lang='lat' dir='ltr'><strong>Verum,</strong></span> <span class='ocrx_word' id='word_1_5' title='bbox 334 492 426 594; x_wconf 89' lang='lat' dir='ltr'><strong>quod</strong></span> <span class='ocrx_word' id='word_1_6' title='bbox 449 508 549 591; x_wconf 89' lang='lat' dir='ltr'><strong>caput</strong></span> <span class='ocrx_word' id='word_1_7' title='bbox 567 509 637 579; x_wconf 92' lang='lat' dir='ltr'><strong>est,</strong></span> <span class='ocrx_word' id='word_1_8' title='bbox 658 493 824 567; x_wconf 90' lang='lat' dir='ltr'><strong>eiusmodi</strong></span> <span class='ocrx_word' id='word_1_9' title='bbox 845 493 987 592; x_wconf 86' lang='lat' dir='ltr'><strong>epistola</strong></span> <span class='ocrx_word' id='word_1_10' title='bbox 1005 520 1094 595; x_wconf 85' lang='lat' dir='ltr'><strong>quae</strong></span> <span class='ocrx_word' id='word_1_11' title='bbox 1112 492 1177 568; x_wconf 90' lang='lat' dir='ltr'><strong>sub</strong></span> 
     </span>
     <span class='ocr_line' id='line_1_3' title="bbox 54 606 1177 709; baseline 0 -26"><span class='ocrx_word' id='word_1_12' title='bbox 54 609 185 685; x_wconf 89' lang='lat' dir='ltr'><strong>Nicolai</strong></span> <span class='ocrx_word' id='word_1_13' title='bbox 211 609 347 684; x_wconf 89' lang='lat' dir='ltr'><strong>nomine</strong></span> <span class='ocrx_word' id='word_1_14' title='bbox 372 635 393 681; x_wconf 90' lang='lat' dir='ltr'><strong>a</strong></span> <span class='ocrx_word' id='word_1_15' title='bbox 418 606 575 680; x_wconf 86' lang='lat' dir='ltr'><strong>Gratiano</strong></span> <span class='ocrx_word' id='word_1_16' title='bbox 600 607 781 705; x_wconf 76' lang='lat' dir='ltr'><strong>profertur,</strong></span> <span class='ocrx_word' id='word_1_17' title='bbox 813 625 865 682; x_wconf 90' lang='lat' dir='ltr'><strong>est</strong></span> <span class='ocrx_word' id='word_1_18' title='bbox 885 609 1021 682; x_wconf 90' lang='lat' dir='ltr'><strong>omnino</strong></span> <span class='ocrx_word' id='word_1_19' title='bbox 1038 635 1177 709; x_wconf 80' lang='lat' dir='ltr'><strong>apocry-</strong></span> 
     </span>
     <span class='ocr_line' id='line_1_4' title="bbox 56 721 1173 826; baseline -0.001 -27"><span class='ocrx_word' id='word_1_20' title='bbox 56 726 147 826; x_wconf 88' lang='lat' dir='ltr'><strong>pha,</strong></span> <span class='ocrx_word' id='word_1_21' title='bbox 164 742 197 799; x_wconf 90' lang='lat' dir='ltr'><strong>ei</strong></span> <span class='ocrx_word' id='word_1_22' title='bbox 213 752 253 798; x_wconf 84' lang='lat' dir='ltr'><strong>ex</strong></span> <span class='ocrx_word' id='word_1_23' title='bbox 272 725 338 798; x_wconf 95' lang='lat' dir='ltr'><strong>huc</strong></span> <span class='ocrx_word' id='word_1_24' title='bbox 356 723 503 823; x_wconf 89' lang='lat' dir='ltr'><strong>illucque</strong></span> <span class='ocrx_word' id='word_1_25' title='bbox 520 721 669 796; x_wconf 82' lang='lat' dir='ltr'><strong>collectis</strong></span> <span class='ocrx_word' id='word_1_26' title='bbox 688 724 884 822; x_wconf 74' lang='lat' dir='ltr'><strong>fragmentis</strong></span> <span class='ocrx_word' id='word_1_27' title='bbox 903 742 1042 798; x_wconf 90' lang='lat' dir='ltr'><strong>consuta</strong></span> <span class='ocrx_word' id='word_1_28' title='bbox 1058 726 1173 821; x_wconf 74' lang='lat'><strong>(130).</strong></span> 
     </span>
     <span class='ocr_line' id='line_1_5' title="bbox 56 839 1174 942; baseline -0.001 -27"><span class='ocrx_word' id='word_1_29' title='bbox 56 841 158 928; x_wconf 80' lang='lat' dir='ltr'><strong>Quod</strong></span> <span class='ocrx_word' id='word_1_30' title='bbox 183 840 319 942; x_wconf 89' lang='lat' dir='ltr'><strong>quidem</strong></span> <span class='ocrx_word' id='word_1_31' title='bbox 346 839 462 914; x_wconf 90' lang='lat' dir='ltr'><strong>Pontio</strong></span> <span class='ocrx_word' id='word_1_32' title='bbox 488 853 602 937; x_wconf 88' lang='lat' dir='ltr'><strong>utpote</strong></span> <span class='ocrx_word' id='word_1_33' title='bbox 626 839 808 940; x_wconf 75' lang='lat' dir='ltr'><strong>antiquiori</strong></span> <span class='ocrx_word' id='word_1_34' title='bbox 835 841 963 915; x_wconf 89' lang='lat' dir='ltr'><strong>auctori</strong></span> <span class='ocrx_word' id='word_1_35' title='bbox 989 840 1174 927; x_wconf 85' lang='lat' dir='ltr'><strong>exciderit,</strong></span> 
     </span>
     <span class='ocr_line' id='line_1_6' title="bbox 57 955 1178 1044; baseline -0.003 -15"><span class='ocrx_word' id='word_1_36' title='bbox 57 956 182 1029; x_wconf 90' lang='lat' dir='ltr'><strong>mirum</strong></span> <span class='ocrx_word' id='word_1_37' title='bbox 206 982 283 1029; x_wconf 89' lang='lat' dir='ltr'><strong>esse</strong></span> <span class='ocrx_word' id='word_1_38' title='bbox 308 982 373 1030; x_wconf 93' lang='lat' dir='ltr'><strong>non</strong></span> <span class='ocrx_word' id='word_1_39' title='bbox 400 955 517 1044; x_wconf 89' lang='lat' dir='ltr'><strong>debet;</strong></span> <span class='ocrx_word' id='word_1_40' title='bbox 542 974 597 1031; x_wconf 89' lang='lat' dir='ltr'><strong>ast</strong></span> <span class='ocrx_word' id='word_1_41' title='bbox 622 955 736 1027; x_wconf 89' lang='lat' dir='ltr'><strong>mirari</strong></span> <span class='ocrx_word' id='word_1_42' title='bbox 758 955 876 1028; x_wconf 89' lang='lat' dir='ltr'><strong>subest</strong></span> <span class='ocrx_word' id='word_1_43' title='bbox 893 955 958 1028; x_wconf 91' lang='lat' dir='ltr'><strong>hoc</strong></span> <span class='ocrx_word' id='word_1_44' title='bbox 978 981 1045 1028; x_wconf 90' lang='lat' dir='ltr'><strong>non</strong></span> <span class='ocrx_word' id='word_1_45' title='bbox 1063 956 1178 1029; x_wconf 74' lang='lat' dir='ltr'><strong>adven</strong></span> 
     </span>
     <span class='ocr_line' id='line_1_7' title="bbox 56 1069 1178 1174; baseline -0.001 -31"><span class='ocrx_word' id='word_1_46' title='bbox 56 1072 141 1145; x_wconf 84' lang='lat' dir='ltr'><strong>iisse</strong></span> <span class='ocrx_word' id='word_1_47' title='bbox 153 1070 341 1158; x_wconf 84' lang='lat' dir='ltr'><strong>Collatum,</strong></span> <span class='ocrx_word' id='word_1_48' title='bbox 362 1072 420 1173; x_wconf 92' lang='lat' dir='ltr'><strong>qui</strong></span> <span class='ocrx_word' id='word_1_49' title='bbox 439 1072 632 1174; x_wconf 77' lang='lat' dir='ltr'><strong>ceteroquin</strong></span> <span class='ocrx_word' id='word_1_50' title='bbox 652 1088 830 1145; x_wconf 90' lang='lat' dir='ltr'><strong>accuratus</strong></span> <span class='ocrx_word' id='word_1_51' title='bbox 848 1096 924 1143; x_wconf 88' lang='lat' dir='ltr'><strong>csse</strong></span> <span class='ocrx_word' id='word_1_52' title='bbox 942 1069 1038 1142; x_wconf 89' lang='lat' dir='ltr'><strong>solet.</strong></span> <span class='ocrx_word' id='word_1_53' title='bbox 1060 1070 1178 1169; x_wconf 90' lang='lat' dir='ltr'><strong>ltaque</strong></span> 
     </span>
     <span class='ocr_line' id='line_1_8' title="bbox 55 1185 869 1288; baseline -0.004 -28"><span class='ocrx_word' id='word_1_54' title='bbox 55 1185 216 1260; x_wconf 87' lang='lat' dir='ltr'><strong>Nicolaus</strong></span> <span class='ocrx_word' id='word_1_55' title='bbox 244 1187 288 1259; x_wconf 88' lang='lat' dir='ltr'><strong>ab</strong></span> <span class='ocrx_word' id='word_1_56' title='bbox 315 1187 379 1262; x_wconf 90' lang='lat' dir='ltr'><strong>hoc</strong></span> <span class='ocrx_word' id='word_1_57' title='bbox 406 1213 509 1262; x_wconf 88' lang='lat' dir='ltr'><strong>censu</strong></span> <span class='ocrx_word' id='word_1_58' title='bbox 535 1187 779 1288; x_wconf 80' lang='lat' dir='ltr'><strong>expungendus</strong></span> <span class='ocrx_word' id='word_1_59' title='bbox 805 1201 869 1259; x_wconf 90' lang='lat' dir='ltr'><strong>est.</strong></span> 
     </span>
    </p>

    <p class='ocr_par' dir='ltr' id='par_1_3' title="bbox 55 1298 1180 2097">
     <span class='ocr_line' id='line_1_9' title="bbox 135 1298 1178 1404; baseline -0.002 -30"><span class='ocrx_word' id='word_1_60' title='bbox 135 1302 226 1375; x_wconf 82' lang='lat' dir='ltr'><strong>Alter</strong></span> <span class='ocrx_word' id='word_1_61' title='bbox 244 1303 414 1391; x_wconf 80' lang='lat' dir='ltr'><strong>Pontifex,</strong></span> <span class='ocrx_word' id='word_1_62' title='bbox 441 1305 501 1404; x_wconf 90' lang='lat' dir='ltr'><strong>qui</strong></span> <span class='ocrx_word' id='word_1_63' title='bbox 528 1304 714 1379; x_wconf 88' lang='lat' dir='ltr'><strong>contrarius</strong></span> <span class='ocrx_word' id='word_1_64' title='bbox 740 1301 935 1402; x_wconf 89' lang='lat' dir='ltr'><strong>perhibetur</strong></span> <span class='ocrx_word' id='word_1_65' title='bbox 959 1317 1011 1375; x_wconf 86' lang='lat' dir='ltr'><strong>est</strong></span> <span class='ocrx_word' id='word_1_66' title='bbox 1035 1298 1178 1373; x_wconf 82' lang='lat' dir='ltr'><strong>Alexan·</strong></span> 
     </span>
     <span class='ocr_line' id='line_1_10' title="bbox 56 1414 1178 1519; baseline -0.002 -28"><span class='ocrx_word' id='word_1_67' title='bbox 56 1419 119 1491; x_wconf 90' lang='lat' dir='ltr'><strong>der</strong></span> <span class='ocrx_word' id='word_1_68' title='bbox 136 1418 196 1489; x_wconf 89' lang='lat' dir='ltr'><strong>Ill.</strong></span> <span class='ocrx_word' id='word_1_69' title='bbox 218 1418 316 1493; x_wconf 92' lang='lat' dir='ltr'><strong>cuius</strong></span> <span class='ocrx_word' id='word_1_70' title='bbox 341 1444 362 1491; x_wconf 93' lang='lat' dir='ltr'><strong>a</strong></span> <span class='ocrx_word' id='word_1_71' title='bbox 388 1421 506 1494; x_wconf 87' lang='lat' dir='ltr'><strong>Pontio</strong></span> <span class='ocrx_word' id='word_1_72' title='bbox 531 1438 676 1519; x_wconf 92' lang='lat' dir='ltr'><strong>quatuor</strong></span> <span class='ocrx_word' id='word_1_73' title='bbox 699 1419 765 1492; x_wconf 91' lang='lat' dir='ltr'><strong>hac</strong></span> <span class='ocrx_word' id='word_1_74' title='bbox 790 1418 833 1492; x_wconf 90' lang='lat' dir='ltr'><strong>de</strong></span> <span class='ocrx_word' id='word_1_75' title='bbox 858 1444 894 1491; x_wconf 89' lang='lat' dir='ltr'><strong>re</strong></span> <span class='ocrx_word' id='word_1_76' title='bbox 915 1415 1104 1514; x_wconf 76' lang='lat' dir='ltr'><strong>allegantur</strong></span> <span class='ocrx_word' id='word_1_77' title='bbox 1119 1414 1178 1489; x_wconf 79' lang='lat' dir='ltr'><strong>de-</strong></span> 
     </span>
     <span class='ocr_line' id='line_1_11' title="bbox 55 1533 1174 1634; baseline -0.003 -28"><span class='ocrx_word' id='word_1_78' title='bbox 55 1551 149 1607; x_wconf 88' lang='lat' dir='ltr'><strong>creta</strong></span> <span class='ocrx_word' id='word_1_79' title='bbox 167 1560 208 1606; x_wconf 86' lang='lat' dir='ltr'><strong>ex</strong></span> <span class='ocrx_word' id='word_1_80' title='bbox 225 1535 413 1634; x_wconf 83' lang='lat' dir='ltr'><strong>appendice</strong></span> <span class='ocrx_word' id='word_1_81' title='bbox 430 1536 566 1609; x_wconf 90' lang='lat' dir='ltr'><strong>concilii</strong></span> <span class='ocrx_word' id='word_1_82' title='bbox 585 1533 876 1609; x_wconf 86' lang='lat' dir='ltr'><strong>lateranensislll.</strong></span> <span class='ocrx_word' id='word_1_83' title='bbox 896 1559 970 1634; x_wconf 87' lang='lat' dir='ltr'><strong>par.</strong></span> <span class='ocrx_word' id='word_1_84' title='bbox 985 1533 1023 1603; x_wconf 85' lang='lat' dir='ltr'><strong>V.</strong></span> <span class='ocrx_word' id='word_1_85' title='bbox 1040 1534 1117 1631; x_wconf 90' lang='lat' dir='ltr'><strong>cap.</strong></span> <span class='ocrx_word' id='word_1_86' title='bbox 1136 1534 1174 1624; x_wconf 82' lang='lat'><strong>8.</strong></span> 
     </span>
     <span class='ocr_line' id='line_1_12' title="bbox 57 1649 1173 1751; baseline 0 -31"><span class='ocrx_word' id='word_1_87' title='bbox 57 1651 167 1747; x_wconf 83' lang='lat' dir='ltr'><strong>Super</strong></span> <span class='ocrx_word' id='word_1_88' title='bbox 191 1650 265 1735; x_wconf 86' lang='lat' dir='ltr'><strong>ltoc;</strong></span> <span class='ocrx_word' id='word_1_89' title='bbox 285 1676 360 1750; x_wconf 87' lang='lat' dir='ltr'><strong>cap.</strong></span> <span class='ocrx_word' id='word_1_90' title='bbox 383 1653 442 1723; x_wconf 80' lang='lat' dir='ltr'><strong>ti.</strong></span> <span class='ocrx_word' id='word_1_91' title='bbox 465 1653 567 1724; x_wconf 84' lang='lat' dir='ltr'><strong>Porro</strong></span> <span class='ocrx_word' id='word_1_92' title='bbox 583 1654 616 1725; x_wconf 83' lang='lat' dir='ltr'><strong>ei</strong></span> <span class='ocrx_word' id='word_1_93' title='bbox 633 1654 693 1751; x_wconf 80' lang='lat' dir='ltr'><strong>qui</strong></span> <span class='ocrx_word' id='word_1_94' title='bbox 714 1653 768 1724; x_wconf 84' lang='lat' dir='ltr'><strong>air</strong></span> <span class='ocrx_word' id='word_1_95' title='bbox 792 1665 823 1723; x_wconf 90' lang='lat' dir='ltr'><strong>et</strong></span> <span class='ocrx_word' id='word_1_96' title='bbox 846 1649 987 1735; x_wconf 57' lang='lat' dir='ltr'><strong>maliem·</strong></span> <span class='ocrx_word' id='word_1_97' title='bbox 1015 1674 1091 1747; x_wconf 87' lang='lat' dir='ltr'><strong>cap.</strong></span> <span class='ocrx_word' id='word_1_98' title='bbox 1114 1650 1173 1720; x_wconf 85' lang='lat'><strong>18.</strong></span> 
     </span>
     <span class='ocr_line' id='line_1_13' title="bbox 55 1764 1179 1867; baseline 0.001 -32"><span class='ocrx_word' id='word_1_99' title='bbox 55 1764 284 1838; x_wconf 77' lang='lat' dir='ltr'><strong>Sollicitudiai</strong></span> <span class='ocrx_word' id='word_1_100' title='bbox 301 1781 393 1852; x_wconf 88' lang='lat' dir='ltr'><strong>tuae,</strong></span> <span class='ocrx_word' id='word_1_101' title='bbox 422 1781 456 1840; x_wconf 89' lang='lat' dir='ltr'><strong>et</strong></span> <span class='ocrx_word' id='word_1_102' title='bbox 472 1794 547 1867; x_wconf 90' lang='lat' dir='ltr'><strong>cap.</strong></span> <span class='ocrx_word' id='word_1_103' title='bbox 570 1769 628 1839; x_wconf 78' lang='lat'><strong>22.</strong></span> <span class='ocrx_word' id='word_1_104' title='bbox 650 1769 755 1864; x_wconf 83' lang='lat' dir='ltr'><strong>Super</strong></span> <span class='ocrx_word' id='word_1_105' title='bbox 778 1792 831 1850; x_wconf 87' lang='lat' dir='ltr'><strong>eu,</strong></span> <span class='ocrx_word' id='word_1_106' title='bbox 859 1765 893 1836; x_wconf 92' lang='lat' dir='ltr'><strong>in</strong></span> <span class='ocrx_word' id='word_1_107' title='bbox 920 1764 1066 1865; x_wconf 81' lang='lat' dir='ltr'><strong>quibus,</strong></span> <span class='ocrx_word' id='word_1_108' title='bbox 1087 1764 1179 1837; x_wconf 85' lang='lat' dir='ltr'><strong>iuxta</strong></span> 
     </span>
     <span class='ocr_line' id='line_1_14' title="bbox 55 1879 1180 1982; baseline 0 -30"><span class='ocrx_word' id='word_1_109' title='bbox 55 1881 170 1980; x_wconf 89' lang='lat' dir='ltr'><strong>ipsum</strong></span> <span class='ocrx_word' id='word_1_110' title='bbox 198 1906 351 1957; x_wconf 90' lang='lat' dir='ltr'><strong>summus</strong></span> <span class='ocrx_word' id='word_1_111' title='bbox 376 1882 434 1956; x_wconf 89' lang='lat' dir='ltr'><strong>hic</strong></span> <span class='ocrx_word' id='word_1_112' title='bbox 453 1884 602 1957; x_wconf 81' lang='lat' dir='ltr'><strong>Pontifex</strong></span> <span class='ocrx_word' id='word_1_113' title='bbox 620 1881 777 1982; x_wconf 81' lang='lat' dir='ltr'><strong>patefecit</strong></span> <span class='ocrx_word' id='word_1_114' title='bbox 793 1907 831 1955; x_wconf 86' lang='lat' dir='ltr'><strong>se</strong></span> <span class='ocrx_word' id='word_1_115' title='bbox 848 1879 906 1954; x_wconf 88' lang='lat' dir='ltr'><strong>tali</strong></span> <span class='ocrx_word' id='word_1_116' title='bbox 926 1896 1087 1981; x_wconf 85' lang='lat' dir='ltr'><strong>potestate</strong></span> <span class='ocrx_word' id='word_1_117' title='bbox 1108 1879 1180 1952; x_wconf 90' lang='lat' dir='ltr'><strong>dis-</strong></span> 
     </span>
     <span class='ocr_line' id='line_1_15' title="bbox 57 1995 1090 2097; baseline -0.001 -28"><span class='ocrx_word' id='word_1_118' title='bbox 57 1995 211 2069; x_wconf 88' lang='lat' dir='ltr'><strong>solrendi</strong></span> <span class='ocrx_word' id='word_1_119' title='bbox 238 1997 430 2096; x_wconf 78' lang='lat' dir='ltr'><strong>coniugium</strong></span> <span class='ocrx_word' id='word_1_120' title='bbox 458 1998 605 2097; x_wconf 82' lang='lat' dir='ltr'><strong>legitime</strong></span> <span class='ocrx_word' id='word_1_121' title='bbox 629 2012 835 2073; x_wconf 89' lang='lat' dir='ltr'><strong>contractum</strong></span> <span class='ocrx_word' id='word_1_122' title='bbox 861 2024 927 2071; x_wconf 94' lang='lat' dir='ltr'><strong>uon</strong></span> <span class='ocrx_word' id='word_1_123' title='bbox 954 1995 1090 2096; x_wconf 90' lang='lat' dir='ltr'><strong>pollere.</strong></span> 
     </span>
    </p>
   </div>
   <div class='ocr_carea' id='block_1_3' title="bbox 52 2183 1187 4411">
    <p class='ocr_par' dir='ltr' id='par_1_4' title="bbox 52 2183 1187 4411">
     <span class='ocr_line' id='line_1_16' title="bbox 132 2183 1181 2253; baseline -0.001 -18"><span class='ocrx_word' id='word_1_124' title='bbox 132 2184 199 2247; x_wconf 80' lang='lat' dir='ltr'><strong>(tau)</strong></span> <span class='ocrx_word' id='word_1_125' title='bbox 215 2183 253 2236; x_wconf 84' lang='lat' dir='ltr'><strong>ci.</strong></span> <span class='ocrx_word' id='word_1_126' title='bbox 269 2187 325 2237; x_wconf 85' lang='lat' dir='ltr'><strong>car.</strong></span> <span class='ocrx_word' id='word_1_127' title='bbox 338 2186 431 2239; x_wconf 74' lang='lat' dir='ltr'><strong>sebast.</strong></span> <span class='ocrx_word' id='word_1_128' title='bbox 444 2187 544 2239; x_wconf 80' lang='lat' dir='ltr'><strong>lietardi</strong></span> <span class='ocrx_word' id='word_1_129' title='bbox 564 2188 589 2238; x_wconf 93' lang='lat' dir='ltr'><strong>ln</strong></span> <span class='ocrx_word' id='word_1_130' title='bbox 610 2201 651 2253; x_wconf 88' lang='lat' dir='ltr'><strong>op.</strong></span> <span class='ocrx_word' id='word_1_131' title='bbox 670 2189 792 2238; x_wconf 83' lang='lat' dir='ltr'><strong>Gratiani</strong></span> <span class='ocrx_word' id='word_1_132' title='bbox 813 2200 924 2238; x_wconf 77' lang='lat' dir='ltr'><strong>canones</strong></span> <span class='ocrx_word' id='word_1_133' title='bbox 940 2187 1049 2251; x_wconf 75' lang='lat' dir='ltr'><strong>genuini</strong></span> <span class='ocrx_word' id='word_1_134' title='bbox 1068 2183 1103 2238; x_wconf 79' lang='lat' dir='ltr'><strong>al</strong></span> <span class='ocrx_word' id='word_1_135' title='bbox 1120 2196 1181 2248; x_wconf 83' lang='lat' dir='ltr'><strong>apo·</strong></span> 
     </span>
     <span class='ocr_line' id='line_1_17' title="bbox 54 2263 1183 2333; baseline 0 -18"><span class='ocrx_word' id='word_1_136' title='bbox 54 2264 162 2330; x_wconf 70' lang='lat' dir='ltr'><strong>cryphia</strong></span> <span class='ocrx_word' id='word_1_137' title='bbox 179 2265 296 2317; x_wconf 76' lang='lat' dir='ltr'><strong>dumeti.</strong></span> <span class='ocrx_word' id='word_1_138' title='bbox 310 2266 411 2319; x_wconf 79' lang='lat' dir='ltr'><strong>Taurini</strong></span> <span class='ocrx_word' id='word_1_139' title='bbox 430 2272 497 2320; x_wconf 73' lang='grc'><strong>1715.</strong></span> <span class='ocrx_word' id='word_1_140' title='bbox 513 2283 565 2333; x_wconf 86' lang='lat' dir='ltr'><strong>par.</strong></span> <span class='ocrx_word' id='word_1_141' title='bbox 579 2271 611 2320; x_wconf 92' lang='lat' dir='ltr'><strong>ll.</strong></span> <span class='ocrx_word' id='word_1_142' title='bbox 624 2272 685 2320; x_wconf 92' lang='lat' dir='ltr'><strong>tom.</strong></span> <span class='ocrx_word' id='word_1_143' title='bbox 698 2269 729 2318; x_wconf 93' lang='lat' dir='ltr'><strong>ll.</strong></span> <span class='ocrx_word' id='word_1_144' title='bbox 743 2282 799 2333; x_wconf 86' lang='lat' dir='ltr'><strong>pag.</strong></span> <span class='ocrx_word' id='word_1_145' title='bbox 812 2275 858 2319; x_wconf 76' lang='lat' dir='ltr'><strong>nti-t</strong></span> <span class='ocrx_word' id='word_1_146' title='bbox 874 2280 945 2331; x_wconf 75' lang='lat' dir='ltr'><strong>seqq.</strong></span> <span class='ocrx_word' id='word_1_147' title='bbox 962 2269 1001 2318; x_wconf 85' lang='lat' dir='ltr'><strong>De</strong></span> <span class='ocrx_word' id='word_1_148' title='bbox 1012 2264 1129 2331; x_wconf 79' lang='lat' dir='ltr'><strong>epistolis</strong></span> <span class='ocrx_word' id='word_1_149' title='bbox 1146 2263 1183 2315; x_wconf 79' lang='lat' dir='ltr'><strong>aei</strong></span> 
     </span>
     <span class='ocr_line' id='line_1_18' title="bbox 56 2343 1181 2411; baseline 0.002 -17"><span class='ocrx_word' id='word_1_150' title='bbox 56 2343 185 2396; x_wconf 70' lang='lat' dir='ltr'><strong>carolum</strong></span> <span class='ocrx_word' id='word_1_151' title='bbox 204 2344 428 2411; x_wconf 77' lang='lat' dir='ltr'><strong>aruiieptacopum</strong></span> <span class='ocrx_word' id='word_1_152' title='bbox 450 2350 674 2410; x_wconf 72' lang='lat' dir='ltr'><strong>moquntinenaem</strong></span> <span class='ocrx_word' id='word_1_153' title='bbox 702 2349 728 2399; x_wconf 87' lang='lat' dir='ltr'><strong>et</strong></span> <span class='ocrx_word' id='word_1_154' title='bbox 752 2350 809 2398; x_wconf 78' lang='lat' dir='ltr'><strong>eius</strong></span> <span class='ocrx_word' id='word_1_155' title='bbox 834 2345 1042 2410; x_wconf 66' lang='lat' dir='ltr'><strong>irrisraganeor,</strong></span> <span class='ocrx_word' id='word_1_156' title='bbox 1066 2345 1109 2397; x_wconf 87' lang='lat' dir='ltr'><strong>nbi</strong></span> <span class='ocrx_word' id='word_1_157' title='bbox 1132 2358 1181 2397; x_wconf 87' lang='lat' dir='ltr'><strong>nen</strong></span> 
     </span>
     <span class='ocr_line' id='line_1_19' title="bbox 56 2423 1181 2492; baseline 0.002 -18"><span class='ocrx_word' id='word_1_158' title='bbox 56 2423 139 2474; x_wconf 81' lang='lat' dir='ltr'><strong>solnm</strong></span> <span class='ocrx_word' id='word_1_159' title='bbox 158 2423 198 2474; x_wconf 87' lang='lat' dir='ltr'><strong>rir</strong></span> <span class='ocrx_word' id='word_1_160' title='bbox 219 2425 308 2476; x_wconf 83' lang='lat' dir='ltr'><strong>doctus</strong></span> <span class='ocrx_word' id='word_1_161' title='bbox 329 2426 437 2477; x_wconf 73' lang='lat' dir='ltr'><strong>ostendit</strong></span> <span class='ocrx_word' id='word_1_162' title='bbox 464 2428 646 2492; x_wconf 84' lang='lat' dir='ltr'><strong>supposititiam</strong></span> <span class='ocrx_word' id='word_1_163' title='bbox 666 2441 719 2478; x_wconf 83' lang='lat' dir='ltr'><strong>esse</strong></span> <span class='ocrx_word' id='word_1_164' title='bbox 739 2426 861 2478; x_wconf 86' lang='lat' dir='ltr'><strong>eiusmodi</strong></span> <span class='ocrx_word' id='word_1_165' title='bbox 887 2427 1031 2491; x_wconf 86' lang='lat' dir='ltr'><strong>epistolam,</strong></span> <span class='ocrx_word' id='word_1_166' title='bbox 1054 2426 1096 2476; x_wconf 85' lang='lat' dir='ltr'><strong>scd</strong></span> <span class='ocrx_word' id='word_1_167' title='bbox 1113 2439 1181 2490; x_wconf 87' lang='lat' dir='ltr'><strong>prae·</strong></span> 
     </span>
     <span class='ocr_line' id='line_1_20' title="bbox 55 2503 1181 2570; baseline 0.003 -17"><span class='ocrx_word' id='word_1_168' title='bbox 55 2505 123 2553; x_wconf 84' lang='lat' dir='ltr'><strong>terea</strong></span> <span class='ocrx_word' id='word_1_169' title='bbox 143 2503 223 2554; x_wconf 86' lang='lat' dir='ltr'><strong>lenies</strong></span> <span class='ocrx_word' id='word_1_170' title='bbox 238 2518 267 2555; x_wconf 80' lang='lat' dir='ltr'><strong>ex</strong></span> <span class='ocrx_word' id='word_1_171' title='bbox 289 2505 380 2568; x_wconf 78' lang='lat' dir='ltr'><strong>qulbus</strong></span> <span class='ocrx_word' id='word_1_172' title='bbox 397 2506 541 2570; x_wconf 88' lang='lat' dir='ltr'><strong>desumptus</strong></span> <span class='ocrx_word' id='word_1_173' title='bbox 554 2507 587 2556; x_wconf 88' lang='lat' dir='ltr'><strong>sit</strong></span> <span class='ocrx_word' id='word_1_174' title='bbox 599 2510 709 2557; x_wconf 81' lang='lat' dir='ltr'><strong>textusa</strong></span> <span class='ocrx_word' id='word_1_175' title='bbox 727 2506 845 2557; x_wconf 86' lang='lat' dir='ltr'><strong>Gratiano</strong></span> <span class='ocrx_word' id='word_1_176' title='bbox 864 2507 983 2570; x_wconf 83' lang='lat' dir='ltr'><strong>allegatus</strong></span> <span class='ocrx_word' id='word_1_177' title='bbox 994 2505 1109 2569; x_wconf 87' lang='lat' dir='ltr'><strong>paieiaclt</strong></span> <span class='ocrx_word' id='word_1_178' title='bbox 1120 2503 1181 2556; x_wconf 88' lang='lat' dir='ltr'><strong>scri·</strong></span> 
     </span>
     <span class='ocr_line' id='line_1_21' title="bbox 57 2582 1183 2649; baseline 0.003 -17"><span class='ocrx_word' id='word_1_179' title='bbox 57 2582 133 2634; x_wconf 80' lang='lat' dir='ltr'><strong>bens:</strong></span> <span class='ocrx_word' id='word_1_180' title='bbox 157 2584 318 2636; x_wconf 78' lang='lat' dir='ltr'><strong>«Dicendum</strong></span> <span class='ocrx_word' id='word_1_181' title='bbox 334 2585 416 2636; x_wconf 80' lang='lat' dir='ltr'><strong>arliruc</strong></span> <span class='ocrx_word' id='word_1_182' title='bbox 434 2589 544 2649; x_wconf 87' lang='lat' dir='ltr'><strong>superest</strong></span> <span class='ocrx_word' id='word_1_183' title='bbox 564 2586 595 2636; x_wconf 80' lang='lat' dir='ltr'><strong>de</strong></span> <span class='ocrx_word' id='word_1_184' title='bbox 615 2600 709 2636; x_wconf 88' lang='lat' dir='ltr'><strong>canone</strong></span> <span class='ocrx_word' id='word_1_185' title='bbox 727 2593 765 2636; x_wconf 81' lang='lat'><strong>25.</strong></span> <span class='ocrx_word' id='word_1_186' title='bbox 778 2599 845 2636; x_wconf 87' lang='lat' dir='ltr'><strong>cans.</strong></span> <span class='ocrx_word' id='word_1_187' title='bbox 860 2593 899 2636; x_wconf 77' lang='lat'><strong>³2.</strong></span> <span class='ocrx_word' id='word_1_188' title='bbox 911 2589 1006 2649; x_wconf 85' lang='lat' dir='ltr'><strong>quaest.</strong></span> <span class='ocrx_word' id='word_1_189' title='bbox 1019 2589 1043 2635; x_wconf 85' lang='lat'><strong>7.</strong></span> <span class='ocrx_word' id='word_1_190' title='bbox 1055 2585 1103 2636; x_wconf 85' lang='lat' dir='ltr'><strong>sed</strong></span> <span class='ocrx_word' id='word_1_191' title='bbox 1116 2585 1183 2635; x_wconf 87' lang='lat' dir='ltr'><strong>hune</strong></span> 
     </span>
     <span class='ocr_line' id='line_1_22' title="bbox 58 2663 1183 2730; baseline 0.004 -18"><span class='ocrx_word' id='word_1_192' title='bbox 58 2663 151 2714; x_wconf 67' lang='lat' dir='ltr'><strong>mustra</strong></span> <span class='ocrx_word' id='word_1_193' title='bbox 167 2667 211 2714; x_wconf 86' lang='lat' dir='ltr'><strong>aut</strong></span> <span class='ocrx_word' id='word_1_194' title='bbox 226 2667 251 2715; x_wconf 92' lang='lat' dir='ltr'><strong>ln</strong></span> <span class='ocrx_word' id='word_1_195' title='bbox 270 2679 341 2716; x_wconf 84' lang='lat' dir='ltr'><strong>conc.</strong></span> <span class='ocrx_word' id='word_1_196' title='bbox 357 2667 517 2730; x_wconf 67' lang='lat' dir='ltr'><strong>magantiae,</strong></span> <span class='ocrx_word' id='word_1_197' title='bbox 537 2670 580 2717; x_wconf 91' lang='lat' dir='ltr'><strong>aut</strong></span> <span class='ocrx_word' id='word_1_198' title='bbox 598 2668 623 2716; x_wconf 93' lang='lat' dir='ltr'><strong>in</strong></span> <span class='ocrx_word' id='word_1_199' title='bbox 639 2670 773 2717; x_wconf 86' lang='lat' dir='ltr'><strong>memorata</strong></span> <span class='ocrx_word' id='word_1_200' title='bbox 785 2667 886 2717; x_wconf 84' lang='lat' dir='ltr'><strong>Nicolao</strong></span> <span class='ocrx_word' id='word_1_201' title='bbox 903 2665 1010 2730; x_wconf 79' lang='lat' dir='ltr'><strong>pontiflci</strong></span> <span class='ocrx_word' id='word_1_202' title='bbox 1028 2665 1121 2716; x_wconf 84' lang='lat' dir='ltr'><strong>tribula</strong></span> <span class='ocrx_word' id='word_1_203' title='bbox 1134 2666 1183 2729; x_wconf 85' lang='lat' dir='ltr'><strong>epi·</strong></span> 
     </span>
     <span class='ocr_line' id='line_1_23' title="bbox 56 2744 1181 2810; baseline 0.001 -16"><span class='ocrx_word' id='word_1_204' title='bbox 56 2745 122 2794; x_wconf 85' lang='lat' dir='ltr'><strong>stola</strong></span> <span class='ocrx_word' id='word_1_205' title='bbox 144 2758 281 2808; x_wconf 86' lang='lat' dir='ltr'><strong>quaereres.</strong></span> <span class='ocrx_word' id='word_1_206' title='bbox 301 2745 373 2797; x_wconf 83' lang='lat' dir='ltr'><strong>Falsa</strong></span> <span class='ocrx_word' id='word_1_207' title='bbox 394 2760 424 2796; x_wconf 86' lang='lat' dir='ltr'><strong>ea</strong></span> <span class='ocrx_word' id='word_1_208' title='bbox 440 2747 547 2810; x_wconf 85' lang='lat' dir='ltr'><strong>primum</strong></span> <span class='ocrx_word' id='word_1_209' title='bbox 568 2747 705 2810; x_wconf 80' lang='lat' dir='ltr'><strong>inscriptio.</strong></span> <span class='ocrx_word' id='word_1_210' title='bbox 729 2747 830 2809; x_wconf 80' lang='lat' dir='ltr'><strong>Legitur</strong></span> <span class='ocrx_word' id='word_1_211' title='bbox 848 2747 912 2810; x_wconf 84' lang='lat' dir='ltr'><strong>apud</strong></span> <span class='ocrx_word' id='word_1_212' title='bbox 931 2744 1117 2806; x_wconf 84' lang='lat' dir='ltr'><strong>Barchardurn,</strong></span> <span class='ocrx_word' id='word_1_213' title='bbox 1136 2746 1181 2809; x_wconf 80' lang='lat' dir='ltr'><strong>qul</strong></span> 
     </span>
     <span class='ocr_line' id='line_1_24' title="bbox 57 2825 1182 2892; baseline 0.001 -18"><span class='ocrx_word' id='word_1_214' title='bbox 57 2825 188 2886; x_wconf 84' lang='lat' dir='ltr'><strong>primnain</strong></span> <span class='ocrx_word' id='word_1_215' title='bbox 200 2826 244 2875; x_wconf 88' lang='lat' dir='ltr'><strong>lib.</strong></span> <span class='ocrx_word' id='word_1_216' title='bbox 260 2833 283 2877; x_wconf 82' lang='grc'><strong>9.</strong></span> <span class='ocrx_word' id='word_1_217' title='bbox 297 2840 351 2890; x_wconf 86' lang='lat' dir='ltr'><strong>cap.</strong></span> <span class='ocrx_word' id='word_1_218' title='bbox 365 2834 403 2877; x_wconf 77' lang='lat' dir='ltr'><strong>ns.</strong></span> <span class='ocrx_word' id='word_1_219' title='bbox 419 2827 581 2890; x_wconf 75' lang='lat' dir='ltr'><strong>fragmentum</strong></span> <span class='ocrx_word' id='word_1_220' title='bbox 594 2827 655 2878; x_wconf 90' lang='lat' dir='ltr'><strong>illud</strong></span> <span class='ocrx_word' id='word_1_221' title='bbox 672 2827 783 2878; x_wconf 86' lang='lat' dir='ltr'><strong>laudarit</strong></span> <span class='ocrx_word' id='word_1_222' title='bbox 793 2841 822 2877; x_wconf 81' lang='lat' dir='ltr'><strong>es</strong></span> <span class='ocrx_word' id='word_1_223' title='bbox 835 2827 938 2892; x_wconf 87' lang='lat' dir='ltr'><strong>epistola</strong></span> <span class='ocrx_word' id='word_1_224' title='bbox 949 2827 1044 2877; x_wconf 81' lang='lat' dir='ltr'><strong>Nicolal</strong></span> <span class='ocrx_word' id='word_1_225' title='bbox 1058 2825 1089 2875; x_wconf 87' lang='lat' dir='ltr'><strong>ad</strong></span> <span class='ocrx_word' id='word_1_226' title='bbox 1108 2829 1182 2876; x_wconf 82' lang='lat' dir='ltr'><strong>caro·</strong></span> 
     </span>
     <span class='ocr_line' id='line_1_25' title="bbox 58 2905 1182 2974; baseline 0 -19"><span class='ocrx_word' id='word_1_227' title='bbox 58 2905 111 2955; x_wconf 91' lang='lat' dir='ltr'><strong>lum</strong></span> <span class='ocrx_word' id='word_1_228' title='bbox 130 2907 302 2969; x_wconf 83' lang='lat' dir='ltr'><strong>moguntinum</strong></span> <span class='ocrx_word' id='word_1_229' title='bbox 324 2908 467 2972; x_wconf 86' lang='lat' dir='ltr'><strong>episcopum</strong></span> <span class='ocrx_word' id='word_1_230' title='bbox 487 2908 630 2970; x_wconf 78' lang='lat' dir='ltr'><strong>scribentis3</strong></span> <span class='ocrx_word' id='word_1_231' title='bbox 649 2912 757 2959; x_wconf 77' lang='lat' dir='ltr'><strong>ceterum</strong></span> <span class='ocrx_word' id='word_1_232' title='bbox 780 2909 885 2960; x_wconf 83' lang='lat' dir='ltr'><strong>aliaest</strong></span> <span class='ocrx_word' id='word_1_233' title='bbox 907 2908 996 2971; x_wconf 84' lang='lat' dir='ltr'><strong>capitis</strong></span> <span class='ocrx_word' id='word_1_234' title='bbox 1014 2907 1141 2974; x_wconf 84' lang='lat' dir='ltr'><strong>inseripiio</strong></span> <span class='ocrx_word' id='word_1_235' title='bbox 1157 2905 1182 2956; x_wconf 91' lang='lat' dir='ltr'><strong>in</strong></span> 
     </span>
     <span class='ocr_line' id='line_1_26' title="bbox 58 2983 1181 3052; baseline 0.003 -18"><span class='ocrx_word' id='word_1_236' title='bbox 58 2986 235 3036; x_wconf 84' lang='lat' dir='ltr'><strong>vetustioribus</strong></span> <span class='ocrx_word' id='word_1_237' title='bbox 255 2985 450 3039; x_wconf 85' lang='lat' dir='ltr'><strong>collectionibus.</strong></span> <span class='ocrx_word' id='word_1_238' title='bbox 468 2983 616 3051; x_wconf 83' lang='lat' dir='ltr'><strong>Reginonem</strong></span> <span class='ocrx_word' id='word_1_239' title='bbox 630 3002 739 3039; x_wconf 89' lang='lat' dir='ltr'><strong>memoro</strong></span> <span class='ocrx_word' id='word_1_240' title='bbox 750 2988 793 3052; x_wconf 85' lang='lat' dir='ltr'><strong>qui</strong></span> <span class='ocrx_word' id='word_1_241' title='bbox 809 2992 919 3052; x_wconf 87' lang='lat' dir='ltr'><strong>tempora</strong></span> <span class='ocrx_word' id='word_1_242' title='bbox 942 2987 1036 3038; x_wconf 85' lang='lat' dir='ltr'><strong>liicolai</strong></span> <span class='ocrx_word' id='word_1_243' title='bbox 1056 2985 1181 3051; x_wconf 84' lang='lat' dir='ltr'><strong>pontilicis</strong></span> 
     </span>
     <span class='ocr_line' id='line_1_27' title="bbox 56 3064 1180 3131; baseline 0.001 -17"><span class='ocrx_word' id='word_1_244' title='bbox 56 3064 158 3128; x_wconf 84' lang='lat' dir='ltr'><strong>attigii3</strong></span> <span class='ocrx_word' id='word_1_245' title='bbox 173 3078 231 3115; x_wconf 90' lang='lat' dir='ltr'><strong>nam</strong></span> <span class='ocrx_word' id='word_1_246' title='bbox 252 3066 304 3129; x_wconf 84' lang='lat' dir='ltr'><strong>ipse</strong></span> <span class='ocrx_word' id='word_1_247' title='bbox 323 3066 349 3115; x_wconf 90' lang='lat' dir='ltr'><strong>in</strong></span> <span class='ocrx_word' id='word_1_248' title='bbox 369 3065 412 3118; x_wconf 92' lang='lat' dir='ltr'><strong>lib.</strong></span> <span class='ocrx_word' id='word_1_249' title='bbox 426 3075 459 3118; x_wconf 70' lang='grc'><strong>’1.</strong></span> <span class='ocrx_word' id='word_1_250' title='bbox 481 3066 513 3116; x_wconf 88' lang='lat' dir='ltr'><strong>de</strong></span> <span class='ocrx_word' id='word_1_251' title='bbox 531 3067 665 3118; x_wconf 82' lang='lat' dir='ltr'><strong>ecclesiast.</strong></span> <span class='ocrx_word' id='word_1_252' title='bbox 696 3067 826 3130; x_wconf 87' lang='lat' dir='ltr'><strong>disciplina</strong></span> <span class='ocrx_word' id='word_1_253' title='bbox 848 3070 979 3131; x_wconf 85' lang='lat' dir='ltr'><strong>postquam</strong></span> <span class='ocrx_word' id='word_1_254' title='bbox 1000 3068 1025 3116; x_wconf 92' lang='lat' dir='ltr'><strong>in</strong></span> <span class='ocrx_word' id='word_1_255' title='bbox 1049 3076 1103 3130; x_wconf 78' lang='lat' dir='ltr'><strong>cap.</strong></span> <span class='ocrx_word' id='word_1_256' title='bbox 1128 3074 1180 3118; x_wconf 81' lang='grc'><strong>1111.</strong></span> 
     </span>
     <span class='ocr_line' id='line_1_28' title="bbox 57 3145 1186 3213; baseline 0.005 -21"><span class='ocrx_word' id='word_1_257' title='bbox 57 3145 134 3195; x_wconf 79' lang='lat' dir='ltr'><strong>uerba</strong></span> <span class='ocrx_word' id='word_1_258' title='bbox 153 3145 284 3211; x_wconf 85' lang='lat' dir='ltr'><strong>descripsit</strong></span> <span class='ocrx_word' id='word_1_259' title='bbox 305 3147 427 3208; x_wconf 82' lang='lat' dir='ltr'><strong>quaedam</strong></span> <span class='ocrx_word' id='word_1_260' title='bbox 448 3160 563 3199; x_wconf 91' lang='lat' dir='ltr'><strong>romanae</strong></span> <span class='ocrx_word' id='word_1_261' title='bbox 583 3148 643 3210; x_wconf 82' lang='lat' dir='ltr'><strong>legia</strong></span> <span class='ocrx_word' id='word_1_262' title='bbox 662 3148 761 3198; x_wconf 90' lang='lat' dir='ltr'><strong>nomine</strong></span> <span class='ocrx_word' id='word_1_263' title='bbox 779 3147 920 3213; x_wconf 86' lang='lat' dir='ltr'><strong>(illaipsa,</strong></span> <span class='ocrx_word' id='word_1_264' title='bbox 936 3161 999 3211; x_wconf 86' lang='lat' dir='ltr'><strong>quae</strong></span> <span class='ocrx_word' id='word_1_265' title='bbox 1019 3146 1066 3197; x_wconf 86' lang='lat' dir='ltr'><strong>sub</strong></span> <span class='ocrx_word' id='word_1_266' title='bbox 1086 3148 1186 3198; x_wconf 80' lang='lat' dir='ltr'><strong>nuntiae</strong></span> 
     </span>
     <span class='ocr_line' id='line_1_29' title="bbox 56 3222 1184 3291; baseline 0.004 -19"><span class='ocrx_word' id='word_1_267' title='bbox 56 3222 127 3274; x_wconf 75' lang='lat' dir='ltr'><strong>Fabii</strong></span> <span class='ocrx_word' id='word_1_268' title='bbox 149 3237 227 3287; x_wconf 87' lang='lat' dir='ltr'><strong>papae</strong></span> <span class='ocrx_word' id='word_1_269' title='bbox 247 3225 380 3274; x_wconf 78' lang='lat' dir='ltr'><strong>Gratianus</strong></span> <span class='ocrx_word' id='word_1_270' title='bbox 400 3226 484 3276; x_wconf 87' lang='lat' dir='ltr'><strong>retulit</strong></span> <span class='ocrx_word' id='word_1_271' title='bbox 506 3227 532 3274; x_wconf 90' lang='lat' dir='ltr'><strong>in</strong></span> <span class='ocrx_word' id='word_1_272' title='bbox 553 3239 608 3277; x_wconf 87' lang='lat' dir='ltr'><strong>can.</strong></span> <span class='ocrx_word' id='word_1_273' title='bbox 622 3234 660 3276; x_wconf 79' lang='lat'><strong>26.</strong></span> <span class='ocrx_word' id='word_1_274' title='bbox 675 3240 742 3277; x_wconf 91' lang='lat' dir='ltr'><strong>caus.</strong></span> <span class='ocrx_word' id='word_1_275' title='bbox 759 3234 798 3277; x_wconf 80' lang='lat'><strong>³2.</strong></span> <span class='ocrx_word' id='word_1_276' title='bbox 812 3229 906 3289; x_wconf 84' lang='lat' dir='ltr'><strong>quaest.</strong></span> <span class='ocrx_word' id='word_1_277' title='bbox 920 3230 943 3276; x_wconf 86' lang='lat'><strong>7.</strong></span> <span class='ocrx_word' id='word_1_278' title='bbox 955 3227 973 3288; x_wconf 83' lang='lat' dir='ltr'><strong>l,</strong></span> <span class='ocrx_word' id='word_1_279' title='bbox 985 3227 1184 3291; x_wconf 84' lang='lat' dir='ltr'><strong>llaprasequilur</strong></span> 
     </span>
     <span class='ocr_line' id='line_1_30' title="bbox 56 3303 1185 3372; baseline 0.004 -19"><span class='ocrx_word' id='word_1_280' title='bbox 56 3303 84 3352; x_wconf 84' lang='lat' dir='ltr'><strong>ia</strong></span> <span class='ocrx_word' id='word_1_281' title='bbox 101 3317 155 3367; x_wconf 79' lang='lat' dir='ltr'><strong>cap.</strong></span> <span class='ocrx_word' id='word_1_282' title='bbox 176 3312 226 3356; x_wconf 79' lang='grc'><strong>111.</strong></span> <span class='ocrx_word' id='word_1_283' title='bbox 237 3307 282 3355; x_wconf 77' lang='lat' dir='ltr'><strong>Ec</strong></span> <span class='ocrx_word' id='word_1_284' title='bbox 292 3305 396 3370; x_wconf 77' lang='lat' dir='ltr'><strong>cariem,</strong></span> <span class='ocrx_word' id='word_1_285' title='bbox 413 3306 530 3356; x_wconf 89' lang='lat' dir='ltr'><strong>nlmlmm</strong></span> <span class='ocrx_word' id='word_1_286' title='bbox 548 3320 577 3358; x_wconf 84' lang='lat' dir='ltr'><strong>ex</strong></span> <span class='ocrx_word' id='word_1_287' title='bbox 597 3307 650 3370; x_wconf 85' lang='lat' dir='ltr'><strong>lege</strong></span> <span class='ocrx_word' id='word_1_288' title='bbox 664 3317 781 3357; x_wconf 80' lang='lat' dir='ltr'><strong>muana:</strong></span> <span class='ocrx_word' id='word_1_289' title='bbox 798 3308 826 3356; x_wconf 83' lang='lat' dir='ltr'><strong>Si</strong></span> <span class='ocrx_word' id='word_1_290' title='bbox 841 3310 889 3372; x_wconf 80' lang='lat' dir='ltr'><strong>qui</strong></span> <span class='ocrx_word' id='word_1_291' title='bbox 909 3308 1108 3358; x_wconf 82' lang='lat' dir='ltr'><strong>matrimonium</strong></span> <span class='ocrx_word' id='word_1_292' title='bbox 1125 3313 1185 3360; x_wconf 83' lang='lat' dir='ltr'><strong>aunt</strong></span> 
     </span>
     <span class='ocr_line' id='line_1_31' title="bbox 56 3386 1185 3454; baseline 0.005 -20"><span class='ocrx_word' id='word_1_293' title='bbox 56 3387 269 3448; x_wconf 71' lang='lat' dir='ltr'><strong>contruxerunt,</strong></span> <span class='ocrx_word' id='word_1_294' title='bbox 288 3389 314 3438; x_wconf 83' lang='lat' dir='ltr'><strong>et</strong></span> <span class='ocrx_word' id='word_1_295' title='bbox 330 3390 378 3437; x_wconf 88' lang='lat' dir='ltr'><strong>uni</strong></span> <span class='ocrx_word' id='word_1_296' title='bbox 390 3400 425 3438; x_wconf 71' lang='lat' dir='ltr'><strong>ee</strong></span> <span class='ocrx_word' id='word_1_297' title='bbox 438 3386 541 3438; x_wconf 77' lang='lat' dir='ltr'><strong>duoles</strong></span> <span class='ocrx_word' id='word_1_298' title='bbox 554 3391 660 3439; x_wconf 79' lang='lat' dir='ltr'><strong>insania</strong></span> <span class='ocrx_word' id='word_1_299' title='bbox 679 3390 727 3438; x_wconf 89' lang='lat' dir='ltr'><strong>aut</strong></span> <span class='ocrx_word' id='word_1_300' title='bbox 740 3387 826 3449; x_wconf 83' lang='lat' dir='ltr'><strong>juror</strong></span> <span class='ocrx_word' id='word_1_301' title='bbox 835 3423 845 3449; x_wconf 86' lang='lat'><strong><em>,</em></strong></span> <span class='ocrx_word' id='word_1_302' title='bbox 863 3391 911 3439; x_wconf 83' lang='lat' dir='ltr'><strong>aut</strong></span> <span class='ocrx_word' id='word_1_303' title='bbox 930 3387 1024 3454; x_wconf 84' lang='lat' dir='ltr'><strong>aliqua</strong></span> <span class='ocrx_word' id='word_1_304' title='bbox 1042 3389 1185 3452; x_wconf 66' lang='lat' dir='ltr'><strong>infirmitas</strong></span> 
     </span>
     <span class='ocr_line' id='line_1_32' title="bbox 57 3466 1183 3532; baseline 0.007 -19"><span class='ocrx_word' id='word_1_305' title='bbox 57 3467 212 3530; x_wconf 68' lang='lat' dir='ltr'><strong>accusent,</strong></span> <span class='ocrx_word' id='word_1_306' title='bbox 233 3466 265 3516; x_wconf 81' lang='lat' dir='ltr'><strong>ol</strong></span> <span class='ocrx_word' id='word_1_307' title='bbox 277 3467 346 3518; x_wconf 83' lang='lat' dir='ltr'><strong>itanc</strong></span> <span class='ocrx_word' id='word_1_308' title='bbox 357 3466 541 3530; x_wconf 74' lang='lat' dir='ltr'><strong>infirmitatem</strong></span> <span class='ocrx_word' id='word_1_309' title='bbox 551 3470 674 3531; x_wconf 71' lang='lat' dir='ltr'><strong>coniugio</strong></span> <span class='ocrx_word' id='word_1_310' title='bbox 689 3467 786 3518; x_wconf 87' lang='lat' dir='ltr'><strong>talium</strong></span> <span class='ocrx_word' id='word_1_311' title='bbox 802 3467 871 3518; x_wconf 80' lang='lat' dir='ltr'><strong>solui</strong></span> <span class='ocrx_word' id='word_1_312' title='bbox 892 3481 943 3519; x_wconf 88' lang='lat' dir='ltr'><strong>non</strong></span> <span class='ocrx_word' id='word_1_313' title='bbox 953 3472 1072 3532; x_wconf 75' lang='lat' dir='ltr'><strong>poscunt.</strong></span> <span class='ocrx_word' id='word_1_314' title='bbox 1088 3469 1183 3522; x_wconf 83' lang='lat' dir='ltr'><strong>simili·</strong></span> 
     </span>
     <span class='ocr_line' id='line_1_33' title="bbox 59 3545 1182 3613; baseline 0.005 -19"><span class='ocrx_word' id='word_1_315' title='bbox 59 3545 102 3594; x_wconf 80' lang='lat' dir='ltr'><strong>ter</strong></span> <span class='ocrx_word' id='word_1_316' title='bbox 123 3545 289 3597; x_wconf 80' lang='lat' dir='ltr'><strong>renitendum</strong></span> <span class='ocrx_word' id='word_1_317' title='bbox 309 3545 342 3597; x_wconf 83' lang='lat' dir='ltr'><strong>rie</strong></span> <span class='ocrx_word' id='word_1_318' title='bbox 360 3547 417 3610; x_wconf 80' lang='lat' dir='ltr'><strong>itis,</strong></span> <span class='ocrx_word' id='word_1_319' title='bbox 436 3551 483 3613; x_wconf 82' lang='lat' dir='ltr'><strong>qui</strong></span> <span class='ocrx_word' id='word_1_320' title='bbox 501 3547 535 3598; x_wconf 78' lang='lat' dir='ltr'><strong>ab</strong></span> <span class='ocrx_word' id='word_1_321' title='bbox 555 3546 717 3598; x_wconf 78' lang='lat' dir='ltr'><strong>adaermriit</strong></span> <span class='ocrx_word' id='word_1_322' title='bbox 737 3549 898 3610; x_wconf 84' lang='lat' dir='ltr'><strong>caecantur,</strong></span> <span class='ocrx_word' id='word_1_323' title='bbox 920 3551 969 3599; x_wconf 88' lang='lat' dir='ltr'><strong>oui</strong></span> <span class='ocrx_word' id='word_1_324' title='bbox 994 3549 1118 3600; x_wconf 75' lang='lat' dir='ltr'><strong>numinis</strong></span> <span class='ocrx_word' id='word_1_325' title='bbox 1139 3549 1182 3600; x_wconf 84' lang='lat' dir='ltr'><strong>da·</strong></span> 
     </span>
     <span class='ocr_line' id='line_1_34' title="bbox 57 3625 1183 3692; baseline 0.004 -19"><span class='ocrx_word' id='word_1_326' title='bbox 57 3625 230 3676; x_wconf 78' lang='lat' dir='ltr'><strong>truncantur.</strong></span> <span class='ocrx_word' id='word_1_327' title='bbox 245 3625 327 3675; x_wconf 86' lang='lat' dir='ltr'><strong>Verba</strong></span> <span class='ocrx_word' id='word_1_328' title='bbox 342 3625 400 3676; x_wconf 66' lang='lat' dir='ltr'><strong>illac</strong></span> <span class='ocrx_word' id='word_1_329' title='bbox 418 3629 468 3679; x_wconf 87' lang='lat' dir='ltr'><strong>aut</strong></span> <span class='ocrx_word' id='word_1_330' title='bbox 483 3640 501 3677; x_wconf 91' lang='lat' dir='ltr'><strong>a</strong></span> <span class='ocrx_word' id='word_1_331' title='bbox 519 3626 639 3678; x_wconf 77' lang='lat' dir='ltr'><strong>barbatis</strong></span> <span class='ocrx_word' id='word_1_332' title='bbox 650 3629 748 3678; x_wconf 72' lang='lat' dir='ltr'><strong>exsecti</strong></span> <span class='ocrx_word' id='word_1_333' title='bbox 765 3625 889 3688; x_wconf 80' lang='lat' dir='ltr'><strong>suerint,</strong></span> <span class='ocrx_word' id='word_1_334' title='bbox 909 3641 974 3691; x_wconf 85' lang='lat' dir='ltr'><strong>quae</strong></span> <span class='ocrx_word' id='word_1_335' title='bbox 990 3628 1093 3692; x_wconf 87' lang='lat' dir='ltr'><strong>legimus</strong></span> <span class='ocrx_word' id='word_1_336' title='bbox 1116 3627 1183 3691; x_wconf 84' lang='lat' dir='ltr'><strong>apori</strong></span> 
     </span>
     <span class='ocr_line' id='line_1_35' title="bbox 58 3696 1184 3771; baseline 0.003 -17"><span class='ocrx_word' id='word_1_337' title='bbox 58 3705 204 3756; x_wconf 84' lang='lat' dir='ltr'><strong>Gratianum</strong></span> <span class='ocrx_word' id='word_1_338' title='bbox 218 3706 388 3758; x_wconf 84' lang='lat' dir='ltr'><strong>desiderantur</strong></span> <span class='ocrx_word' id='word_1_339' title='bbox 407 3706 431 3758; x_wconf 91' lang='lat' dir='ltr'><strong>in</strong></span> <span class='ocrx_word' id='word_1_340' title='bbox 449 3706 534 3757; x_wconf 83' lang='lat' dir='ltr'><strong>codice</strong></span> <span class='ocrx_word' id='word_1_341' title='bbox 550 3706 697 3771; x_wconf 84' lang='lat' dir='ltr'><strong>lleginonis¹</strong></span> <span class='ocrx_word' id='word_1_342' title='bbox 718 3706 927 3770; x_wconf 84' lang='lat' dir='ltr'><strong>quemadmodum</strong></span> <span class='ocrx_word' id='word_1_343' title='bbox 948 3696 1032 3757; x_wconf 76' lang='lat' dir='ltr'><strong>etiam¹</strong></span> <span class='ocrx_word' id='word_1_344' title='bbox 1044 3705 1110 3770; x_wconf 86' lang='lat' dir='ltr'><strong>apud</strong></span> <span class='ocrx_word' id='word_1_345' title='bbox 1131 3709 1184 3757; x_wconf 80' lang='lat' dir='ltr'><strong>lvo·</strong></span> 
     </span>
     <span class='ocr_line' id='line_1_36' title="bbox 61 3782 1184 3850; baseline 0 -16"><span class='ocrx_word' id='word_1_346' title='bbox 61 3796 119 3835; x_wconf 86' lang='lat' dir='ltr'><strong>nem</strong></span> <span class='ocrx_word' id='word_1_347' title='bbox 136 3785 162 3834; x_wconf 89' lang='lat' dir='ltr'><strong>in</strong></span> <span class='ocrx_word' id='word_1_348' title='bbox 176 3788 240 3850; x_wconf 88' lang='lat' dir='ltr'><strong>part.</strong></span> <span class='ocrx_word' id='word_1_349' title='bbox 260 3792 283 3836; x_wconf 87' lang='grc'><strong>11.</strong></span> <span class='ocrx_word' id='word_1_350' title='bbox 306 3799 361 3848; x_wconf 87' lang='lat' dir='ltr'><strong>cap.</strong></span> <span class='ocrx_word' id='word_1_351' title='bbox 375 3791 427 3837; x_wconf 77' lang='grc'><strong>166.</strong></span> <span class='ocrx_word' id='word_1_352' title='bbox 440 3784 590 3836; x_wconf 86' lang='lat' dir='ltr'><strong>llaluziusin</strong></span> <span class='ocrx_word' id='word_1_353' title='bbox 607 3785 672 3836; x_wconf 90' lang='lat' dir='ltr'><strong>nolis</strong></span> <span class='ocrx_word' id='word_1_354' title='bbox 692 3785 724 3835; x_wconf 85' lang='lat' dir='ltr'><strong>nd</strong></span> <span class='ocrx_word' id='word_1_355' title='bbox 742 3786 891 3848; x_wconf 86' lang='lat' dir='ltr'><strong>lieglnonem</strong></span> <span class='ocrx_word' id='word_1_356' title='bbox 907 3784 956 3834; x_wconf 89' lang='lat' dir='ltr'><strong>lam</strong></span> <span class='ocrx_word' id='word_1_357' title='bbox 976 3784 1045 3834; x_wconf 85' lang='lat' dir='ltr'><strong>risos</strong></span> <span class='ocrx_word' id='word_1_358' title='bbox 1065 3786 1102 3835; x_wconf 87' lang='lat' dir='ltr'><strong>est</strong></span> <span class='ocrx_word' id='word_1_359' title='bbox 1121 3782 1184 3834; x_wconf 72' lang='lat' dir='ltr'><strong>indl-</strong></span> 
     </span>
     <span class='ocr_line' id='line_1_37' title="bbox 58 3863 1183 3929; baseline -0.001 -14"><span class='ocrx_word' id='word_1_360' title='bbox 58 3878 131 3927; x_wconf 71' lang='grc' dir='ltr'><strong>ωε,</strong></span> <span class='ocrx_word' id='word_1_361' title='bbox 150 3866 274 3916; x_wconf 87' lang='lat' dir='ltr'><strong>undenam</strong></span> <span class='ocrx_word' id='word_1_362' title='bbox 297 3864 408 3916; x_wconf 85' lang='lat' dir='ltr'><strong>Gratiani</strong></span> <span class='ocrx_word' id='word_1_363' title='bbox 426 3865 588 3929; x_wconf 74' lang='lat' dir='ltr'><strong>fragmentum</strong></span> <span class='ocrx_word' id='word_1_364' title='bbox 604 3866 638 3917; x_wconf 90' lang='lat' dir='ltr'><strong>sit</strong></span> <span class='ocrx_word' id='word_1_365' title='bbox 656 3864 836 3929; x_wconf 68' lang='lat' dir='ltr'><strong>repetentium</strong></span> <span class='ocrx_word' id='word_1_366' title='bbox 852 3865 887 3914; x_wconf 86' lang='lat' dir='ltr'><strong>ait</strong></span> <span class='ocrx_word' id='word_1_367' title='bbox 907 3865 973 3912; x_wconf 91' lang='lat' dir='ltr'><strong>enlm</strong></span> <span class='ocrx_word' id='word_1_368' title='bbox 988 3863 1053 3926; x_wconf 87' lang='lat' dir='ltr'><strong>apud</strong></span> <span class='ocrx_word' id='word_1_369' title='bbox 1070 3864 1183 3914; x_wconf 80' lang='lat' dir='ltr'><strong>l‘aulluru</strong></span> 
     </span>
     <span class='ocr_line' id='line_1_38' title="bbox 58 3941 1187 4010; baseline -0.005 -14"><span class='ocrx_word' id='word_1_370' title='bbox 58 3948 252 3998; x_wconf 80' lang='lat' dir='ltr'><strong>iureconsultum</strong></span> <span class='ocrx_word' id='word_1_371' title='bbox 270 3946 313 3998; x_wconf 84' lang='lat' dir='ltr'><strong>lib.</strong></span> <span class='ocrx_word' id='word_1_372' title='bbox 330 3954 352 3997; x_wconf 82' lang='lat'><strong>2.</strong></span> <span class='ocrx_word' id='word_1_373' title='bbox 365 3948 469 3997; x_wconf 87' lang='lat' dir='ltr'><strong>sentent.</strong></span> <span class='ocrx_word' id='word_1_374' title='bbox 482 3947 521 3997; x_wconf 88' lang='lat' dir='ltr'><strong>tit.</strong></span> <span class='ocrx_word' id='word_1_375' title='bbox 538 3952 573 3997; x_wconf 78' lang='lat' dir='ltr'><strong>tu.</strong></span> <span class='ocrx_word' id='word_1_376' title='bbox 592 3948 667 4010; x_wconf 84' lang='lat' dir='ltr'><strong>caput</strong></span> <span class='ocrx_word' id='word_1_377' title='bbox 680 3945 745 3997; x_wconf 85' lang='lat' dir='ltr'><strong>istud</strong></span> <span class='ocrx_word' id='word_1_378' title='bbox 760 3945 796 3996; x_wconf 88' lang='lat' dir='ltr'><strong>sic</strong></span> <span class='ocrx_word' id='word_1_379' title='bbox 814 3956 957 4007; x_wconf 81' lang='lat' dir='ltr'><strong>expressum</strong></span> <span class='ocrx_word' id='word_1_380' title='bbox 975 3941 1077 3993; x_wconf 81' lang='lat' dir='ltr'><strong>haberi:</strong></span> <span class='ocrx_word' id='word_1_381' title='bbox 1096 3945 1187 4009; x_wconf 74' lang='lat' dir='ltr'><strong>Neque</strong></span> 
     </span>
     <span class='ocr_line' id='line_1_39' title="bbox 52 4021 1185 4091; baseline -0.002 -15"><span class='ocrx_word' id='word_1_382' title='bbox 52 4024 179 4087; x_wconf 72' lang='lat' dir='ltr'><strong>surianus</strong></span> <span class='ocrx_word' id='word_1_383' title='bbox 197 4025 396 4091; x_wconf 78' lang='lat' dir='ltr'><strong>nequesurtosa</strong></span> <span class='ocrx_word' id='word_1_384' title='bbox 412 4027 612 4076; x_wconf 80' lang='lat' dir='ltr'><strong>matrimonium</strong></span> <span class='ocrx_word' id='word_1_385' title='bbox 630 4023 786 4076; x_wconf 71' lang='lat' dir='ltr'><strong>contrahere</strong></span> <span class='ocrx_word' id='word_1_386' title='bbox 801 4024 933 4087; x_wconf 82' lang='lat' dir='ltr'><strong>possunt,</strong></span> <span class='ocrx_word' id='word_1_387' title='bbox 952 4021 998 4072; x_wconf 81' lang='lat' dir='ltr'><strong>aed</strong></span> <span class='ocrx_word' id='word_1_388' title='bbox 1017 4025 1185 4074; x_wconf 86' lang='lat' dir='ltr'><strong>contractum</strong></span> 
     </span>
     <span class='ocr_line' id='line_1_40' title="bbox 55 4101 1184 4168; baseline -0.003 -12"><span class='ocrx_word' id='word_1_389' title='bbox 55 4107 260 4156; x_wconf 79' lang='lat' dir='ltr'><strong>matrimonium</strong></span> <span class='ocrx_word' id='word_1_390' title='bbox 268 4103 367 4168; x_wconf 80' lang='lat' dir='ltr'><strong>surore</strong></span> <span class='ocrx_word' id='word_1_391' title='bbox 378 4116 429 4155; x_wconf 93' lang='lat' dir='ltr'><strong>non</strong></span> <span class='ocrx_word' id='word_1_392' title='bbox 443 4104 565 4164; x_wconf 70' lang='lat' dir='ltr'><strong>tollitur:</strong></span> <span class='ocrx_word' id='word_1_393' title='bbox 579 4105 620 4154; x_wconf 88' lang='lat' dir='ltr'><strong>cul</strong></span> <span class='ocrx_word' id='word_1_394' title='bbox 632 4104 766 4155; x_wconf 82' lang='lat' dir='ltr'><strong>sententiae</strong></span> <span class='ocrx_word' id='word_1_395' title='bbox 777 4103 841 4152; x_wconf 79' lang='lat' dir='ltr'><strong>lianc</strong></span> <span class='ocrx_word' id='word_1_396' title='bbox 850 4102 1075 4164; x_wconf 81' lang='lat' dir='ltr'><strong>interpretationem</strong></span> <span class='ocrx_word' id='word_1_397' title='bbox 1084 4101 1184 4153; x_wconf 76' lang='lat' dir='ltr'><strong>submu-</strong></span> 
     </span>
     <span class='ocr_line' id='line_1_41' title="bbox 56 4181 1187 4252; baseline -0.001 -16"><span class='ocrx_word' id='word_1_398' title='bbox 56 4185 97 4236; x_wconf 81' lang='lat' dir='ltr'><strong>xit</strong></span> <span class='ocrx_word' id='word_1_399' title='bbox 109 4186 234 4237; x_wconf 70' lang='lat' dir='ltr'><strong>anianus:</strong></span> <span class='ocrx_word' id='word_1_400' title='bbox 249 4188 278 4236; x_wconf 78' lang='lat' dir='ltr'><strong>Si</strong></span> <span class='ocrx_word' id='word_1_401' title='bbox 286 4188 334 4252; x_wconf 82' lang='lat' dir='ltr'><strong>qui</strong></span> <span class='ocrx_word' id='word_1_402' title='bbox 344 4186 545 4236; x_wconf 81' lang='lat' dir='ltr'><strong>matrimonium</strong></span> <span class='ocrx_word' id='word_1_403' title='bbox 555 4186 615 4234; x_wconf 80' lang='lat' dir='ltr'><strong>sani</strong></span> <span class='ocrx_word' id='word_1_404' title='bbox 626 4185 811 4236; x_wconf 75' lang='lat' dir='ltr'><strong>contraxerint</strong></span> <span class='ocrx_word' id='word_1_405' title='bbox 821 4219 829 4244; x_wconf 95' lang='lat'>,</span> <span class='ocrx_word' id='word_1_406' title='bbox 841 4184 866 4232; x_wconf 87' lang='lat' dir='ltr'><strong>et</strong></span> <span class='ocrx_word' id='word_1_407' title='bbox 877 4183 926 4232; x_wconf 91' lang='lat' dir='ltr'><strong>uni</strong></span> <span class='ocrx_word' id='word_1_408' title='bbox 938 4194 971 4232; x_wconf 77' lang='lat' dir='ltr'><strong>ea</strong></span> <span class='ocrx_word' id='word_1_409' title='bbox 982 4181 1085 4233; x_wconf 72' lang='lat' dir='ltr'><strong>dacius</strong></span> <span class='ocrx_word' id='word_1_410' title='bbox 1098 4186 1187 4236; x_wconf 79' lang='lat' dir='ltr'><strong>amen·</strong></span> 
     </span>
     <span class='ocr_line' id='line_1_42' title="bbox 60 4262 1185 4329; baseline -0.003 -12"><span class='ocrx_word' id='word_1_411' title='bbox 60 4269 116 4329; x_wconf 87' lang='lat' dir='ltr'><strong>tia,</strong></span> <span class='ocrx_word' id='word_1_412' title='bbox 140 4267 189 4315; x_wconf 89' lang='lat' dir='ltr'><strong>aut</strong></span> <span class='ocrx_word' id='word_1_413' title='bbox 204 4265 289 4328; x_wconf 78' lang='lat' dir='ltr'><strong>juror</strong></span> <span class='ocrx_word' id='word_1_414' title='bbox 308 4267 459 4329; x_wconf 70' lang='lat' dir='ltr'><strong>accesserit,</strong></span> <span class='ocrx_word' id='word_1_415' title='bbox 473 4264 505 4316; x_wconf 82' lang='lat' dir='ltr'><strong>ol</strong></span> <span class='ocrx_word' id='word_1_416' title='bbox 517 4264 585 4316; x_wconf 75' lang='lat' dir='ltr'><strong>nanc</strong></span> <span class='ocrx_word' id='word_1_417' title='bbox 605 4264 787 4328; x_wconf 69' lang='lat' dir='ltr'><strong>infirmitatem</strong></span> <span class='ocrx_word' id='word_1_418' title='bbox 800 4265 925 4327; x_wconf 66' lang='lat' dir='ltr'><strong>conluuio</strong></span> <span class='ocrx_word' id='word_1_419' title='bbox 941 4262 1038 4314; x_wconf 77' lang='lat' dir='ltr'><strong>tuition</strong></span> <span class='ocrx_word' id='word_1_420' title='bbox 1049 4263 1117 4315; x_wconf 81' lang='lat' dir='ltr'><strong>aoiui</strong></span> <span class='ocrx_word' id='word_1_421' title='bbox 1133 4277 1185 4316; x_wconf 90' lang='lat' dir='ltr'><strong>non</strong></span> 
     </span>
     <span class='ocr_line' id='line_1_43' title="bbox 59 4346 205 4411; baseline -0.007 -15"><span class='ocrx_word' id='word_1_422' title='bbox 59 4346 182 4411; x_wconf 78' lang='lat' dir='ltr'><strong>potsunt.</strong></span> <span class='ocrx_word' id='word_1_423' title='bbox 195 4364 205 4385; x_wconf 75' lang='grc' dir='ltr'><strong>ι»</strong></span> 
     </span>
    </p>
   </div>
   <div class='ocr_carea' id='block_1_4' title="bbox 0 0 1402 5064">
    <p class='ocr_par' dir='ltr' id='par_1_5' title="bbox 0 0 1402 5064">
     <span class='ocr_line' id='line_1_44' title="bbox 0 0 1402 5064; baseline 0 0"><span class='ocrx_word' id='word_1_424' title='bbox 0 0 1402 5064; x_wconf 95' lang='lat' dir='ltr'><strong> </strong></span> 
     </span>
    </p>
   </div>
  </div>
 </body>
</html>
