2796 5064
245 370 316 423 ttr.
337 371 386 423 nt.
404 369 444 420 nt
457 368 555 421 SENSU
569 370 661 420 ratb.
676 369 740 420 cla.
757 371 869 422 incise.
887 371 982 423 uara.
1000 373 1070 424 ΑΜ.
1088 373 1122 425 11.
1171 353 1239 424 353

121 486 306 562 adulteram
332 487 399 561 sibi
426 487 661 575 reconciliare,
687 487 858 563 licentiam
880 488 1024 578 habeat;
1046 491 1092 564 ita
1110 505 1242 579 tamen,

121 618 157 676 nt
179 602 310 702 pariter
325 627 402 674 cum
420 600 479 675 illa
495 601 734 702 poenitentiam
753 619 852 730 agat3
872 620 906 677 et
931 621 1047 678 exacta
1072 606 1246 706 poeniten-

121 714 190 803 tia,
215 732 293 816 post
310 729 438 814 septem
456 741 564 788 annos
581 714 625 787 ad
643 717 912 790 communionem
932 735 1073 819 uterque
1088 721 1238 795 accedat

121 829 252 902 Similis
277 829 385 903 forma
409 844 443 903 et
472 830 508 900 in
533 828 674 902 muliere
698 830 909 919 servabitur,
937 832 965 904 si
993 859 1068 905 eam
1092 833 1145 907 vir
1173 835 1246 909 cius

121 943 323 1018 adulteravit
344 946 502 1041 (209);»
532 944 596 1018 boc
622 961 676 1017 est
700 945 866 1019 adulterio
893 945 1026 1045 polluit.

193 1059 333 1132 Accedit
345 1059 523 1133 concilium
537 1059 753 1132 foroiuliense
768 1060 833 1134 sub
848 1087 878 1134 s.
889 1061 1029 1135 Paulino
1043 1063 1246 1163 aquileiensi

121 1199 179 1248 an.
202 1177 286 1247 791.
308 1174 511 1248 celebratum
536 1175 627 1275 quod
652 1202 729 1274 cap.
757 1177 798 1247 Χ.
834 1177 881 1249 ita
903 1179 1132 1276 quaestionem
1159 1179 1247 1256 hanc

122 1288 270 1362 dirimit:
290 1290 399 1362 altem
422 1288 545 1390 placuit
562 1306 619 1378 ut,
644 1287 790 1364 resoluto
810 1292 1041 1367 fornicationis
1059 1320 1163 1368 causa
1189 1296 1240 1369 iu-

121 1402 358 1502 galivinculo,
379 1430 445 1478 non
458 1404 661 1493 liceatviro,
684 1406 848 1506 quamdiu
859 1407 1011 1481 adultera
1026 1409 1119 1497 vivit,
1140 1408 1242 1483 aliam

122 1545 260 1593 uxorem
279 1518 421 1606 ducere,
444 1518 522 1593 licet
545 1519 590 1593 sit
614 1519 672 1593 illa
689 1519 856 1608 adultera3
882 1521 943 1594 sed
971 1549 1032 1596 nec
1053 1521 1241 1613 adulterae,

122 1660 208 1735 quae
229 1659 358 1733 poenas
375 1634 595 1732 gravissimas
612 1635 665 1708 rel
685 1636 909 1734 poenitentiae
934 1652 1134 1711 tormentum
1152 1639 1245 1714 luere

123 1747 241 1836 debet,
258 1748 363 1822 alium
376 1749 528 1848 accipere
541 1749 662 1837 virum,
680 1777 742 1824 nec
754 1751 898 1840 vivente,
915 1779 976 1826 nec
990 1770 1132 1842 mortuo,
1144 1780 1245 1854 quem

122 1888 188 1937 non
214 1862 350 1936 erubuit
372 1863 591 1951 defraudare,
620 1864 750 1938 marito.
779 1865 863 1936 Nam
889 1865 952 1938 etsi
978 1865 1107 1964 legatur
1132 1868 1167 1938 in
1186 1892 1242 1941 sa-

121 1976 188 2051 cris
201 1977 405 2075 evangelicis
423 1977 570 2077 paginis,
587 1978 660 2052 sola
673 1978 902 2052 fornicationis
916 2005 1020 2053 causa
1033 1980 1162 2055 dixisse
1176 1981 1243 2055 Do-

122 2092 272 2179 minum,
297 2092 465 2166 dimittere
486 2093 595 2167 virum
614 2119 750 2166 uxorem
772 2121 891 2182 suam;
912 2121 979 2168 non
998 2111 1108 2168 tamen
1127 2097 1247 2194 legitur

122 2208 335 2283 concessisse
357 2206 480 2295 aliam,
508 2208 639 2282 vivente
660 2207 738 2295 illa,
764 2208 799 2279 in
822 2209 978 2306 coniugio
1000 2210 1065 2283 sibi
1092 2211 1240 2285 sociare:

121 2322 342 2423 prohibuisse
373 2321 511 2422 quidem
543 2321 653 2394 modis
684 2321 840 2396 omnibus
865 2349 932 2396 non
959 2323 1153 2421 ambigitur.
1192 2324 1248 2398 Ait

121 2437 239 2512 enim:
264 2437 464 2536 Quicumque
486 2437 648 2509 dimiserit
671 2462 805 2509 umorem
822 2465 935 2524 suam,
955 2441 1024 2511 cisi
1043 2440 1081 2511 ob
1102 2441 1247 2538 fornico·

123 2554 262 2638 tionem,
291 2568 323 2625 ct
345 2554 450 2626 oliam
470 2551 625 2637 duxerit,
645 2553 854 2625 moechatur:
879 2568 910 2625 et
927 2556 986 2652 qui
1000 2553 1172 2626 dimissam
1189 2553 1247 2626 du
1293 2624 1297 2633 ,

121 2671 231 2754 serit,
257 2668 455 2741 moechatur.
477 2667 552 2754 Qua
575 2666 619 2740 dc
645 2693 680 2739 re
701 2667 748 2741 ita
769 2667 917 2740 diffinire
937 2668 1189 2768 prospeximus,
1210 2684 1248 2740 ut

122 2784 218 2859 iuxta
233 2782 370 2857 Domini
388 2781 584 2857 mellifluam
600 2807 736 2869 vocem,
760 2808 857 2856 nemo
876 2782 960 2856 haec
978 2781 1157 2856 interdicta
1174 2782 1246 2856 vio-

123 2896 210 2973 lator
233 2898 403 2972 inculcare
429 2911 633 2997 praesumat.
663 2897 728 2968 Sed
755 2897 915 2996 quoniam
937 2897 972 2968 in
998 2896 1110 2970 medio
1136 2896 1245 2971 ambi-

122 3040 212 3113 guus
234 3013 466 3113 ⁸interponitur
499 3037 628 3099 sermo,
661 3011 768 3098 idest,
801 3013 870 3083 nisi
899 3011 937 3083 ob
969 3012 1242 3110 fornicationem

123 3128 242 3231 quaeri
267 3129 425 3202 nimirum
447 3141 574 3227 potest,
603 3141 715 3200 utrum
740 3125 784 3198 ad
809 3124 914 3199 solam
939 3125 1108 3198 licentiam
1131 3124 1245 3198 dimit·

124 3243 217 3319 tendi
239 3267 397 3330 uxorem,
424 3244 483 3340 qui
506 3240 665 3312 dimiserit
686 3267 821 3313 umorem
836 3242 904 3312 nisi
919 3240 957 3312 ob
979 3240 1241 3337 somicctiM,

123 3383 165 3431 an
181 3357 285 3432 etiam
304 3356 348 3431 ad
368 3371 548 3455 utrumque
560 3353 687 3427 dictum
705 3354 862 3442 refertur,
886 3353 950 3428 hoc
967 3369 1039 3443 est,
1059 3354 1102 3426 ad
1120 3351 1241 3441 aliam,

200 3599 269 3661 (aaa)
281 3598 344 3649 ibid.
356 3602 428 3650 Tom.
441 3601 483 3649 Vi.
496 3601 552 3648 Par.
565 3600 585 3648 1.
600 3597 648 3648 cot.
660 3602 714 3649 teo.
726 3611 778 3660 seq.
794 3597 839 3647 itic
856 3610 935 3647 canon
954 3598 1022 3647 extat
1031 3597 1106 3647 etiarn
1124 3589 1172 3647 lin
1183 3598 1239 3646 vii.

121 3678 303 3743 capitularium
313 3692 368 3741 cap.
388 3685 441 3728 298:
457 3680 482 3727 et
493 3677 518 3726 in
534 3676 669 3726 canonibus
680 3676 756 3726 isaaci
768 3676 927 3738 lingonensis
938 3678 976 3726 ut.
992 3683 1014 3726 s.
1031 3688 1085 3738 cap.
1099 3683 1121 3726 2.
1136 3677 1164 3724 ln
1176 3675 1242 3724 hunc

123 3773 245 3810 canonem
265 3761 312 3809 rite
330 3759 446 3808 observat
465 3757 602 3808 cotelerius
621 3757 646 3806 in
661 3760 718 3806 ncta
730 3755 762 3806 ad
772 3757 915 3806 Mandatum
925 3758 966 3806 iv.
978 3756 1021 3805 fib.
1037 3757 1071 3805 ii.
1085 3757 1190 3805 Hermae
1201 3757 1244 3804 Pa·

123 3839 208 3889 dorm:
228 3841 279 3887 «ln
299 3839 424 3902 praedicto
443 3850 537 3888 conone
558 3837 707 3886 namnetensi
727 3837 888 3899 praecipitur,
907 3840 934 3885 ut
953 3837 1043 3886 coniux
1056 3836 1140 3885 insons
1150 3834 1241 3897 pariter

121 3931 178 3968 cum
198 3920 271 3969 sonte
290 3921 347 3982 agat
366 3917 552 3982 paenitentiam
574 3930 624 3966 non
641 3917 740 3967 insolito
761 3917 821 3967 oiim
841 3918 1021 3968 ecclesimtioee
1040 3915 1184 3978 disciplinae
1205 3914 1240 3963 vi·

122 4012 193 4062 gere,
215 3998 288 4048 cuius
308 3999 413 4049 mtionee
432 4011 485 4048 csse
504 3998 618 4048 videntur
640 3998 699 4047 hae:
721 4001 800 4048 metus
821 4011 853 4047 ne
874 3997 990 4048 immunis
1011 3996 1242 4059 illegitimarum

121 4079 274 4142 atiquatenus
289 4079 328 4128 ret
348 4078 443 4128 occasio
463 4078 572 4129 extiterit
594 4078 708 4129 adulterii
719 4096 727 4141 ς
740 4079 848 4142 suspicio
862 4077 1051 4129 incontinentiae
1065 4064 1244 4138 in'reposcente

121 4160 266 4222 coniugem,
278 4159 303 4209 et
319 4158 486 4222 comprobatio
505 4171 577 4209 verae
595 4158 824 4208 reconciliationis.»
843 4157 939 4217 Quibus
949 4156 1012 4207 aliae
1022 4155 1096 4206 adiici
1106 4153 1178 4205 tacite
1188 4167 1242 4218 pos·

121 4242 183 4292 tent.
201 4239 305 4290 interim
322 4239 362 4290 his
381 4239 502 4303 frangitur
521 4238 625 4290 airdncia
637 4239 755 4301 Lanuuii,
768 4238 810 4302 qui
827 4251 931 4289 censura
942 4235 1084 4301 perstrinxit
1098 4233 1172 4286 huius
1186 4246 1243 4287 aon·

121 4318 174 4373 ciiii
192 4320 292 4384 peaes,
304 4317 363 4382 quta
384 4317 432 4367 sibt
450 4318 620 4369 adremantur.

210 4428 251 4483 lff
1135 4427 1169 4478 Ἠ
