2842 5056
153 382 223 455 tes
297 403 359 453 ιιι.
375 401 424 453 ιι.
440 398 527 451 ιιιι.
543 396 674 450 ιιιιιι.
690 396 732 449 ιι
744 396 859 449 metm.
875 396 973 449 ιιιι.
989 396 1129 451 muner.

150 520 310 625 Apostolo
323 519 523 593 iniuriosum
538 516 748 604 incidamus,
764 516 930 591 fateamur
941 542 1093 593 necesse
1104 532 1167 593 est
1178 516 1291 618 ipsum

148 638 218 712 illis
234 635 369 711 verbis:
392 630 487 720 Quod
502 633 535 705 si
549 631 748 718 discesserit,
768 658 897 706 moero
914 634 1118 731 innuptam,
1140 648 1208 707 ont
1222 636 1291 707 or'ro

149 780 209 827 suo
232 750 442 825 reconciliari
452 804 462 834 ,
488 747 638 823 locutum
662 773 739 823 esse
762 748 807 823 ds
830 747 1065 838 discessione,
1087 774 1190 848 quae
1205 748 1290 825 iusta

151 894 193 941 ex
212 892 318 941 causa
342 866 430 939 lacta
459 863 579 949 luerit,
607 862 694 937 adeo
719 877 757 937 ut
771 889 862 938 vers.
884 866 943 937 tt.
965 864 1140 939 iniustam
1159 864 1290 939 disces·

151 982 283 1059 sionem
300 981 459 1067 vetuerit,
478 1006 567 1055 rers.
588 996 700 1053 autem
715 982 775 1053 11.
793 996 871 1081 post
888 982 1012 1055 iustam
1031 980 1145 1054 edum
1164 980 1288 1056 disces

151 1097 282 1172 sionem
299 1094 442 1171 edixerit
457 1093 627 1169 secundas
645 1094 780 1194 nuptias
802 1102 872 1169 non'
894 1092 1024 1183 licere,
1054 1094 1123 1169 sed
1149 1120 1285 1171 uxorem

151 1211 275 1287 debere
299 1210 352 1286 vel
376 1211 450 1287 viro
475 1210 707 1299 reconciliari,
733 1209 788 1285 rel
813 1210 991 1310 innuptam
1015 1236 1180 1286 manere.

236 1328 333 1402 Hanc
356 1328 500 1403 huiusce
528 1326 593 1401 loci
623 1326 953 1428 interpretationem,
980 1352 1076 1427 quae
1107 1326 1184 1427 ipsi
1210 1352 1286 1402 con·

152 1445 256 1517 textui
283 1460 510 1519 consentanea
532 1458 604 1531 est,
632 1458 734 1543 atqm
754 1469 796 1517 ex
821 1442 939 1517 eodem
963 1442 1170 1519 necessario
1194 1444 1285 1519 alsse

152 1558 274 1646 rescit,
297 1573 447 1657 praestat
471 1574 620 1631 veterum
647 1556 845 1631 auctoritate
868 1556 1014 1631 firmare.
1045 1556 1144 1631 Sane
1168 1584 1202 1632 s.
1221 1556 1286 1631 Au-

152 1673 310 1770 gustinus
326 1672 387 1744 lib.
399 1673 426 1744 l.
444 1672 492 1744 De
509 1674 639 1771 conice.
660 1671 802 1745 adulter.
819 1671 937 1773 primis
950 1686 1103 1772 quatuor
1113 1671 1285 1774 capitibus

153 1803 243 1862 totus
272 1788 307 1859 in
329 1812 370 1861 eo
387 1804 459 1873 cst,
484 1802 521 1859 ut
543 1786 697 1862 Pollentii
721 1787 878 1861 excludat
901 1786 1176 1886 expositionem,
1197 1786 1286 1889 quod

154 1927 277 2000 nempe
302 1901 479 1975 fornicatio
499 1927 566 1974 non
591 1900 693 1976 modo
720 1902 823 1975 unica
846 1901 892 1975 sit
916 1900 1071 1998 legitima
1093 1927 1209 1978 censa
1236 1903 1287 1977 di·

152 2042 310 2103 scessus,
339 2016 401 2091 sed
423 2018 523 2091 etiam
550 2018 647 2106 talis,
676 2033 715 2091 ut
738 2044 778 2091 ea
796 2018 1039 2093 interveniente
1057 2018 1151 2093 ulter
1166 2021 1286 2095 coniux

152 2130 372 2205 alornicante
388 2130 589 2218 discedens,
606 2132 693 2207 alias
706 2132 844 2232 nuptias
859 2132 968 2233 possit
984 2132 1086 2207 inire.
1108 2136 1150 2207 S.
1167 2136 1288 2210 lloctor

153 2244 308 2318 concedit
328 2243 487 2344 quidem,
516 2246 619 2322 immo
635 2262 669 2322 et
693 2247 868 2321 contendit
894 2246 1001 2321 solam
1023 2246 1287 2325 fornicationem

153 2384 231 2433 esse
256 2359 440 2457 legitimam
465 2358 662 2435 discedendi
688 2386 827 2435 causam
845 2360 917 2436 sire
938 2361 1012 2435 riro
1032 2362 1110 2437 sire
1128 2364 1285 2453 mulieri;

153 2473 214 2548 sed
240 2474 287 2548 ita
311 2491 349 2549 ut
369 2474 513 2549 debeant
531 2477 663 2577 innupti
684 2503 900 2576 permanere;
922 2475 1084 2550 nimirum
1109 2479 1289 2554 contendit

152 2588 353 2664 adulterium
378 2616 455 2664 csse
480 2617 618 2665 causam
646 2592 779 2665 divortii
804 2618 825 2665 a
851 2591 922 2666 solo
948 2607 1019 2665 toro
1048 2608 1083 2667 et
1108 2594 1286 2670 cohabita-

152 2706 260 2794 tione,
289 2732 356 2780 non
381 2723 493 2780 autem
516 2707 628 2806 quoad
654 2706 840 2781 vinculum.

225 2824 317 2896 llaec
342 2839 422 2896 sunt
442 2823 621 2921 Augustini
648 2822 766 2895 verba:
791 2824 908 2897 cllum
928 2824 1173 2923 (Apostolum)
1195 2827 1286 2902 velut

152 2939 420 3038 interrogemus,
441 2956 474 3012 et
497 2955 667 3039 tamquam
690 2956 899 3037 praesentem
925 2939 1185 3039 quodammodo
1209 2969 1285 3017 cou-

152 3055 319 3129 sulamus.
354 3054 422 3128 Cur
448 3056 563 3128 dixisti
590 3055 772 3155 Apostole,
809 3056 895 3156 qnod
920 3058 953 3129 si
974 3055 1186 3143 discesserit,
1214 3084 1285 3131 mo-

150 3197 225 3242 nere
251 3172 451 3268 innuptam?
475 3171 609 3244 Licetne
634 3171 826 3259 discedere,
852 3198 895 3244 an
922 3198 989 3245 non
1017 3170 1124 3244 licet?
1151 3174 1187 3246 Si
1215 3199 1283 3247 non

150 3283 250 3372 licet,
272 3311 332 3358 cur
349 3287 516 3387 praecipis
533 3287 739 3374 discedenti,
765 3304 802 3361 ut
824 3304 959 3360 maneat
976 3287 1151 3387 innupta?
1169 3290 1205 3362 si
1224 3316 1285 3363 au·

152 3415 217 3474 tem
244 3400 337 3489 licet,
367 3402 515 3501 prolecto
538 3418 590 3476 est
612 3402 727 3502 aliqua
749 3430 854 3476 causa
871 3430 939 3503 qua
962 3401 1074 3476 liceat.
1105 3404 1203 3479 Haec
1227 3432 1284 3479 au·

151 3533 217 3590 tem
244 3518 406 3619 inquisita
432 3546 498 3591 non
529 3520 724 3607 invenitur,
754 3520 821 3593 nisi
854 3546 955 3620 quam
990 3518 1099 3592 solam
1126 3521 1286 3597 Salvator

149 3633 296 3731 excepit,
321 3633 443 3721 idest,
465 3659 567 3706 causa
590 3634 832 3707 fornicationis.
854 3634 901 3707 Ac
920 3660 978 3733 per
999 3634 1065 3708 hoc
1092 3662 1163 3710 non
1185 3664 1286 3737 prae·

149 3747 239 3846 cepit
260 3747 441 3849 Apostolus
458 3749 634 3822 mulierem
653 3750 681 3822 si
700 3751 896 3823 discesserit
918 3775 1052 3823 manere
1077 3750 1281 3852 innuptam,

150 3861 217 3935 nisi
242 3889 331 3963 quae
357 3862 416 3936 illa
437 3890 541 3937 causa
568 3863 714 3938 discedit
737 3892 757 3938 a
778 3866 871 3954 viro,
900 3893 967 3966 qua
992 3864 1065 3940 sola
1090 3867 1122 3938 ei
1150 3867 1286 3942 licitum

149 3993 202 4050 est
222 3977 398 4052 discedere
419 4007 440 4051 a
464 3979 549 4052 viro.
572 3979 635 4051 Ubi
657 3982 745 4053 enim
770 3981 917 4068 dicitur,
949 3982 1124 4080 Praecipio
1146 4011 1216 4056 ooo
1234 3983 1288 4056 di-

147 4091 294 4177 scederc,
331 4093 417 4192 quod
440 4095 473 4165 si
496 4094 701 4180 discesserit,
731 4122 860 4168 manere
892 4099 1085 4195 inceptum,
1122 4098 1219 4173 absit
1249 4116 1288 4173 ut

147 4222 263 4281 contra
279 4209 345 4282 hoc
364 4226 580 4309 praeceptum
599 4210 716 4298 laciat,
740 4238 828 4311 quac
849 4212 899 4286 sic
919 4212 1065 4286 discedit
1081 4230 1120 4286 ut
1138 4215 1293 4319 innupta·

148 4341 355 4423 permaneat.
377 4325 449 4400 Nisi
476 4351 556 4422 ergo
583 4324 641 4400 illa
667 4324 879 4426 intelligatur
900 4329 954 4402 cui
981 4327 1060 4403 licet
1079 4329 1286 4419 discedere,
