2796 5064
271 396 339 447 usn.
359 396 405 446 rr.
424 397 464 447 nr
477 396 555 448 mss.
571 398 668 449 uara.
682 400 1155 465 mrrraoa'consmrurtnnrr.
1192 387 1257 457 ott

143 540 248 617 qnam
272 516 341 588 rim
368 515 550 604 haherent,
571 542 638 590 non
657 518 757 592 modo
782 521 981 594 sententiam
1008 522 1095 597 hanc
1119 525 1261 624 impete-

145 647 221 708 rent
236 631 280 705 de
302 633 466 731 potestate
490 633 659 732 pontificis
683 633 904 734 dispensandi
931 640 1050 734 graues
1072 640 1115 713 oh
1139 666 1260 721 causas

144 775 164 822 a
190 746 326 822 vinculo
350 748 550 822 matrimonii
578 750 662 836 rati,
691 751 878 824 sedetiam
906 755 977 852 pari
1004 755 1102 829 modo
1127 756 1262 856 impeta

145 880 220 939 rent
241 863 494 963 praecedentem
511 863 734 962 dogmaticum
755 866 877 941 thesim
899 867 1125 944 desolatione
1146 871 1261 944 matri·

145 980 250 1054 monii
276 978 339 1052 rati
365 1005 425 1078 per
449 977 630 1053 solemnem
663 980 833 1079 religionis
868 984 1122 1081 professionem.
1152 985 1261 1085 Atque

145 1098 224 1172 heic
247 1096 355 1171 obiter
379 1112 457 1170 noto
482 1096 641 1197 pleraque
665 1116 860 1197 argumenta
884 1126 971 1199 quae
988 1100 1261 1201 hancimpetunt

145 1211 367 1299 sententiam,
388 1212 549 1311 impetere
573 1212 697 1312 pariter
713 1211 852 1287 alteram
876 1212 1111 1288 desolatione
1134 1217 1194 1314 per
1211 1240 1262 1290 so·

146 1328 291 1402 lemnam
317 1324 489 1423 religionis
511 1326 766 1427 professionem.
794 1327 929 1403 Scilicet
945 1329 989 1403 oh
1014 1328 1260 1428 easdem-pene

147 1441 296 1515 rationes
308 1440 351 1514 ob
364 1467 450 1541 quas
469 1440 630 1515 haeretici
644 1443 740 1517 aiunt
751 1443 928 1518 ecclesiam
940 1470 1053 1518 errare
1070 1445 1151 1518 dum
1163 1444 1262 1519 docet

144 1556 395 1632 matrimonium
415 1575 524 1631 ratum
544 1586 608 1659 per·
622 1559 803 1634 solemnem
827 1559 998 1658 religionis
1017 1560 1259 1660 professionem

144 1671 307 1761 dissolvi,
325 1672 381 1746 isti
399 1670 556 1747 catholici
570 1671 716 1772 theologi
733 1675 900 1749 affirmant
919 1676 1096 1750 Pontifices
1109 1695 1253 1763 errasse,

145 1789 228 1862 dum
246 1788 290 1862 oh
306 1788 392 1863 alias
409 1814 532 1864 censes
550 1790 797 1865 matrimonium
817 1808 927 1865 ratum
939 1791 1177 1865 dissolverunt.
1228 1822 1232 1853 1

218 1901 330 1991 Quum
355 1928 434 1978 vero
461 1906 545 1980 haec
569 1932 590 1979 a
614 1905 688 1980 rino
720 1903 889 1980 catholico
919 1907 1051 2007 probari
1084 1932 1150 1979 non
1181 1910 1260 2005 posi

144 2019 234 2106 sint,
263 2036 295 2093 et
318 2020 491 2119 pontificia
516 2021 697 2095 auctoritas
730 2047 819 2094 unus
844 2048 885 2094 ex
911 2018 1057 2095 fontibus
1087 2045 1148 2094 san
1177 2019 1260 2093 locis

143 2134 344 2233 theologicis
362 2135 408 2210 sit
424 2134 467 2209 ad
494 2135 695 2209 firmandam
722 2132 871 2236 aliquam
893 2137 1108 2210 doctrinam»
1128 2152 1259 2236 postea·

141 2276 247 2351 qnam
280 2277 364 2325 rom.
397 2252 576 2324 Pontifices
600 2268 633 2325 et
657 2252 757 2325 dictis
781 2268 815 2325 et
847 2252 944 2327 factis
971 2253 1199 2352 patefecerunt
1223 2274 1261 2324 se

144 2388 247 2466 posse
272 2367 389 2439 divina
407 2367 449 2439 ad
469 2366 502 2438 id
522 2367 691 2465 praeditos
717 2367 895 2455 facultate,
916 2367 1113 2466 urgentibus
1131 2366 1257 2453 causis5

145 2480 408 2580 exposcentibus
428 2481 507 2553 item
533 2480 621 2555 hono
646 2507 686 2554 ac
710 2480 854 2554 utilitate
875 2480 1042 2568 fidelium,
1063 2480 1261 2578 dispensare

143 2597 180 2668 in
207 2597 420 2671 matrimonio
446 2611 539 2683 rato,
559 2621 658 2670 nemo
682 2595 750 2668 iam
776 2595 851 2669 sine
872 2595 1067 2668 temeritatis
1093 2611 1171 2666 nota
1201 2619 1261 2692 po-

142 2710 223 2784 terit
239 2709 327 2783 hanc
350 2725 548 2810 potestatam
566 2709 759 2783 indubium
786 2734 961 2797 revocare,
982 2704 1088 2786 multo
1104 2733 1184 2782 vero
1200 2708 1261 2779 mi·

142 2852 210 2899 nus
236 2824 393 2899 inficiari.

218 2942 285 3015 Nec
318 2939 401 3013 illud
437 2940 570 3014 silentio
603 2941 783 3040 praeterire
814 2939 976 3014 dehemus
1009 2938 1099 3037 quod
1135 2938 1259 3011 summi

145 3056 323 3131 Pontifices
355 3055 447 3128 hand
473 3081 574 3130 caeca
598 3056 743 3144 ratione,
777 3054 838 3129 sod
863 3053 1016 3128 consulto
1041 3078 1118 3128 sese
1143 3077 1258 3150 gesse-

145 3175 214 3246 rint
246 3173 280 3244 in
314 3172 479 3246 eiusmodi
514 3171 828 3271 dispensationibus
858 3171 1095 3246 concedendis.
1126 3169 1257 3243 Etenim

141 3289 298 3362 Clemens
309 3289 397 3361 vltt.
416 3287 522 3361 voluit
538 3289 736 3389 utquaestio
754 3289 837 3362 haec
856 3286 1168 3384 incongregatione
1186 3309 1261 3385 par-

147 3403 279 3478 ticulari
303 3419 379 3479 octo
396 3405 431 3476 S.
448 3405 486 3476 ll.
504 3404 544 3476 Ε.
562 3404 804 3492 cardinalium,
826 3418 971 3504 quatuor
996 3426 1066 3475 sac.
1088 3392 1191 3478 Rotae
1207 3426 1264 3474 aa·

146 3520 307 3608 (litorum,
322 3520 534 3620 duorumque
551 3519 737 3618 insignium
755 3518 985 3617 theologorum
1002 3517 1257 3617 expenderetur.

145 3635 197 3708 Ab
213 3636 331 3709 eadem
348 3661 448 3735 porro
464 3635 722 3735 congregatione
748 3635 946 3733 suffragium
972 3633 1077 3707 latum
1095 3646 1174 3718 est‚-
1193 3650 1262 3729 qno

147 3751 314 3825 sententia
330 3751 384 3855 dc
399 3752 520 3824 summi
544 3752 718 3851 pontificis
742 3765 907 3852 potestate
924 3749 958 3821 in
976 3745 1176 3820 dirimendis
1194 3770 1263 3817 ma·

148 3865 315 3940 trimouiis
341 3867 423 3940 ratis
448 3865 603 3956 laudata,
624 3867 832 3974 probataque
857 3879 1020 3963 est,‘qua
1044 3850 1263 3960 insequentes

148 3981 271 4054 sttmmi
304 3980 482 4056 Pontifices
513 3981 786 4057 constantissime
802 3981 853 4055 'ad
880 3980 944 4055 hos
969 4002 1079 4078 usque
1108 3974 1183 4049 dies
1207 3972 1262 4047 usi

148 4111 228 4171 sunt
249 4099 363 4194 (tta).
545 4116 548 4121 ·
1078 4110 1091 4133 ’·
1151 4132 1154 4137 <

219 4301 286 4364 (ttt)
301 4300 341 4351 ct.
355 4300 518 4352 thesaurum
528 4300 680 4353 motuttcn.
693 4313 747 4351 roc.
760 4310 848 4362 conor.
864 4299 940 4349 conc.
953 4299 1013 4348 tom
1025 4296 1074 4346 hv.
1089 4295 1181 4343 nomae
1195 4295 1263 4342 ttae.

138 4382 163 4434 in
177 4384 265 4433 cauto
284 4383 393 4434 ntctcnst
412 4394 459 4434 sert
474 4384 610 4434 temtans
627 4394 682 4446 pag.
696 4387 734 4433 te.
1121 4452 1141 4495 ἢ*
