2796 5064
629 412 767 466 rnnrx.
1183 393 1254 464 tet-

134 542 214 615 har.
245 525 288 611 11ss
319 537 369 610 lle
397 533 601 634 quibusdem
627 532 807 630 exegeticis
826 530 1155 630 interpretationibus

353 647 869 725 extemporalem
874 701 979 720 .......
983 684 986 691 ·
990 704 1129 720 .........
1137 650 1253 720 »177

183 772 220 868 §.
250 770 276 840 l.
327 766 512 840 Nonnullae
539 764 729 862 exegetioae
755 789 871 837 eorum
890 777 1039 836 textuum
1059 765 1157 838 inter-

354 882 555 981 pretationes
581 880 740 953 historice
764 894 977 978 exponuntur
988 936 1126 952 .........
1134 911 1151 948 n
1203 881 1250 953 ib.
1278 960 1281 967 ,

184 998 220 1096 §.
251 999 293 1070 ll.
329 994 499 1069 Sententia
524 993 658 1068 illorum
678 991 877 1093 expenditur
894 992 954 1092 qui
969 1009 1088 1091 putant
1102 1020 1159 1067 ex·

354 1111 541 1211 ceptionem
569 1109 800 1184 fornicationis
832 1109 953 1181 factam
979 1134 999 1180 a
1024 1109 1159 1182 Christo

355 1226 461 1298 luisse
478 1241 607 1298 tantum
624 1225 667 1299 ad
682 1240 825 1297 mentem
845 1223 929 1321 legis
948 1224 1154 1298 mosaicae.»
1184 1227 1253 1298 181

186 1341 222 1437 §.
253 1341 313 1412 lll.
329 1340 503 1413 Excutitur
526 1365 642 1413 eorum
667 1338 849 1424 sententia,
879 1339 938 1438 qui
964 1338 1158 1412 alterutrum

356 1452 512 1526 Matthaei
528 1464 653 1527 textum
668 1452 859 1548 intelligunt
875 1451 919 1524 de
936 1453 1158 1542 matrimoniis

356 1567 575 1655 iudaeorum,
595 1566 648 1640 vel
667 1568 851 1666 primorum
870 1566 1020 1639 fidelium
1039 1568 1097 1667 qui
1116 1594 1156 1641 ex

357 1683 524 1755 iudaismo
544 1683 588 1755 ad
610 1682 735 1755 Christi
759 1681 859 1754 fidem
881 1682 1156 1755 transierunt...»
1186 1685 1254 1755 183

189 1801 226 1898 §.
257 1800 307 1870 tv.
324 1798 531 1897 Expenditur
544 1795 851 1897 illorumfplaeitum
867 1799 925 1896 qui
942 1823 1057 1871 vocem
1071 1819 1159 1896 trep-

358 1909 438 1985 νεία
463 1916 632 2012 ex'ponunt
655 1912 698 1984 de
724 1912 943 1988 fornicatione
959 1913 1012 1986 vel
1030 1914 1158 2011 flagitio

358 2043 435 2101 ante
459 2026 577 2099 initum
603 2028 851 2101 matrimonium
877 2044 1006 2129 patrato
1011 2087 1131 2102 ........
1139 2060 1156 2099 n
1186 2031 1255 2102 186

186 2145 223 2242 9.
252 2145 289 2215 V.
323 2141 492 2216 Sententia
517 2142 648 2215 illorum
675 2143 855 2230 excutitur,
884 2144 942 2243 qui
970 2144 1161 2219 fornicatio

359 2259 412 2332 nis
437 2284 549 2332 vocem
577 2284 643 2330 non
661 2257 704 2330 de
728 2257 910 2346 adulterio,
931 2261 992 2334 sed
1010 2261 1053 2333 de
1071 2275 1160 2336 statu

359 2374 537 2448 fornicario
563 2387 595 2446 et
620 2372 843 2447 concubinatu
866 2391 1036 2475 exponunt
1041 2434 1130 2448 ......
1139 2408 1155 2446 n
1185 2378 1250 2448 ttt

140 2490 220 2562 har.
250 2490 309 2560 lll.
326 2488 521 2585 Dogmatica
545 2485 716 2560 Ecclesiae
736 2488 966 2589 interpretatio
985 2490 1157 2563 doetrinae

358 2602 503 2676 biblicae
540 2603 582 2674 de
620 2601 914 2677 indissolubilitate
955 2604 1156 2680 Matrimonii

357 2717 531 2789 christiani
553 2716 759 2812 argumentis
778 2715 1037 2791 hermeneutiois
1056 2719 1162 2792 scien-

358 2831 446 2904 tifice
464 2830 713 2909 demonstratur
717 2890 1132 2911 ..........................
1141 2864 1158 2903 n
1188 2837 1256 2906 tot

187 2947 223 3043 5.
253 2947 279 3018 l.
331 2945 617 3020 lndissoluhilitas
644 2947 848 3022 matrimonii
866 2948 1159 3028 christianiatiam

359 3062 394 3133 in
420 3088 523 3136 causa
553 3062 709 3136 adulterii
734 3089 775 3137 ex
806 3064 993 3138 scientifica
1026 3066 1158 3161 exegesi

257 3172 260 3181 '
358 3190 507 3249 textuum
524 3176 641 3250 Matth.
657 3177 694 3248 V.
711 3193 744 3250 et
760 3177 848 3250 lllll.
879 3177 1055 3251 deducitur
1060 3236 1132 3253 .....
1141 3210 1157 3246 n
1207 3179 1254 3251 ib.

188 3290 223 3386 3.
254 3291 297 3362 ll.
331 3290 457 3364 Eadem
488 3291 716 3391 interpretatio
749 3308 898 3367 textuum
928 3292 1086 3367 Matthaei
1118 3295 1161 3367 de

262 3472 265 3476 .
358 3404 550 3479 omnimoda
581 3404 755 3481 christiani
781 3408 982 3481 matrimonii
1014 3409 1161 3492 indisso·

359 3518 523 3593 lubilitate
547 3547 588 3593 ex
612 3521 713 3594 Mami
731 3522 772 3592 X.
796 3536 831 3594 et
847 3523 926 3596 Luc.
955 3524 1041 3603 XVI.
1061 3524 1162 3599 stabi-

358 3630 438 3704 litur
443 3691 1131 3711 ...........................................
1140 3669 1157 3708 »
1187 3640 1256 3709 219

189 3745 225 3841 5.
258 3746 315 3818 lll.
338 3745 464 3823 Eadem
489 3763 639 3823 textuum
664 3748 821 3824 Matthaei
851 3752 1080 3850 interpretatio
1118 3754 1161 3826 de

222 3944 233 3962 ·
359 3877 519 3960 perpetua
545 3865 692 3961 coniugii
717 3865 891 3939 christiani
916 3866 1160 3941 indissolubili-

360 3992 426 4049 tate
451 4002 491 4049 ex
515 3976 675 4075 Apostolo
692 3979 787 4053 Rom.
804 3981 873 4054 vlt.
889 3996 923 4062 et
940 3983 966 4052 l.
989 3982 1064 4055 Cor.
1085 3984 1155 4055 Vll.

247 4157 249 4161 ,
358 4090 629 4169 οοιιῦτωαιιπ...,
634 4146 1130 4172 ...............................
1139 4132 1155 4168 »
1186 4103 1256 4174 228
