2796 5064
332 397 401 449 ιιι.
417 398 439 448 ι.
457 397 497 449 na
515 396 689 448 ιοιιιιιιιιι
706 397 912 448 ιιιιιιιιιιιιι.
929 398 1000 448 aar.
1012 396 1059 447 ru.
1203 373 1246 447 ld

144 533 257 590 natura
283 515 437 589 coneedit.
467 514 525 589 lus
554 512 688 614 prioris¹
704 513 838 613 generis
871 511 1014 588 habetur
1039 530 1078 588 ut
1101 512 1249 590 medinm

142 632 370 705 necessarium
397 630 457 703 lini
482 629 684 716 obtinendo,
711 655 813 729 quam
838 645 958 702 natura
983 629 1059 728 ipsa
1086 628 1247 716 intendit;

140 763 173 820 ut
191 745 342 819 madium
365 771 445 819 vero
470 771 537 819 non
560 745 697 820 omnino
721 744 971 832 numerarium,
999 761 1035 818 at
1056 744 1252 818 naturaliter

139 862 219 936 utile
233 863 289 936 ius
301 861 443 936 habetur
460 861 598 936 alterius
615 862 760 961 generis.
779 863 849 935 lam
870 888 949 936 vero
971 861 1025 936 ius
1042 861 1133 962 quod
1149 860 1253 935 habnt

139 978 280 1050 maritus
307 977 502 1077 possidendi
528 976 621 1052 solus
646 1003 784 1051 uxorem
808 977 861 1049 ius
886 992 939 1050 est
963 975 1084 1076 prioris
1109 973 1248 1074 speoiai,

138 1091 219 1190 quia
245 1091 423 1189 pluralitas
449 1091 596 1167 virorum
624 1092 791 1167 contraria
815 1107 868 1165 ast
890 1090 1096 1189 generationi
1117 1106 1151 1164 et
1175 1115 1251 1190 pro-

140 1207 312 1305 pagationi
337 1208 469 1304 generis
494 1208 654 1296 humani,
674 1234 761 1308 quae
781 1225 834 1282 ast
853 1207 932 1281 linis
954 1205 1100 1305 coniugii
1126 1205 1252 1304 prima·

140 1322 211 1395 rius
228 1338 295 1396 eta
309 1338 426 1396 natura
440 1323 598 1398 intentus.
619 1322 741 1398 Contra
752 1349 832 1397 vero
844 1324 897 1397 ius
911 1322 1002 1422 quod
1015 1320 1118 1395 habet
1130 1320 1252 1395 mulier

141 1438 339 1535 possidendi
365 1437 437 1511 sola
461 1437 618 1511 maritum
643 1454 695 1512 est
723 1437 861 1511 alterius
887 1436 1033 1537 speciei,
1060 1435 1142 1535 quia
1169 1460 1252 1509 uxo-

142 1579 214 1624 rum
237 1550 415 1650 pluralitas
441 1551 499 1624 lini
526 1552 685 1651 primario
710 1551 914 1626 matrimonii
936 1550 1075 1624 minime
1100 1549 1253 1624 advorsa·

142 1685 204 1740 tur.
227 1667 328 1753 Quod
345 1689 424 1742 vero
441 1668 559 1741 attinet
573 1667 618 1740 ad
636 1667 720 1740 fines
739 1666 976 1752 secundarios,
992 1666 1033 1752 ii,
1049 1664 1127 1738 licet
1138 1690 1249 1762 aegre,

141 1781 295 1856 absoluta
319 1797 449 1869 tamam
475 1808 551 1856 oum
575 1782 731 1880 ooniugio
760 1782 939 1882 polygamo
963 1781 1148 1855 consistam
1174 1805 1252 1879 poa·

143 1914 232 1969 sunt.
251 1897 326 1982 Quo
346 1897 399 1983 fit,
420 1912 457 1970 nt
473 1923 556 1971 uxor
576 1896 714 1997 quidem
739 1895 859 1971 cadero
878 1895 986 1996 possit
1009 1895 1075 1967 iuri
1093 1920 1173 1982 suo,
1194 1920 1253 1968 nn·

142 2028 244 2111 queat
268 2027 380 2086 autem
405 2014 557 2087 maritus.
587 2013 675 2100 Quia
708 2039 784 2086 oum
813 2013 923 2110 agitur
948 2011 991 2085 de
1016 2012 1088 2086 iure
1114 2010 1250 2098 mariti,

144 2126 309 2222 agiturdo
321 2125 410 2200 bono
423 2142 574 2215 naturae,
590 2127 726 2226 quando
737 2144 847 2202 autem
860 2128 905 2200 de
916 2127 989 2200 iure
1001 2125 1250 2224 agituruxorin‚

144 2243 254 2339 agitur
280 2242 494 2341 potissimum
515 2243 558 2318 de
583 2243 672 2318 bono
698 2269 882 2344 porsonae;
910 2241 1011 2331 hino,
1036 2242 1104 2316 nisi
1125 2240 1177 2315 lex
1195 2266 1255 2341 po·

145 2357 240 2431 sitive
252 2356 370 2457 aliqua
382 2358 510 2446 obstet,
532 2378 631 2460 prout
647 2360 757 2434 obstat
778 2359 991 2458 evangelica,
1014 2357 1255 2460 potestatique

145 2497 224 2545 uxor
249 2471 306 2544 ius
331 2498 430 2546 suum
456 2473 514 2546 alii
542 2475 752 2575 participare.
774 2475 986 2575 Quapropter
1004 2473 1129 2574 duplex
1153 2473 1254 2547 etiam

144 2586 308 2684 distingui
333 2605 442 2687 potest
466 2588 670 2690 polygamia,
691 2590 726 2662 in
744 2617 886 2690 quarum
911 2589 1016 2663 altera
1039 2588 1183 2663 violatur
1199 2591 1254 2661 ins

145 2701 232 2800 quod
259 2703 441 2802 aequisivit
464 2731 548 2777 uxor
573 2705 769 2804 possidendi
796 2705 869 2780 sola
894 2706 1075 2791 maritum3
1102 2703 1193 2803 quod
1223 2703 1253 2777 si

146 2816 223 2905 fiat,
255 2816 448 2916 polygamia
472 2819 574 2893 etiam
599 2821 738 2919 exlege
767 2821 909 2896 naturali
935 2821 1048 2895 ovadit
1073 2819 1191 2892 illicita
1215 2844 1256 2893 ae

146 2931 286 3020 iniusta;
311 2932 513 3009 altera'vero
532 2935 654 3036 inqua
677 2962 762 3010 uxor
787 2952 927 3036 sponte,
958 2934 1050 3007 nulla
1071 2933 1255 3008 obsistente

146 3049 287 3146 positiva
300 3047 392 3146 lege,
410 3067 447 3124 ut
458 3048 584 3124 dietum
598 3068 670 3139 est,
688 3053 753 3126 iuri
768 3078 831 3126 suo
844 3051 950 3138 cadit,
965 3050 1094 3125 ethaeo
1106 3066 1255 3151 spectato

147 3163 285 3238 naturali
314 3166 408 3254 iure,
436 3166 528 3239 licita
552 3167 693 3242 evadere
718 3184 837 3268 potest.
868 3166 961 3242 Prior
986 3165 1178 3268 polygamia
1201 3165 1256 3238 in-

147 3277 247 3377 telligi
275 3278 376 3352 debet
400 3279 558 3355 damnata
582 3281 694 3356 verbis
721 3282 789 3356 illis
808 3282 996 3357 Geneseoe:
1017 3296 1047 3354 rt
1067 3279 1256 3355 adhaerabit

147 3397 244 3467 uxori
266 3421 369 3480 aaut,
397 3411 428 3468 et
452 3412 546 3469 erunt
569 3398 631 3470 duo
655 3400 691 3470 in
715 3426 810 3472 corne
835 3425 912 3471 uno.

216 3510 293 3596 Quo
316 3537 418 3585 sensu
438 3511 549 3612 reipsa
561 3540 601 3586 ea
614 3514 769 3613 exposuit
785 3541 815 3588 s.
833 3515 881 3588 lo.
897 3514 1158 3614 Chryeostomus
1174 3510 1255 3586 seri·

148 3623 248 3699 bens:
275 3626 355 3699 «lla
383 3653 470 3725 quae
500 3627 644 3727 abipso
674 3645 752 3703 sunt
775 3629 865 3703 dicta
888 3629 931 3702 de
956 3654 1021 3702 non
1049 3627 1257 3728 repudienda

149 3766 266 3825 uxore,
288 3767 356 3813 non
373 3742 473 3816 modo
491 3769 556 3816 non
576 3760 778 3842 repugnant,
800 3770 915 3817 verum
937 3743 1038 3816 etiam
1058 3742 1157 3816 valde
1178 3768 1255 3816 cum

149 3856 262 3956 lloyse
286 3857 507 3945 conveniunt;
535 3860 817 3933 considerandum
842 3875 952 3932 autem
975 3875 1045 3944 est,
1072 3859 1162 3958 quod
1188 3883 1255 3931 non

150 3971 253 4045 solum
281 3972 325 4044 ab
350 3973 500 4072 opificio,
533 4000 647 4047 vorum
682 3974 781 4047 etiam
807 3974 951 4074 abipso
978 3987 1154 4075 praecepto
1180 3998 1257 4045 sen-

150 4088 284 4161 tentiam
312 4114 408 4162 suam
433 4089 640 4176 corroborat3
669 4116 736 4164 non
761 4089 850 4163 enim
874 4090 977 4178 dixit,
997 4090 1078 4190 quia
1098 4087 1208 4162 virum
1225 4102 1258 4159 et

151 4201 318 4275 mulierem
343 4228 446 4276 unum
470 4202 680 4278 solummodo
706 4203 801 4293 lenit,
822 4231 938 4279 verum
960 4204 1061 4279 etiam
1083 4202 1163 4305 quia
1188 4200 1257 4274 ius-

151 4315 207 4396 sit,
223 4335 262 4391 ut
274 4344 365 4392 unus
381 4318 439 4391 uni
458 4319 667 4416 coniugator.
682 4320 771 4395 Nam
788 4324 820 4394 si
838 4322 990 4395 voluntat
1008 4322 1146 4394 alteram
1158 4319 1257 4391 atium
