2796 5064
272 420 275 426 .
343 376 413 430 cur.
429 379 462 430 v.
479 379 519 430 nu
532 375 640 430 amur.
656 379 782 431 rurum.
799 380 895 432 mre.
910 382 981 433 aar.
997 382 1032 434 u.
1169 363 1238 438 tta

122 521 211 596 qnae
224 510 354 571 ceteras
364 523 433 572 non
440 497 587 572 excludit
599 498 804 573 extrinsecas
818 501 994 600 coniugio,
1006 517 1238 605 temporaneas

121 627 223 712 atque
248 637 466 700 communes,
494 613 542 686 uti
567 613 666 687 modo
690 613 816 687 dictum
840 630 902 688 est.

193 727 296 814 Quod
316 755 395 804 vero
419 729 539 803 attinet
558 730 602 804 ad
627 729 796 829 pericula,
825 730 869 805 ob
892 758 982 831 quae
1007 733 1162 809 Christus
1185 736 1239 810 di·

121 842 320 916 missionem
346 868 407 917 seu
431 844 676 944 separationem
702 844 923 943 improbavit,
952 848 1053 921 etiam
1082 849 1238 925 catholici

121 957 161 1032 de
173 958 220 1033 iis
233 974 315 1033 aunt
325 957 480 1032 solliciti:
496 959 649 1060 adeoque
663 987 706 1034 ne
718 961 878 1059 coniuges
893 962 1142 1061 periclitantur,
1159 992 1240 1068 pos-

121 1090 202 1147 sunt
226 1073 411 1173 poenitenti
436 1074 548 1174 ipsum
574 1074 804 1150 fornicationis
829 1076 957 1151 crimen
983 1080 1173 1155 condonare
1198 1109 1239 1157 ac

121 1188 357 1263 reconciliari:
381 1189 417 1262 in
440 1189 517 1263 aliis
534 1216 613 1264 vero
631 1190 768 1265 casibus
794 1219 861 1266 non
879 1194 979 1268 modo
997 1211 1159 1294 possunt,
1177 1197 1237 1270 sed

121 1304 223 1378 etiam
247 1303 390 1394 debent,
410 1332 514 1407 quum
537 1306 648 1380 iustae
665 1308 859 1408 ceteroquin
877 1310 1102 1410 separationis
1115 1336 1238 1386 causas

121 1418 248 1492 luerint
271 1419 435 1496 sublatae.
470 1421 582 1507 Quare
607 1421 637 1495 s'i
666 1421 753 1496 istae
780 1428 1009 1521 perseverent,
1034 1424 1085 1498 lac
1110 1426 1238 1525 pericu·

120 1534 190 1609 lum
207 1538 456 1637 perversionis,
478 1539 532 1613 vel
557 1537 694 1614 labendi
715 1539 752 1610 in
773 1538 959 1629 baeresim,
986 1557 1065 1614 tunc
1086 1540 1151 1614 sibi
1177 1541 1238 1614 im·

121 1667 239 1750 putare
268 1653 392 1728 debent
417 1671 579 1755 peccata,
612 1682 755 1756 quorum
781 1657 931 1757 periculo
955 1656 1161 1731 obiiciuntur
1194 1683 1236 1731 ex

121 1768 277 1868 coniugis
294 1770 467 1862 absentia,
494 1774 553 1873 qui
575 1772 772 1873 pugnaciter
792 1773 826 1845 in
847 1774 1064 1872 perversitate
1081 1799 1143 1847 sua
1160 1799 1237 1873 per-

121 1885 243 1959 sistere
254 1885 405 1975 malunt,
421 1914 523 1988 quam
537 1914 676 1963 causam
688 1889 804 1964 tollere
820 1887 1055 1989 separationis.
1077 1887 1238 1988 Adeoque

121 2000 280 2088 ecclesia,
301 2002 382 2075 dum
404 2019 536 2102 praeter
560 2005 789 2079 fornicationis
812 2031 930 2079 casum
951 2004 1065 2104 plures
1083 2003 1169 2077 alias
1192 2003 1237 2077 le-

121 2115 257 2213 gitimae
285 2119 510 2216 separationis
531 2146 653 2195 causas
682 2120 848 2209 decernit,
875 2121 1070 2221 prospicere
1095 2119 1239 2193 intendit

121 2231 225 2332 partis
238 2232 427 2308 innocentis
441 2235 559 2324 saluti,
575 2236 638 2309 etsi
653 2251 768 2310 eontra
785 2237 861 2310 eius
872 2235 1075 2309 voluntatem
1088 2235 1147 2336 qui
1163 2259 1239 2334 per·

121 2348 206 2422 versi
220 2365 319 2437 sunt,
340 2348 461 2424 exinde
481 2375 599 2423 ansam
620 2367 755 2423 sumant
767 2376 807 2424 se
820 2351 855 2422 in
868 2350 1030 2438 ustionis,
1051 2348 1239 2424 fornicatio-

121 2463 194 2552 nis,
212 2480 246 2538 et
259 2463 415 2538 adulterii
430 2466 627 2539 barathrum
646 2464 831 2539 iniiciendi.
853 2464 988 2539 Falsum
1006 2466 1120 2565 itaque
1136 2480 1188 2539 est
1203 2482 1239 2539 et

121 2579 365 2654 calumniosum
390 2581 558 2654 affinnare
585 2579 769 2655 catholicos
795 2580 887 2653 haud
914 2580 1077 2654 sollicitos
1097 2607 1173 2654 esse
1194 2581 1237 2654 de

121 2694 216 2770 bisce
239 2697 419 2798 periculis,
446 2698 507 2772 sed
528 2699 616 2772 inter
640 2698 708 2772 duo
725 2696 814 2770 mala
834 2697 947 2770 minus
971 2696 1119 2794 eligunt,
1140 2697 1236 2769 nain

121 2814 218 2913 peius
238 2829 347 2887 ruant.
368 2815 495 2914 Ecquis
513 2815 684 2912 negaverit
708 2812 807 2912 longe
831 2812 928 2912 peius
947 2838 1024 2885 esse
1049 2809 1236 2910 periculum

121 2930 324 3004 amittendae
349 2923 449 3018 fidei,
474 2957 576 3031 quam
601 2930 778 3005 violandae
803 2927 1015 3029 pudicitiae?
1031 2929 1073 3000 llt
1097 2927 1235 3027 quidem

121 3069 196 3118 cum
222 3044 305 3117 illud
325 3045 428 3118 instat
455 3045 542 3144 parti
565 3045 754 3133 innocenti,
787 3045 851 3118 hoc
879 3069 959 3117 vero
985 3043 1072 3143 parti
1102 3042 1234 3116 nocenti
1301 3046 1302 3050 ’

121 3174 223 3260 utque
246 3158 451 3258 perversae?
476 3159 567 3233 ldem
584 3159 639 3232 dic
661 3159 704 3233 de
728 3159 882 3233 caeteris.

190 3276 334 3349 Demum
363 3274 480 3349 subdit
508 3274 739 3349 Chemnitius:
767 3273 1012 3348 «Contendunt
1038 3272 1233 3372 (catholici)

121 3406 199 3465 tune
222 3391 347 3464 debere
370 3417 448 3465 esse
473 3390 653 3465 divortium
679 3391 713 3461 itt
739 3417 807 3490 quo
832 3389 1002 3462 vinculum
1033 3389 1236 3464 matrimonii

121 3506 251 3582 salvum
276 3523 421 3580 maneat.
443 3507 544 3608 Atqui
571 3507 742 3607 pontificia
759 3505 817 3579 ille
835 3506 1047 3605 separatione
1062 3506 1235 3581 vinculum

121 3622 267 3720 coniugii
285 3622 400 3697 multis
414 3639 447 3697 et
458 3623 563 3697 variis
582 3622 691 3696 modis
707 3621 858 3696 solvitur.
872 3624 955 3695 Nam
970 3622 1051 3722 quid
1066 3624 1111 3696 sit
1122 3622 1238 3695 vincu-

121 3735 188 3810 lum
211 3738 416 3812 matrimonii
436 3738 556 3812 docent
573 3739 639 3811 hae
651 3738 855 3812 sententiae:
871 3738 917 3809 Et
933 3738 1121 3810 adhaerebit
1136 3737 1238 3809 acori

121 3877 216 3925 tace:
239 3853 414 3925 Faciamus
432 3854 679 3926 aladiatorium
701 3854 786 3953 quod
807 3869 855 3927 est
877 3881 984 3926 corum
1004 3855 1095 3951 apso:
1113 3851 1237 3923 Mulier

121 3994 182 4040 nou
209 3969 304 4040 babet
323 3984 515 4068 potestatem
539 3974 594 4042 sui
616 3975 758 4069 corporis
787 3971 844 4043 secl
872 3974 951 4043 vir:
977 3972 1094 4041 iterum
1123 3993 1236 4039 conoe·

121 4087 183 4156 nite
209 4111 249 4156 ne
274 4098 371 4156 tentet
387 4112 443 4158 uos
460 4101 616 4158 antonna:
635 4086 711 4159 Non
727 4102 804 4158 suut
821 4086 902 4174 duo,
925 4085 981 4157 sed
997 4110 1064 4157 uno
1087 4109 1178 4167 euro,
1201 4095 1235 4156 et

121 4197 232 4300 ipsum
256 4202 505 4275 matrimonium
535 4202 696 4275 delinitur
720 4202 894 4274 indiuidua
917 4203 1005 4274 vitoe
1026 4198 1231 4273 consuetudo.

121 4313 159 4388 lt
189 4314 412 4392 haecomnia
437 4317 571 4393 vincula
597 4318 697 4394 solvit
721 4318 902 4393 divortium
928 4317 1040 4419 quoad
1066 4332 1175 4392 torum
1200 4330 1235 4390 et
