2796 5064
151 354 169 419 6
320 373 379 422 xva.
403 372 450 422 ιιι.
472 371 558 423 sacr.
581 374 603 422 1.
626 374 665 423 ux
683 373 777 423 xxxx.
800 374 921 425 canter.
939 373 1083 426 vuxxxrr.

146 491 235 562 ineat
260 487 364 562 altero
389 489 546 563 defuncto
571 491 712 587 coniuge
739 491 899 590 nuptias,
933 507 990 564 aut
1018 507 1185 592 quatenus
1209 491 1262 567 al-

146 621 270 678 terutro
281 605 351 680 vita
363 605 477 680 iuncto
491 606 642 680 eamdem
656 633 731 680 cum
746 605 850 679 altero
867 606 1059 682 societatem
1078 610 1256 685 instaurat.

144 720 214 792 Sub
226 719 334 820 primo
348 737 503 820 respectu
517 719 659 794 habetur
672 720 883 819 monogamia
897 720 1060 821 perlecta,
1077 724 1263 800 subaltero

146 836 358 934 monogamia
384 837 589 936 imperfecta.

216 950 303 1024 Huic
334 951 454 1023 unitati
485 966 554 1023 tum
585 951 775 1050 perfectae,
811 969 879 1025 tum
911 953 1012 1025 etiam
1043 954 1263 1052 imperfectae

145 1064 341 1137 adversatur
367 1064 558 1164 polygamia
590 1066 789 1137 simultanea
820 1092 879 1138 seu
910 1092 1050 1137 uxorum
1083 1066 1260 1166 pluralitas

143 1205 211 1251 uno
230 1179 415 1278 eodemque
433 1195 591 1279 tempore,
609 1206 671 1252 nec
688 1205 755 1251 non
768 1178 978 1278 polyandria,
995 1206 1083 1278 quae
1096 1178 1254 1270 habetur,

144 1319 220 1365 cum
245 1293 367 1377 mulier
391 1293 545 1394 pluribus
572 1293 671 1366 simul
698 1292 858 1366 adhaeret
880 1293 974 1366 viris.
998 1294 1114 1368 Unitas
1133 1296 1261 1396 imper-

144 1408 227 1481 lecta
251 1433 339 1508 quae
362 1408 493 1506 exurgit
516 1433 557 1483 ex
579 1409 752 1482 iteratione
770 1407 916 1507 coniugii
935 1407 1096 1482 alterutro
1113 1411 1260 1509 coniuge

144 1523 325 1612 defuncto,
350 1523 450 1623 vulgo
481 1525 695 1624 polygamiae
718 1541 775 1598 aut
801 1524 1020 1625 polyandriae
1045 1527 1260 1600 successivae

144 1640 276 1712 nomine
301 1639 470 1736 designari
497 1640 680 1713 consuevit.
708 1640 782 1725 Quo
808 1640 865 1727 fit,
893 1657 931 1712 ut
955 1641 1082 1739 passim
1108 1641 1258 1740 theologi

142 1753 296 1825 bilariam
323 1753 531 1850 distinguant
555 1753 781 1853 polygamiam
807 1770 840 1826 ct
865 1754 1116 1855 polyandriam,
1146 1756 1180 1827 in
1208 1759 1258 1832 si·

141 1867 346 1941 multaneam
372 1867 527 1940 videlicet
551 1884 585 1940 et
609 1868 644 1940 in
670 1868 909 1941 successivam.

212 1983 498 2083 Polygamiaevox
512 1983 668 2082 usurpari
684 1982 768 2056 solet
781 1983 823 2056 ed
838 1983 1096 2080 significandam
1109 1985 1256 2084 plurium

145 2123 286 2171 uxorum
312 2123 388 2171 curu
413 2122 483 2171 unc
506 2097 578 2171 viro
603 2097 883 2172 coniunctionem.
900 2098 942 2170 At
959 2099 1093 2198 proprie
1119 2099 1258 2200 polyga-

144 2213 212 2287 mia
237 2240 300 2287 vox
325 2230 377 2287 est
401 2214 574 2310 generice,
601 2241 690 2314 quae
707 2213 985 2313 multiplicitatem
1005 2216 1174 2314 significat
1191 2245 1256 2290 nu-

143 2329 305 2429 ptiarum,
334 2330 430 2403 cuius
455 2329 558 2404 veluti
584 2331 716 2429 specics
741 2347 820 2403 sunt
845 2331 1044 2430 polyandria
1062 2347 1095 2404 et
1112 2332 1260 2433 polygy*

144 2445 212 2517 nia.
241 2444 372 2544 Duplex
406 2446 521 2546 itaque
545 2462 598 2520 est
629 2446 840 2546 polygamiae
878 2447 1111 2544 significatio,
1149 2449 1256 2524 altera

56 2586 58 2590 ’
142 2560 317 2656 generice,
346 2560 450 2633 altera
473 2586 552 2635 vero
578 2561 736 2660 specifica
760 2588 847 2661 quac
873 2563 1076 2662 aequipollet
1113 2564 1254 2665 polygy-

143 2674 230 2747 niae.
257 2675 324 2747 Nos
350 2700 370 2746 a
396 2675 563 2748 communi
595 2674 753 2775 loquendi
786 2676 915 2750 ratione
939 2676 1130 2751 nullatenus
1162 2705 1255 2753 reco-

141 2789 273 2863 demus.

183 2943 184 2946 ¹
213 2905 255 2979 Ut
280 2905 394 3005 itaque
419 2906 586 3007 quidquid
612 2906 655 2981 de
680 2909 808 2982 unitate
839 2907 1013 2982 christiani
1046 2910 1252 2982 matrimonii

21 3008 22 3012 ¹
139 3019 321 3092 dicendum
347 3036 398 3094 est
423 3021 699 3121 complectamur,
729 3022 766 3094 in
783 3024 853 3097 duo
868 3023 979 3123 capitu
996 3023 1139 3121 primam
1163 3023 1256 3098 hanc

140 3133 320 3208 sectionem
347 3136 545 3235 partiemur,
574 3163 614 3210 ac
639 3137 732 3236 prius
758 3137 802 3210 de
827 3137 1043 3224 simultanea,
1067 3138 1190 3213 deinde
1208 3139 1254 3213 de

141 3250 335 3322 successiva
361 3250 553 3350 polygamia
578 3251 839 3353 disputabimus.

213 3364 310 3449 Quod
337 3365 379 3436 ad
406 3364 640 3439 simultaueam
674 3366 792 3439 attinet
826 3367 1068 3467 polygamiam,
1097 3370 1152 3441 vix
1184 3369 1255 3442 ulla

141 3479 283 3551 occurrit
309 3479 464 3578 quaestio
489 3479 518 3551 ai
538 3506 649 3553 sermo
667 3480 711 3553 sit
729 3481 771 3555 de
789 3481 980 3580 pluralitate
1000 3484 1166 3569 virorum,
1194 3510 1255 3556 seu

139 3593 182 3666 de
205 3593 426 3694 polyandria:
447 3594 591 3669 breviter
609 3596 720 3696 itaque
738 3596 811 3670 eius
832 3597 1041 3685 foeditatem,
1062 3596 1135 3671 solo
1152 3599 1253 3670 etiam

140 3708 290 3810 inspecto
316 3725 454 3782 naturae
479 3710 563 3797 iure,
591 3711 819 3785 ostendemus.
843 3713 877 3783 Si
902 3740 980 3786 vcro
1006 3740 1116 3786 sermo
1142 3714 1187 3785 sit
1211 3714 1256 3787 de

140 3823 330 3922 pluralitate
363 3852 502 3899 uxorum
537 3852 597 3899 seu
628 3827 671 3898 de
700 3828 903 3927 polygynia,
932 3855 1019 3929 quae
1043 3845 1080 3901 ut
1104 3829 1254 3901 diximus

139 3939 331 4041 polygamia
355 3940 518 4040 appellari
543 3942 643 4029 solet,
672 3943 846 4042 multiplex
871 3944 934 4016 erit
954 3944 1108 4043 quaestio
1129 3971 1254 4042 expen-

119 4056 268 4129 denda:
289 4083 369 4130 num
395 4057 525 4131 scilicet
549 4084 589 4130 ea
615 4058 798 4158 primariae
824 4077 961 4132 naturae
983 4060 1047 4158 legi
1074 4061 1120 4132 ita
1151 4060 1254 4132 relra-

138 4189 252 4269 getur,
281 4189 317 4246 ut
342 4173 386 4245 sit
412 4174 594 4248 intrinsece
620 4174 708 4247 mala
734 4200 773 4248 ac
798 4201 932 4275 semper
949 4177 1085 4260 illicita;
1104 4201 1147 4247 an
1173 4199 1254 4248 vero

139 4286 244 4362 solum
273 4289 507 4389 quadantenus
526 4308 664 4366 naturae
681 4292 745 4387 legi
763 4292 976 4380 adversetur,
997 4292 1115 4390 illique
1140 4293 1254 4389 potius
