2796 5064
268 397 340 449 our.
354 394 401 448 ιιι.
414 398 454 448 on
466 396 562 448 senso
581 397 672 446 runo.
684 396 747 446 ura.
763 395 874 447 nunus.
891 396 987 447 ιιιτιι.
1000 396 1071 447 ιιι.
1083 397 1106 446 ι.
1186 373 1255 445 tte

140 517 220 590 inter
237 515 440 592 solutionem
454 514 619 589 aflhristo
632 539 826 590 concessam
839 530 975 616 propter
987 513 1253 598 fornicationem,

136 657 221 733 quae
249 632 285 704 in
311 631 494 733 hypothesi
529 632 614 705 foret
644 631 757 731 quoad
792 630 984 718 vinculum,
1014 647 1047 703 et
1070 630 1256 730 separatio·

135 773 209 821 uem
236 764 368 821 tuntum
401 747 514 846 quoad
545 764 654 821 torum
680 764 712 820 et
738 747 1010 834 habitationem,
1042 773 1146 846 quam
1176 771 1257 819 cau·

134 888 189 936 sec
216 863 301 937 illae
323 862 477 937 veneficii
504 879 607 962 atque
629 862 831 936 infanticidii
852 860 1064 962 expostulare
1084 861 1253 936 videntur.

133 976 287 1053 Attamen
318 977 504 1076 Origenes,
534 1005 611 1052 cum
639 1005 700 1080 pro
734 995 825 1053 certo
858 995 970 1051 sumat
1001 1005 1068 1052 non
1103 977 1205 1051 aliam
1238 1006 1259 1052 a

134 1093 272 1169 Christo
298 1095 467 1193 assignari
492 1120 631 1168 causam
653 1094 875 1193 separationis
894 1092 1006 1193 quoad
1031 1110 1139 1168 torum
1163 1119 1258 1194 prae·

134 1225 180 1282 tor
206 1207 320 1282 solum
345 1234 463 1282 casum
483 1208 735 1294 fornicationis,
763 1208 838 1280 ideo
865 1233 990 1308 anceps
1015 1208 1127 1281 animo
1144 1207 1257 1281 haesit

133 1323 246 1423 quoad
273 1322 360 1398 alias
387 1348 522 1425 causas..

228 1438 329 1512 Circa
354 1440 488 1513 tertium
512 1439 672 1526 dubium,
702 1439 793 1539 quod
822 1465 942 1539 nempe
965 1438 1119 1513 videatur
1136 1437 1257 1537 Orige-

136 1581 194 1629 nes
216 1554 333 1627 animo
352 1553 523 1654 pendens,
545 1582 625 1627 num
638 1555 791 1628 docuerit
803 1555 976 1642 Christus,
996 1553 1087 1655 quod
1108 1555 1138 1626 si
1161 1554 1257 1654 quis-

135 1668 225 1768 piam
252 1684 386 1766 praeter
409 1667 609 1741 adulterium
632 1695 769 1742 uxorem
791 1669 977 1756 dimrserit‚
1006 1695 1080 1742 earn
1098 1667 1258 1742 coniiciat

134 1783 165 1856 in
192 1783 408 1856 occasionem
435 1782 613 1872 adulterii,
636 1786 814 1884 responsio
834 1785 868 1857 in
891 1801 1049 1884 promptu
1074 1799 1150 1858 est:
1180 1782 1257 1857 ideo

133 1898 290 1972 Christus
307 1898 422 1972 docuit
438 1925 478 1972 ex
492 1898 637 1997 Origene
653 1899 761 1987 illum,
778 1900 837 2000 qui
851 1899 990 1972 dimittit
1007 1925 1143 1972 uxorem
1162 1925 1258 1998 prae-

133 2032 180 2088 ter
201 2013 362 2087 adulterii
380 2040 497 2086 casum
515 2041 589 2088 eam
608 2015 776 2088 coniicere
805 2014 840 2086 in
864 2014 1019 2087 adulterii
1046 2013 1258 2088 occasionem

132 2129 275 2229 perinde
296 2155 337 2202 ac
358 2155 419 2228 per
436 2128 522 2203 alias
540 2156 682 2216 causas,
703 2157 789 2230 quas
808 2130 956 2202 vidimus
979 2129 1023 2203 ab
1048 2156 1087 2203 eo
1114 2155 1260 2203 comme-

130 2260 301 2331 moratas,
328 2269 477 2344 quaese
504 2259 617 2318 tenent
647 2245 862 2344 potissimum
888 2272 927 2318 ex
954 2261 1050 2345 parte
1074 2245 1156 2332 viri,
1179 2245 1260 2344 quia

132 2359 207 2461 ipse
232 2359 475 2433 iniuste'illam
494 2360 625 2434 aesino
643 2387 746 2434 causa
764 2360 966 2448 dimitteret;
988 2361 1047 2437 sed
1075 2361 1105 2434 si
1129 2361 1183 2432 vir
1207 2358 1260 2431 di-

131 2475 242 2547 mittat
267 2473 312 2548 ob
338 2474 541 2548 adulterium
569 2476 612 2549 ab
637 2501 740 2548 uxore
768 2493 961 2576 patratum,
993 2503 1057 2549 non
1084 2476 1157 2549 viro
1183 2501 1258 2547 earn

131 2589 295 2676 eiicienti‚
318 2590 377 2664 sed
400 2591 507 2664 solius
526 2591 640 2664 uxoris
656 2591 703 2663 ita
716 2590 879 2663 dimissae
902 2590 1050 2663 malitiae
1076 2588 1135 2662 illa
1161 2589 1259 2661 adul-

132 2705 215 2778 teria
243 2703 469 2779 adscribenda
494 2705 613 2792 forent,
637 2732 677 2779 eo
700 2705 774 2806 ipso
796 2705 886 2805 quod
902 2706 1036 2779 vivente
1054 2703 1166 2777 adhuc
1184 2730 1258 2776 rna·

135 2820 200 2894 rito
224 2846 301 2905 suo,
326 2846 347 2892 a
368 2847 436 2920 quo
461 2821 566 2894 eiecta
590 2837 661 2908 est,
689 2820 784 2893 alteri
808 2820 980 2918 nupserit;
1014 2819 1079 2892 hoc
1104 2818 1194 2892 enim
1222 2817 1258 2889 in

132 2956 214 3008 casu
230 2933 286 3007 vir
302 2960 342 3007 en
360 2935 513 3009 doctrina
530 2935 655 3008 Christi
675 2935 833 3008 immunis
851 2935 914 3008 erit
931 2961 952 3008 a
969 2934 1107 3031 flagitiis
1125 2934 1252 3006 uxoris.

132 3048 247 3123 Talem
269 3076 350 3124 vero
367 3050 608 3124 admittendam
626 3077 703 3125 esse
719 3051 892 3124 doctrinae
911 3049 1069 3147 Origenis
1093 3049 1258 3148 interpre-

133 3165 294 3240 tationem
323 3193 390 3240 non
417 3166 560 3240 obscure
585 3167 706 3240 fatetur
731 3166 941 3266 Tournelyus
967 3166 1057 3264 ipse,
1091 3164 1149 3265 qui
1178 3191 1258 3239 con-

130 3279 238 3354 cludit
262 3282 354 3381 quod
381 3280 545 3381 Origenes
564 3280 733 3355 «Aliunde
752 3297 915 3378 agnoscat
932 3297 966 3355 et
984 3281 1127 3354 fateatur
1149 3280 1256 3379 legem

130 3394 258 3471 Christi
284 3422 381 3485 esse,
410 3413 447 3470 ut
468 3396 588 3470 mulier
610 3396 742 3471 vivente
759 3397 831 3470 viro
848 3397 943 3470 alteri
963 3423 1027 3470 non
1049 3396 1166 3483 nubat,
1188 3395 1256 3470 nisi

131 3510 213 3585 uelit
237 3537 315 3585 esse
339 3510 529 3584 adultera.»

204 3627 308 3700 Porro
335 3652 507 3713 asserere,
537 3643 574 3699 ut
599 3626 704 3726 aliqui
731 3627 879 3713 faciunt,
915 3625 1095 3724 Origenem
1123 3652 1181 3726 per
1214 3627 1258 3697 le·

132 3768 205 3838 pem
217 3740 465 3841 scripturarum
484 3740 656 3812 consilium
674 3741 901 3838 significasse,
924 3757 976 3813 est
992 3739 1187 3814 violentiam
1206 3738 1257 3809 in-

131 3855 221 3929 ferre
248 3854 374 3941 textui,
405 3881 444 3928 ao
467 3854 645 3928 immutare
663 3854 820 3952 Origenis
839 3854 1053 3928 sententiam.
1075 3856 1142 3925 Nec
1160 3852 1256 3925 aliter

131 3995 169 4044 se
195 3984 318 4066 gerunt
343 3968 399 4068 qui
426 3983 602 4041 autumant
619 3967 800 4066 Origenem
827 3969 902 4042 illos
923 3968 1161 4066 perstrinxisse
1184 3969 1255 4064 epi—

131 4108 276 4184 scopos,
292 4109 333 4157 eo
345 4083 436 4182 quod
454 4083 498 4157 oh
516 4083 601 4157 alias
620 4108 761 4171 causas,
778 4111 879 4183 quam
900 4099 1035 4184 propter
1052 4081 1255 4156 adulterium

130 4196 332 4271 mulieribus
362 4196 530 4271 secundas
557 4197 694 4298 nuptias
726 4198 950 4297 permiserint.
980 4199 1062 4269 Nam
1090 4195 1166 4268 ideo
1196 4221 1255 4268 eos

132 4311 312 4410 suggillat,
334 4312 426 4412 quod
445 4310 584 4386 fecerint
609 4327 724 4386 contra
749 4338 943 4413 expressam
962 4309 1112 4411 Apostoli
1131 4309 1256 4384 doctri-

189 4445 229 4501 ΙΙΙ
1178 4448 1208 4498 18
1315 4495 1319 4503 .
