2796 5064
211 380 283 431 cnr.
294 379 342 431 ιιι.
359 378 399 428 nr
411 377 508 429 sensu
523 377 615 428 rmu.
627 376 709 427 cruc.
725 376 837 426 mnrss.
854 375 948 426 utrn.
966 375 1036 424 rur.
1053 373 1077 424 r.
1131 351 1199 422 Μ

109 497 199 571 dbuc
223 495 329 569 altero
344 494 487 592 coniuge
507 492 632 591 (111)?
647 493 731 567 Cum
756 508 867 566 autem
885 490 1071 566 adversarii
1087 489 1144 563 bio
1160 491 1201 564 ti·

109 613 178 686 nide
202 628 325 710 agent,
357 636 467 710 neque
492 609 583 684 aliud
609 609 652 682 ad
678 607 912 682 affirmandam
938 606 1088 705 Gregorii
1113 606 1204 680 theo-

109 727 154 825 ogi
179 727 382 801 sententiam
406 740 548 824 urgeant
572 741 824 823 argumentum,
846 723 923 797 ideo
941 749 1008 797 non
1033 737 1086 796 est
1111 722 1202 822 quod

109 859 260 939 preterea
285 840 498 914 adiiciamus.

573 1106 609 1202 p.
631 1104 720 1176 xm.

537 1331 573 1380 De
589 1332 613 1379 S.
626 1329 762 1379 Ambrosio.

162 1527 361 1626 Priusquam
387 1551 417 1598 s.
438 1524 593 1600 Doctoris
619 1524 827 1623 proferamus
846 1524 1202 1612 sententiam,‚sedulo

109 1666 205 1715 rerum
224 1639 438 1714 Ambrosium
455 1640 498 1713 ab
515 1640 673 1714 ementito
689 1639 878 1728 Ambrosio,
895 1666 956 1714 seu
981 1640 1110 1714 Hilario
1133 1639 1204 1713 dia-

109 1782 172 1831 ono
199 1755 416 1845 luciferiano,
438 1756 496 1854 qui
522 1755 587 1829 sub
612 1754 783 1830 Ambrosii
807 1756 942 1830 nomine
966 1781 1040 1830 com
1096 1755 1204 1830 ntaria

109 1870 197 1943 didit
216 1871 251 1941 in
274 1868 367 1943 Pauli
388 1868 565 1970 epistolas,
584 1894 801 1944 secernamus
823 1884 963 1971 oportet.
983 1781 1204 1959 ligatione

109 1985 172 2061 lter
197 1985 257 2058 bic
280 2002 395 2059 auctor
419 1985 540 2083 exponi
567 1984 705 2066 debeat,
734 2001 851 2085 postea
876 1986 1041 2072 dicemus3
1070 1985 1202 2059 interim

109 2128 175 2201 [uae
193 2102 238 2175 de
255 2127 292 2175 re
310 2116 425 2176 nostra
440 2127 540 2175 verus
556 2101 672 2175 docuit
683 2101 883 2176 Ambrosius
902 2101 969 2175 iam
988 2099 1199 2176 subiioimus.

158 2221 199 2291 ln
224 2218 378 2317 Exponit.
407 2220 443 2291 in
470 2219 591 2292 Lucum
616 2218 675 2292 lib.
710 2220 798 2291 Vlll.
830 2220 885 2293 his
911 2218 1025 2293 verbis
1057 2235 1204 2295 mentem

109 2360 184 2408 uam
199 2333 324 2433 aperit:
343 2363 361 2403 r
379 2334 491 2407 Omnis
503 2337 563 2433 qui
581 2334 720 2407 dimittit
732 2360 866 2407 onorem
886 2361 992 2419 suom,
1009 2350 1041 2407 et
1052 2334 1142 2407 ducit
1154 2336 1205 2408 ol-

109 2475 209 2532 rrom,
237 2450 442 2521 moechatur:
456 2464 487 2522 ct
512 2451 571 2548 qui
594 2449 764 2523 dimissam
789 2476 811 2522 o
833 2452 905 2522 oiro
930 2449 1032 2535 ducit,
1059 2450 1206 2524 rmeolro·

109 2590 154 2637 ur.
176 2563 275 2636 Prius
292 2564 472 2637 dicendum
498 2564 643 2639 arbitror
667 2564 710 2638 de
739 2565 812 2663 lege
836 2564 1058 2662 coniugii,ut
1088 2578 1205 2662 postea

110 2704 130 2751 e
143 2677 359 2776 prohibendo
370 2678 512 2757 divortio
525 2678 748 2779 disputemus.
768 2709 785 2748 o
802 2679 964 2777 Exposita
977 2694 1087 2751 autem
1100 2678 1203 2776 priori

109 2810 185 2865 arte
204 2791 248 2863 de
265 2792 433 2889 coniugiis
451 2792 654 2880 infidelium,
670 2819 709 2866 ac
724 2792 873 2866 fidelium
898 2817 973 2865 eum
992 2790 1201 2877 infidelibus,

109 2933 180 3005 uae
203 2933 224 2978 a
238 2907 308 2980 Deo
321 2931 387 2980 non
400 2932 476 2980 esse
489 2907 547 2992 ait,
569 2907 721 3006 adeoque
735 2933 837 3006 posse
851 2906 1034 3006 aliquando
1047 2904 1199 2991 dissolvi,

109 3023 200 3120 ergit
218 3022 262 3093 ad
280 3021 418 3094 alteram
441 3038 567 3121 partem
587 3022 720 3096 dicens:
741 3052 758 3092 r
778 3024 869 3120 Ergo
884 3022 939 3093 ubi
960 3021 1109 3119 nuptiae,
1131 3021 1205 3093 bar·

109 3136 222 3211 ronia:
237 3136 295 3208 ubi
316 3135 504 3223 harmonia,
518 3137 610 3210 lleus
632 3137 752 3235 iungit.
770 3137 834 3210 Ubi
858 3135 1034 3209 harmonia
1052 3162 1118 3209 non
1137 3152 1201 3221 est,

109 3277 206 3349 ugna
237 3266 339 3351 atque
362 3250 531 3326 dissensio
555 3266 627 3325 est:
654 3277 743 3351 quae
776 3278 842 3324 non
875 3267 926 3325 est
961 3251 1095 3338 aDeo,
1123 3251 1204 3351 quia

109 3368 179 3439 leus
197 3367 341 3438 oboritur
366 3382 424 3439 est.
458 3365 532 3439 Noli
559 3392 640 3463 ergo
665 3393 801 3441 uxorem
827 3366 1016 3453 dimittere,
1036 3392 1078 3438 ne
1097 3366 1204 3439 Deum

109 3507 169 3556 rae
182 3481 325 3581 copulae
340 3480 517 3555 diffitearis
539 3497 720 3556 auctorem.
738 3482 868 3554 Etenim
885 3482 914 3554 si
934 3480 1077 3568 alienos,
1102 3481 1205 3554 multo

109 3597 203 3695 ragis
226 3597 340 3670 uxoris
356 3595 459 3670 debes
478 3597 619 3670 tolerare
632 3613 665 3670 et
677 3597 855 3669 emendare
874 3623 996 3670 mores.
1016 3596 1103 3669 dudi
1123 3597 1205 3695 quid

110 3714 216 3787 ixerit
239 3713 422 3785 Dominus:
452 3711 519 3797 Qui
546 3712 683 3784 dimittit
711 3713 893 3797 mulierem,
926 3714 1103 3812 faciteam
1126 3741 1206 3784 moe-

109 3828 196 3901 tari.
215 3826 346 3899 Etenim
357 3827 411 3899 cui
433 3852 499 3898 non
521 3825 598 3899 licet
610 3827 740 3899 vivente
753 3826 838 3912 viro,
855 3843 983 3899 mutare
996 3827 1203 3923 coniugium,

109 3959 202 4017 otest
225 3941 385 4039 obrepere
413 3941 517 4015 libido
544 3940 717 4040 peccandi.
750 3942 868 4040 ltaque
905 3943 963 4040 qui
1003 3959 1118 4015 auctor
1158 3969 1206 4013 er·

161 4164 184 4221 (t
193 4169 200 4210 t
209 4160 232 4220 t)
245 4160 284 4209 ct.
295 4161 429 4212 Areudium
446 4162 545 4212 locuit.
558 4175 603 4212 noc
620 4175 669 4211 non
683 4165 738 4212 Nat.
755 4162 824 4213 Alex.
843 4164 887 4226 qul
907 4163 954 4213 loc.
977 4164 1019 4213 cit,
1032 4164 1133 4212 reterts.
1147 4165 1205 4213 Gre-

109 4242 187 4291 »rium
209 4241 275 4290 inter
294 4244 485 4304 propugnatores
497 4241 727 4305 tndissolubilitatis3
741 4242 815 4306 idque
828 4243 924 4306 merito;
943 4257 999 4305 nam
1013 4242 1138 4307 explorata
1149 4243 1204 4293 eius

109 4321 213 4371 fatentia
234 4322 281 4369 est.
