2796 5064
257 378 325 431 en.
343 377 390 431 tn.
410 380 448 430 aa
466 379 560 431 seusu
576 380 666 429 rnre.
687 380 749 430 00.
768 380 883 431 rnurss.
901 379 995 431 utra.
1016 382 1086 431 aar.
1105 383 1127 431 r.
1186 359 1254 429 293

208 497 259 568 Ne
282 497 384 594 igitur
409 497 522 568 iniurii
546 497 651 568 simus
673 523 702 568 s.
724 496 866 581 basilio,
890 523 950 569 nee
969 522 1083 570 secum
1102 497 1256 570 eumdem

129 612 408 700 committamus,
437 611 600 684 fateamur
625 626 755 709 oportet
782 638 811 683 s.
841 613 1016 684 Ductorem
1042 611 1257 685 consuetudi-

131 753 214 799 nem
235 725 327 798 illam
345 751 385 798 en
407 725 480 823 lege
497 724 586 798 civili
609 725 777 799 inductam
795 726 933 798 minime
957 726 1137 824 probasse,
1158 725 1258 797 adeo

129 867 223 940 quc,
247 857 345 939 prout
361 841 508 939 legitime
529 841 699 940 sequitur,
721 842 832 940 ipsum
852 841 941 913 iuxta
963 841 1069 937 legem
1087 840 1256 937 evangeli-

130 979 209 1027 cam
236 955 349 1052 reipsa
369 956 543 1027 censuisse
561 954 751 1027 nullatenus
773 956 845 1027 sive
869 981 927 1052 per
953 954 1152 1026 adulterium
1172 954 1254 1039 viri,

131 1069 207 1141 sive
222 1093 283 1166 per
294 1068 491 1142 adulterium
500 1069 613 1142 uxoris
628 1069 712 1142 solvi
726 1070 870 1165 coniugii
886 1069 1068 1154 vinculum,
1080 1095 1118 1142 ac
1129 1086 1253 1140 utrum-

132 1209 202 1282 que
229 1184 301 1256 lore
317 1182 525 1270 adulterum,
547 1184 575 1257 si
599 1201 675 1281 post
696 1184 928 1257 dimissionem
951 1184 994 1256 ob
1012 1184 1176 1256 eiusmodi
1196 1184 1257 1254 lla-

132 1297 255 1393 gitium
281 1324 386 1370 novas
410 1298 522 1371 inierit
548 1299 698 1397 nuptiae.

207 1410 252 1482 Et
272 1410 355 1483 baec
372 1410 508 1508 quidem
533 1437 573 1484 ex
593 1413 760 1485 communi
780 1413 1064 1511 interpretatione.
1090 1411 1258 1483 Eusebius

134 1541 246 1597 numm
261 1525 374 1598 Amort
387 1553 506 1600 novam
522 1527 673 1625 praebet;
696 1529 902 1600 assumendo
914 1529 1003 1600 enim
1016 1526 1108 1626 quod
1123 1554 1152 1599 s.
1167 1527 1258 1599 Basi-

136 1638 201 1713 lius
219 1639 368 1713 disserat
392 1641 436 1713 de
461 1641 686 1713 cononandr'ne
709 1643 947 1726 ecclesiastica,
975 1643 1020 1715 ita
1045 1658 1179 1714 enarrat
1202 1667 1259 1713 ca-

136 1780 257 1826 nonem
285 1754 357 1840 111,
385 1779 453 1852 quo
479 1781 508 1827 s.
526 1756 622 1827 Pater
648 1756 825 1855 respondet
850 1756 1100 1854 interrogationi
1120 1754 1185 1827 sibi
1213 1755 1256 1826 ab

137 1866 376 1967 lmphiloobio
401 1870 619 1967 propositae:
656 1872 705 1940 dn
731 1872 850 1941 molier
873 1898 906 1942 se
931 1869 1039 1968 quood
1064 1885 1168 1941 terant
1196 1895 1260 1940 non

135 2009 294 2082 separans
312 2011 332 2055 0
348 1985 420 2055 ciro
438 1984 604 2068 adultero,
625 2011 661 2056 eo
681 1988 752 2083 ipso
770 1989 828 2083 fiat
847 1985 1020 2070 adultera,
1047 2012 1080 2056 eo
1099 1984 1185 2082 quod
1200 1987 1259 2083 fiat

135 2126 239 2170 anam
260 2125 375 2196 corpas
401 2126 473 2171 eom
500 2099 669 2184 adultero,
697 2103 806 2199 sicque
828 2101 980 2173 videatur
1003 2102 1044 2173 ab
1071 2128 1104 2173 eo
1123 2103 1259 2198 partiei-

133 2240 214 2310 pore
242 2214 533 2287 denominationem
562 2215 765 2288 adulterae?
796 2217 867 2288 1100
893 2216 1033 2289 dubium
1061 2243 1128 2289 non
1155 2215 1258 2289 luisse
1301 2223 1308 2317 ⁴⁴

135 2353 277 2426 prorsus
302 2328 496 2428 imprudens
520 2355 561 2401 ex
582 2356 622 2402 eo
643 2330 791 2426 colligit,
809 2331 899 2429 quod
923 2359 943 2403 a
965 2330 1120 2429 pluribus
1140 2356 1180 2401 ex
1198 2356 1258 2429 pa-

136 2443 245 2515 tribus
259 2443 359 2515 luerit
372 2445 592 2542 propositum,
611 2445 729 2517 saltem
747 2446 957 2533 0100001000,
975 2447 1004 2519 si
1022 2471 1143 2519 uxores
1161 2444 1257 2517 adul-

135 2575 225 2630 teras
252 2584 319 2631 non
345 2559 561 2632 dimitterent.
591 2560 782 2658 Respondet
807 2586 887 2657 ergo
912 2560 1078 2633 basilius:
1109 2576 1258 2659 spectata

135 2673 289 2770 praecise
303 2674 471 2746 sententia
488 2692 521 2747 et
538 2689 647 2746 mente
660 2674 798 2761 Christi,
815 2675 988 2748 mulierem
1001 2675 1113 2774 quoad
1132 2675 1185 2745 ius
1203 2673 1256 2744 di-
1317 2771 1318 2774 Ἴ

135 2787 234 2859 nertii
255 2788 290 2857 iu
308 2788 379 2886 pari
398 2789 589 2862 conditione
606 2815 682 2862 cum
700 2790 773 2861 viro
792 2789 1005 2862 iudicandam
1023 2815 1118 2875 esse,
1139 2814 1258 2886 quam·

134 2894 198 2973 uis
214 2902 423 2975 consuetudo
448 2904 579 2976 mulieri
606 2905 851 3003 separationem
877 2904 990 2977 avire
1014 2903 1166 2975 adultero
1191 2929 1257 2976 non

135 3021 317 3116 permittat,
339 3016 494 3090 Ceterum
520 3018 612 3118 quod
639 3020 750 3118 ipsum
775 3019 914 3091 dubium
942 3020 1150 3117 quaestionis
1169 3018 1258 3089 dire-

134 3147 188 3205 cte
214 3133 349 3218 attinet,
370 3150 595 3221 contestatur,
626 3161 663 3208 se
688 3162 753 3208 non
780 3135 915 3219 videre,
944 3134 1112 3233 quomodo
1137 3132 1258 3206 mulier

135 3247 209 3320 vire
226 3273 289 3320 suo
306 3248 349 3321 ob
367 3275 465 3322 suum
484 3249 685 3324 adulterium
705 3252 805 3323 venia
822 3251 945 3324 donato
963 3250 1160 3323 cohabitans
1178 3276 1254 3350 pos-

135 3360 180 3432 sit
206 3377 381 3460 propterea
405 3361 558 3435 adultera
584 3365 713 3437 vocari:
741 3390 817 3436 nam
842 3363 942 3463 culpa
968 3391 1034 3437 nen
1060 3364 1256 3437 cohabitan-

135 3488 202 3546 tem
223 3474 317 3560 viro,
341 3474 400 3547 sed
427 3501 464 3549 se
490 3475 608 3550 abillo
629 3492 840 3575 separantem
859 3477 1014 3574 stringit,
1035 3478 1128 3550 iuxta
1147 3477 1256 3549 diver-

135 3615 209 3661 sam
237 3589 394 3662 videlicet
419 3616 580 3678 causam,
610 3619 649 3664 ex
674 3618 741 3691 qua
766 3618 803 3664 se
830 3609 984 3690 separat,
1007 3619 1040 3665 v.
1062 3619 1112 3689 gr.
1134 3593 1163 3665 si
1182 3618 1256 3665 sea

135 3703 207 3776 viro
224 3721 357 3802 separet
374 3703 417 3775 ob
433 3703 538 3776 solam
557 3707 824 3803 castigationem,
836 3705 890 3778 vel
908 3707 952 3779 ob
970 3706 1078 3780 solum
1096 3707 1255 3778 damnum

135 3816 313 3890 bonorum.
333 3819 367 3888 Si
390 3844 469 3890 vero
491 3837 624 3918 separet
641 3846 679 3893 se
696 3845 716 3892 a
732 3821 804 3893 viro
823 3820 994 3907 adultero,
1016 3848 1081 3894 nen
1099 3823 1255 3921 equidem

133 3931 211 4005 dico
236 3957 311 4004 eam
337 3958 498 4030 peecare,
528 3949 675 4006 attamen
703 3934 737 4005 id
764 3936 798 4006 in
825 3935 1062 4008 ecclesiasten
1089 3963 1154 4009 nou
1180 3963 1256 4007 000-

134 4046 266 4130 suevit3
290 4045 391 4120 immo
409 4046 494 4119 adeo
512 4073 578 4119 uon
597 4049 685 4120 favet
702 4048 845 4121 ecclesia
865 4049 1016 4122 eiusdem
1036 4049 1251 4147 separationi,

134 4179 170 4235 ut
195 4162 299 4235 etiam
325 4189 390 4236 nen
418 4165 586 4263 permittat
609 4165 709 4238 talem
735 4165 983 4264 separatienem
1003 4168 1036 4238 in
1055 4192 1136 4239 casu
1157 4164 1253 4261 longe

132 4278 341 4374 urgentiore;
359 4278 439 4351 dum
459 4279 580 4352 mulier
597 4306 638 4351 ne
656 4280 793 4378 quidem
811 4282 853 4352 ab
873 4282 1000 4353 infideli
1020 4281 1167 4379 separari
1184 4306 1255 4379 per-
