2796 5064
212 367 285 418 οιι.
301 365 337 418 ιι.
352 368 393 418 ιιι
406 366 518 418 mores.
535 368 630 419 ιιιιιι.
649 368 681 418 ιιι
696 367 785 418 arus.
803 368 915 418 ιοιιιι.
931 368 1001 418 rar.
1021 370 1044 419 ι.
1112 350 1179 419 tat

68 501 197 577 dinibus
224 519 293 576 tam
315 501 446 598 graecis
471 527 571 600 quam
598 501 712 574 latinis
733 499 813 573 olim
839 500 1011 588 abluisse,
1040 529 1101 577 neo
1118 505 1181 578 hu·

66 617 253 715 guatinum,
270 640 332 690 nec
345 615 635 716 Chrysostomum,
654 642 716 690 nea
728 616 891 690 Basiliam
904 618 1021 690 eadem
1036 618 1178 715 legisse;

66 734 97 806 in
112 733 234 807 codice
249 757 383 832 quoque
395 731 656 830 cantabrigiensi
674 733 786 807 locum
805 733 895 806 huna
911 734 1096 807 desiderari
1113 739 1125 829 (
1149 738 1177 831 ).

65 847 242 923 l’uulusius
264 848 344 922 item
364 848 482 922 eadem
510 849 612 922 verba
638 849 713 922 ideo
735 848 947 948 potissimum
970 850 1018 921 uti
1037 875 1103 923 nan
1122 876 1182 922 au-

65 963 211 1037 thentica
227 963 360 1050 reiecit,
384 964 466 1063 quia
487 964 567 1036 olim
590 963 657 1037 iem
677 963 832 1038 Clemens
852 963 938 1037 alex.
960 980 993 1037 ct
1018 962 1180 1061 Origenes

65 1078 118 1152 illa
141 1078 239 1153 varie
262 1078 516 1173 reddiderunt(
541 1082 569 1174 ).

131 1192 199 1264 Alii
224 1208 338 1267 autem
363 1191 562 1292 particulam
590 1179 622 1263 ei
649 1195 681 1266 si
704 1192 947 1267 excludendam
972 1209 1111 1267 censent
1139 1220 1180 1267 ex

64 1307 171 1381 tarbis
197 1306 324 1382 Christi
341 1333 374 1380 v.
397 1311 431 1379 9.
453 1307 546 1382 citati
564 1333 640 1407 cap.
661 1308 746 1379 xlx.
768 1310 851 1407 quia
870 1335 988 1383 omnes
1009 1309 1077 1382 lere
1100 1334 1179 1383 con-

63 1421 278 1521 stantinopol.
311 1421 473 1509 codices,
512 1421 732 1522 nonnullique
766 1423 1001 1523 aegyptiorum
1027 1423 1103 1497 libri
1129 1424 1180 1497 sie

63 1535 236 1610 lectionem
260 1535 438 1609 exhibent:
468 1521 644 1632 ἀπολύσῃ
670 1524 736 1611 rit
772 1527 944 1636 γυναῖκα
976 1526 1102 1608 αὑτοῦ
1125 1525 1176 1634 pl

64 1639 120 1721 ini
154 1645 313 1750 πορνείᾳ
337 1650 498 1724 dimiserit
518 1678 653 1725 onorem
671 1679 766 1726 snam
785 1677 851 1729 οιιιι
869 1679 933 1728 aaa
951 1678 1176 1729 stannaturam

63 1772 125 1861 (ut
147 1765 295 1866 explicat
318 1765 517 1841 Kainoelius
530 1771 558 1862 ).
582 1767 735 1867 Cumque
759 1795 780 1841 a
805 1768 976 1869 plerisque
1000 1770 1175 1844 codicibus

61 1868 90 1951 tl
105 1882 215 1981 absitfl,
231 1882 374 1956 sonasse
387 1882 515 1956 illatum
529 1900 667 1957 censent
680 1911 700 1958 a
712 1885 940 1982 grammaticis
956 1886 1077 1973 luisse,
1097 1911 1178 1985 quo

60 1999 147 2071 niam
165 1999 202 2069 in
216 1997 289 2072 loeo
303 1996 464 2097 parallelo
476 1998 614 2097 legitur:
632 1986 818 2096 παρεκτὸς
835 1986 968 2097 λόγου
985 1997 1176 2098 πορνείας,

58 2126 191 2211 eeoepta
208 2113 434 2212 fornicationne
455 2140 556 2187 causa
573 2114 690 2188 blatth.
711 2116 748 2186 v.
773 2117 855 2203 32„
875 2141 964 2215 quae
981 2117 1057 2215 ipsa
1074 2117 1174 2189 etiam

59 2227 157 2301 rerba
180 2228 216 2298 in
243 2226 397 2327 pluribus
416 2228 592 2304 codicibus
618 2256 637 2303 e
662 2228 736 2305 loeo
757 2247 883 2304 mutato
905 2257 926 2303 a
947 2232 1175 2329 grammaticis

58 2342 227 2442 adscripta
240 2358 319 2415 sunt
334 2345 422 2439 (10).
443 2343 539 2419 Hanc
559 2345 700 2444 proinde
717 2344 917 2419 sententiam
943 2345 1048 2444 aliqui
1076 2346 1176 2445 parti-

57 2458 130 2532 cula
150 2458 217 2532 hac
238 2458 456 2533 conditionali
478 2477 693 2534 exornarunt.
720 2459 811 2534 llaec
830 2487 929 2560 porro
949 2459 1046 2534 lectio
1063 2461 1175 2535 obser-

57 2590 131 2647 vata
156 2573 266 2648 fuisse
289 2573 420 2649 videtur
453 2574 614 2649 Clementi
639 2575 724 2649 aler.
761 2576 822 2675 qui
851 2575 977 2649 Christi
1003 2575 1106 2648 verba
1133 2601 1174 2649 ex

57 2707 200 2788 utraque
216 2689 374 2763 Matthaei
387 2690 555 2763 sententia
572 2690 717 2765 conllata
729 2691 910 2765 memoriae
927 2690 1025 2790 lapsu
1038 2691 1174 2764 adducit
1259 2748 1266 2762 .

56 2802 112 2877 lib.
139 2805 185 2876 ll.
214 2805 334 2877 Strom.
365 2793 449 2875 Οὐκ
468 2791 680 2887 ἀπολύσεις
714 2795 908 2895 γυναῖκα,
935 2791 1032 2879 πλὴν
1060 2793 1092 2873 ei
1119 2789 1172 2901 fni

57 2905 111 2989 ini
131 2904 249 3016 λόγῳ
265 2915 437 3017 πορνείας
453 2949 517 2994 non
534 2922 677 2994 dimittes
696 2948 831 2995 oaorem
842 2935 1073 3020 praeterquam
1096 2946 1173 3018 pro·

52 3051 122 3133 pter
146 3037 393 3135 fornicationem
413 3038 502 3133 (ll).
524 3036 589 3111 Atii
616 3053 788 3137 praeterea
807 3036 961 3122 codices,
983 3037 1069 3109 inter
1086 3061 1171 3136 quos

53 3151 202 3223 eminent
222 3151 396 3224 vaticanus
419 3153 566 3225 omnium
590 3152 847 3251 antiquissimas
870 3167 903 3224 et
930 3149 1171 3247 cantabrigien-

53 3267 119 3353 sis,
141 3265 254 3364 graeci
276 3265 398 3340 deinde
424 3266 474 3338 illi
495 3294 581 3368 quos
602 3268 769 3341 recensuit
790 3267 1048 3353 Grieshachius3
1069 3292 1171 3365 supe

53 3381 151 3455 rioris
179 3382 319 3480 insuper
338 3399 372 3455 et
389 3381 557 3457 inferioris
582 3384 724 3485 Aegypti
748 3384 940 3471 versionem
962 3408 1106 3456 necnon
1125 3382 1171 3456 la·

52 3497 141 3570 tinae
157 3512 236 3570 ante
254 3496 495 3598 Hieronymum
513 3499 702 3598 exprimunt
720 3486 896 3594 ἀπολύσῃ
913 3485 978 3572 rit
996 3487 1168 3597 porciae

51 3600 173 3683 αὑτοῦ
190 3598 373 3712 παρεκτὸς
391 3597 522 3712 λόγου
539 3609 729 3710 πορνείας,
747 3613 906 3686 dimiserit
923 3639 1058 3685 onorem
1074 3639 1168 3684 snam

124 3779 160 3842 (s)
177 3781 311 3843 specimen
335 3779 596 3853 antntadoerstonnm
617 3784 645 3831 tn
664 3794 790 3845 arceram
809 3782 938 3833 matthan
959 3784 1062 3831 textum
1082 3780 1168 3832 entat-

51 3861 137 3910 trnrm
156 3861 274 3910 examtnt
291 3862 463 3923 propositum.
483 3861 658 3925 Nurimhergae
672 3866 740 3913 1786.
753 3875 808 3925 pag.
823 3871 877 3913 231.

125 3939 161 4002 (a)
180 3941 367 3989 commentam
377 3940 632 4004 phttatapteoerttr'et
650 3944 678 3991 tn
700 3954 798 3993 nocam
817 3945 919 3993 tertam.
937 3943 1005 3991 Part.
1024 3943 1054 3990 n.
1066 3941 1106 3990 ed.
1118 3953 1166 3990 see.

51 4017 144 4082 lipsiae
156 4025 226 4070 tata.
239 4031 293 4082 pag.
307 4022 361 4070 794.
371 4021 452 4078 Quem
462 4032 511 4070 non
523 4020 595 4084 pauci
609 4021 651 4071 alii
661 4023 760 4085 sequen
771 4024 828 4072 srrnt
838 4022 904 4086 apud
916 4020 1059 4084 Roskoxauy
1070 4034 1110 4082 op.
1122 4019 1164 4068 eit.

54 4103 61 4145 l
170 4136 177 4147 .

63 4105 91 4148 ῃ
104 4111 175 4241 Ἤ)
192 4179 229 4228 lta
239 4177 343 4228 Kainoel
358 4180 499 4229 comment.
511 4182 539 4228 tn
550 4178 595 4229 λιι.
609 4183 671 4229 novt
684 4182 742 4230 tert.
755 4180 890 4231 btrtortcos
903 4179 934 4229 ad
946 4179 1099 4229 Matthxlx.
1115 4181 1164 4226 7ο.

123 4256 175 4320 (ιι)
189 4256 235 4308 Ed.
244 4260 321 4308 Paris.
338 4263 404 4311 tatt.
417 4272 472 4322 pag.
481 4263 536 4310 tm.
550 4263 575 4312 et
586 4260 612 4311 in
624 4260 664 4310 ed.
674 4262 756 4311 Potler
766 4261 898 4311 oxoniam.
919 4259 1039 4323 anglicani
1058 4257 1165 4322 epiceopi

55 4337 134 4387 θιοιιιι
151 4342 219 4390 1715.
232 4351 289 4402 opp.
301 4342 362 4390 tam.
378 4341 397 4389 1.
413 4353 468 4404 pag.
485 4347 540 4391 tat.
