2796 5064
140 350 211 425 tat
262 373 324 425 tu.
346 373 394 427 ru.
416 372 502 424 sacr.
525 371 656 424 sarrai.
677 372 717 422 oe
735 370 848 423 rueres.
870 371 965 423 asra.
984 370 1111 423 enaim.

139 509 274 594 ceptum
303 492 429 567 violent
456 492 594 566 obtentu
620 491 731 590 legum
761 489 937 578 ciuilium,
968 516 1059 590 quae
1084 490 1256 565 divortium

141 608 379 708 permittebant
398 610 488 704 (86).

214 724 309 797 Hanc
329 741 472 797 mentem
495 749 572 797 esse
595 722 728 795 concilii
757 738 847 820 patet
873 734 942 795 tum
969 748 1010 794 ex
1038 724 1207 796 sermonis
1223 741 1259 794 te

142 867 242 927 nore,
271 855 342 914 tum
368 868 408 912 cx
435 839 529 912 titulo
556 866 616 911 scu
643 840 827 912 summario
853 837 1006 912 eiusdem
1024 839 1195 911 carnonis:
1226 837 1260 911 ti

141 958 191 1042 is,
224 959 317 1029 cuius
347 982 433 1028 uuor
463 954 690 1037 adulteravit,
718 955 824 1027 olium
851 955 913 1028 illc
936 957 1066 1026 uiuente
1096 981 1164 1026 ooo
1184 957 1260 1026 ccci·

140 1073 215 1172 piot
234 1073 309 1167 (87)
325 1101 333 1158 3
350 1087 420 1144 tum
438 1069 586 1168 denique
604 1096 644 1142 ex
666 1095 706 1142 oo
724 1069 815 1169 quod
835 1069 863 1142 si
886 1070 1071 1152 consilium,
1096 1070 1197 1142 cuius
1213 1068 1260 1140 hic

66 1186 70 1194 ’
141 1186 267 1259 mentio
290 1184 348 1272 fit,
369 1186 579 1283 acciperetur
596 1184 639 1255 de
660 1210 696 1255 re
721 1182 845 1269 libera,
867 1201 906 1258 ut
925 1183 1139 1256 contendunt
1158 1184 1261 1257 adver

141 1300 246 1387 sarii,
274 1299 409 1374 concilii
436 1298 611 1398 praesules
636 1297 703 1370 sibi
729 1298 1020 1384 contradicerent,
1057 1298 1145 1371 dum
1179 1296 1259 1397 quod

140 1414 285 1487 absolute
303 1415 399 1514 prius
424 1415 594 1487 affirmant
612 1439 679 1485 esse
694 1414 913 1512 prohibitum,
942 1412 1032 1486 idem
1051 1412 1180 1486 deinde
1196 1413 1260 1485 litu

139 1556 215 1602 rum
238 1531 511 1630 pronunciarent.
881 1595 886 1607 .

215 1645 309 1732 Quae
330 1672 406 1719 eum
428 1646 472 1718 ite
500 1646 592 1731 sint,
614 1645 797 1718 concidunt
822 1671 886 1719 sua
907 1644 1009 1718 veluti
1030 1660 1156 1744 sponte
1172 1669 1260 1744 quac·

140 1788 285 1863 cumque
304 1762 535 1859 excogitarunt
562 1760 781 1834 divortiorum
801 1760 933 1860 patroni
952 1777 990 1834 ut
1007 1759 1115 1834 huius
1133 1759 1259 1834 canonis

140 1879 210 1952 uim
234 1876 427 1963 eluderent,
450 1877 553 1950 immo
576 1902 655 1950 vero
679 1893 713 1950 et
739 1877 773 1947 in
801 1902 868 1949 rem
897 1903 994 1949 suam
1020 1891 1256 1950 converterent.

143 1991 291 2064 launoio
316 1992 405 2063 enim
434 1991 676 2088 antesignano,
697 1991 904 2065 contendunt
931 2006 1152 2091 praeceptum
1170 2015 1259 2090 quon·

144 2106 224 2180 dam
240 2107 435 2208 impositum
450 2132 526 2179 osse
543 2131 586 2177 ne
604 2105 774 2180 secundas
792 2107 927 2206 nuptias
946 2105 1181 2180 adolescentes
1194 2131 1260 2178 neo

137 2221 268 2322 phythi
294 2221 441 2308 inirent;
468 2222 511 2294 ab
538 2222 641 2295 huius
659 2238 770 2296 autem
796 2221 930 2296 concilii
958 2221 1115 2322 patribus
1142 2222 1176 2293 in
1193 2246 1260 2294 con·

142 2337 259 2412 silium
275 2363 410 2411 versum
430 2337 554 2423 luisse,
572 2339 664 2438 quod
682 2339 740 2439 qui
760 2354 982 2438 sequerentur
999 2338 1086 2411 hene
1106 2338 1257 2419 lacerent,

140 2450 201 2554 qai
218 2478 298 2528 uero
315 2452 541 2551 negligerent,
563 2457 729 2530 immunes
747 2483 767 2528 e
788 2454 921 2554 piaculo
941 2472 1056 2529 essent
1072 2457 1165 2550 (88).
1188 2454 1261 2525 ilino

142 2567 305 2643 extollunt
329 2571 543 2669 prudentiam
571 2573 740 2669 sapientie
762 2572 918 2671 plenam,
940 2570 1260 2670 moderationemque

142 2702 274 2784 patrum
296 2685 533 2761 arelatensium
555 2689 651 2782 (89),
680 2689 739 2786 qui
773 2703 880 2759 aetate
913 2686 971 2759 ille
997 2688 1072 2759 ausi
1102 2714 1172 2760 non
1197 2701 1263 2759 sunt

142 2802 320 2902 perspicue
342 2802 561 2877 orthodoxam
583 2793 770 2878 doctrinam
798 2828 1005 2901 proponere,
1028 2828 1070 2874 ne
1100 2805 1136 2875 in
1158 2818 1262 2902 apertu

143 2917 233 2992 lucta
257 2943 333 2991 cum
356 2919 447 2992 civili
474 2920 616 3017 imperio
643 2919 884 2992 invenirentur.

215 3032 277 3106 Ast
303 3035 442 3107 istorum
470 3061 562 3107 error
588 3037 622 3104 in
648 3060 688 3106 eo
712 3051 884 3120 versatur,
919 3034 1009 3132 quod
1037 3035 1213 3106 eonsilium
1236 3033 1262 3102 in

144 3175 227 3222 casu
246 3148 289 3221 de
307 3177 375 3249 quo
392 3151 504 3247 agitur
525 3150 713 3223 iunioribus
731 3150 879 3222 dandum
900 3176 920 3220 a
939 3148 1094 3247 patribus
1114 3149 1259 3229 edicitur,

143 3272 290 3345 referant
306 3274 379 3370 sive
403 3275 446 3345 ad
469 3274 674 3357 doctrinam,
697 3276 769 3347 sive
787 3274 829 3346 ad
850 3300 918 3346 rom
939 3273 1209 3372 disciplinatam.
1229 3272 1263 3343 lli

143 3387 177 3458 in
195 3403 337 3486 utroque
355 3388 579 3489 decipiuntur.
608 3389 830 3488 Decipiuntur
847 3390 927 3461 dum
948 3387 1033 3460 illud
1059 3389 1209 3462 referunt
1226 3385 1260 3459 ad

143 3502 351 3590 doctrinam,
381 3530 469 3602 quae
493 3521 607 3602 aperte
634 3505 792 3577 statuitur
816 3503 885 3578 illis
918 3503 1060 3577 verbis:
1090 3503 1138 3576 Et
1159 3502 1261 3602 proli·

217 3707 267 3768 (aa)
286 3709 335 3756 itas
349 3705 413 3769 logos
427 3706 501 3769 patrio
512 3710 569 3755 onte
586 3706 723 3756 attulimus.

215 3787 265 3847 (87)
282 3787 312 3837 iii
322 3785 388 3835 tituli
400 3786 563 3848 antiquissimi
575 3789 640 3846 sunt,
649 3789 673 3834 ct
682 3787 705 3834 in
718 3786 832 3835 ominibus
840 3785 967 3835 codicibus
976 3787 1143 3848 reperiuntur.
1152 3784 1259 3834 cintia.

145 3869 247 3917 Decreli
259 3867 340 3916 lvonis
351 3880 374 3914 c.
388 3874 442 3917 258.
456 3866 502 3915 aab
515 3868 560 3914 lroc
572 3867 644 3915 tilulo
655 3867 756 3916 effertur
770 3879 848 3915 ration
866 3868 955 3914 nosicr:
976 3866 1009 3914 vt
1024 3868 1201 3928 quantumve
1210 3861 1258 3913 udo

144 3947 279 4009 leocrates,
300 3947 450 3998 uiuentibus
469 3948 599 3997 uxoribus
615 3951 686 4005 suti,
711 3947 780 3996 uliae
801 3960 853 3997 non
871 3945 983 3996 diccunt.

215 4027 265 4088 (88)
282 4027 385 4077 menei.
404 4040 445 4090 op.
458 4027 500 4076 cit.
514 4039 568 4088 pag.
583 4031 636 4076 827.
650 4029 674 4074 ot
692 4034 759 4076 1029.
778 4028 857 4074 Braun
875 4024 934 4074 diss.
946 4024 989 4073 cit.
1003 4023 1070 4087 apud
1087 4024 1171 4073 iacobi
1184 4026 1216 4074 De
1229 4025 1257 4068 tu·

143 4106 233 4159 aanor.
244 4115 326 4171 pino.
340 4109 398 4157 aen.
414 4105 534 4156 Leonard.
551 4105 734 4166 Werkmcistor,
748 4105 883 4155 scholiasta
895 4103 1023 4166 tubingans
1041 4102 1109 4166 apud
1124 4100 1256 4158 Rosioriny

146 4201 188 4250 op.
202 4188 246 4237 cit.
258 4187 282 4250 §-
298 4194 351 4237 tas.

216 4269 267 4330 (aa)
283 4269 324 4318 Uti
340 4267 418 4319 Nicol.
437 4268 567 4318 manchon.
578 4268 602 4316 in
615 4265 710 4316 annot.
721 4266 816 4330 pinitus.
831 4268 856 4315 et
869 4265 947 4315 tircol.
963 4264 1062 4314 cathol.
1081 4265 1190 4315 Kobtenz
1202 4266 1254 4311 rats.

145 4362 199 4412 pag.
216 4355 255 4400 es.
