2796 5064
280 373 350 428 car.
366 377 398 426 v.
418 377 457 427 nn
470 375 581 428 sotor.
599 377 727 429 rursus.
743 378 839 430 ιιιιι.
859 379 929 431 ιιι.
950 381 985 432 ιι.
1114 361 1182 434 433

69 494 175 570 colum
192 516 235 568 ac
251 493 369 570 loedus
387 493 563 593 coniugale
586 495 622 566 in
648 495 815 594 singulis,
843 521 929 597 quos
956 497 1181 578 indicavimus

68 609 211 710 aliisque
228 634 335 710 prope
352 609 540 683 innumeris
558 609 716 698 casibus,
750 609 952 686 reclamante
977 638 1043 687 non
1069 614 1185 691 miuus

63 724 227 810 ecclesia,
255 750 358 824 quam
379 724 547 825 aequitate
572 750 612 799 ac
629 740 759 798 natura.
790 726 907 826 ltaque
937 727 1024 802 actio
1047 755 1183 829 separa-

63 838 163 914 tionis
190 837 305 938 quoad
334 853 443 912 torum
477 854 511 911 et
539 837 821 913 cohabitationem
856 859 1013 917 manente
1045 845 1185 922 vinculo

62 950 211 1026 absurde
233 952 283 1025 uti
307 977 395 1027 nova
415 952 611 1025 traducitur.

133 1066 257 1139 Verum
284 1066 432 1140 secundo
456 1065 530 1140 loco
550 1066 639 1139 hano
656 1068 811 1141 novitatis
830 1085 942 1143 notam
959 1072 1108 1147 excludit
1125 1075 1185 1149 dc-

62 1195 294 1255 cumentorum
316 1180 435 1280 eopia,
464 1207 567 1280 quam
592 1181 690 1255 nobis
716 1182 900 1282 antiquitas
930 1209 1026 1258 saera
1060 1214 1185 1289 suppe-

62 1297 158 1370 ditat.
175 1296 427 1370 Praetermissis
446 1296 590 1370 textibus
608 1294 763 1384 biblicis,
785 1298 829 1371 de
846 1298 971 1399 quibus
986 1301 1090 1400 paulo
1107 1319 1185 1402 post

62 1437 224 1509 egenam,
246 1426 294 1486 tot
314 1411 515 1486 documenta
538 1413 688 1486 veritatis
711 1412 897 1488 catholicae
922 1414 1021 1489 nobis
1048 1436 1184 1517 praesto

62 1544 162 1616 sunt,
187 1542 270 1627 quot
293 1528 329 1600 in
350 1527 582 1627 superioribus
606 1528 775 1628 capitibus
801 1529 974 1605 attulimus
992 1534 1184 1610 testimonia

61 1659 194 1742 patrum
216 1667 411 1740 graecorum
435 1659 469 1718 et
497 1642 699 1732 latinorum,
731 1645 790 1744 qui
815 1644 941 1719 Christi
967 1648 1069 1722 verba
1099 1651 1184 1726 llat-

62 1756 110 1831 tb.
131 1756 172 1830 V.
192 1759 253 1830 32.
273 1772 307 1832 et
320 1759 409 1832 xlx.
430 1761 464 1830 9.
493 1775 720 1858 exposuerunt
740 1758 782 1833 de
807 1761 908 1834 unica
934 1780 1183 1862 separationes

60 1891 131 1949 toro
148 1892 184 1948 et
199 1874 448 1949 cohabitatione
464 1902 533 1976 qua
549 1902 629 1976 pars
650 1875 811 1949 innocens
829 1877 1004 1976 coniugem
1024 1880 1181 1955 adulterii

64 2014 159 2064 reum
173 2004 285 2090 potest
304 1989 491 2079 dimittere,
512 1992 595 2091 quin
613 2017 775 2091 umquam
793 1991 993 2067 tribueretur
1009 1995 1119 2069 eidem
1138 1999 1189 2073 saa

58 2105 168 2182 cultas
193 2131 281 2181 novo
304 2132 381 2180 cum
408 2107 513 2181 altero
535 2134 572 2181 se
591 2107 725 2180 foedere
750 2107 931 2205 iungendi3
953 2109 1020 2184 imo
1038 2113 1182 2213 positive

58 2221 117 2294 illa
141 2220 384 2318 denegabatur.
405 2221 476 2294 lam
493 2247 572 2296 vero
589 2220 782 2320 incipiendo
800 2221 843 2294 ab
864 2221 988 2297 llerma
1010 2224 1081 2300 viro
1103 2251 1184 2327 apo-

57 2336 179 2412 stolico
202 2329 400 2413 devenimus
421 2363 534 2439 usque
554 2337 597 2410 ad
616 2362 646 2409 s.
663 2336 910 2433 Augustinum,
930 2353 963 2411 et
982 2339 1025 2411 ad
1044 2343 1181 2441 eosqui

56 2453 132 2527 eius
148 2454 303 2552 vestigiis
321 2454 560 2539 inhaeserunt,
581 2452 860 2551 ostendimusque
876 2452 919 2524 ad
938 2480 1043 2526 unum
1061 2482 1180 2532 omnes

43 2571 93 2642 -in
113 2569 180 2644 hac
204 2571 370 2646 sententia
392 2595 432 2645 ac
455 2570 607 2645 doctrina
631 2568 831 2668 perstitisse.

131 2684 208 2759 Huc
228 2686 353 2784 pariter
378 2686 566 2760 reseruntur
591 2707 802 2756 romanorum
829 2683 1025 2781 pontificum
1051 2705 1084 2760 et
1100 2712 1181 2761 con-

57 2799 213 2874 ciliorum
238 2816 380 2889 statuta,
401 2800 526 2902 quibus
551 2798 669 2872 eadem
694 2797 846 2871 doctrina
869 2799 904 2869 in
927 2799 1056 2896 praxim
1075 2800 1182 2881 dedu·

57 2931 112 2989 cta
138 2931 191 2990 est
214 2943 254 2991 ac
279 2917 428 3005 sancita3
459 2913 603 3014 exempli
634 2938 737 2987 causa
767 2938 842 2985 cum
877 2912 1112 3003 decreverunt,
1144 2934 1182 2990 ut

57 3020 227 3133 dirempto
237 3033 396 3131 coniugio
410 3031 560 3106 secundo
576 3055 616 3102 ex
634 3053 746 3102 errore
763 3027 840 3101 iacti
859 3026 963 3113 inito,
985 3028 1075 3127 quod
1089 3030 1182 3129 prior

57 3173 143 3222 uxor
167 3137 282 3222 avita
307 3148 505 3236 excesserit,
533 3146 586 3222 vir
606 3144 740 3219 etiamsi
762 3169 838 3217 cum
864 3143 1012 3217 secunda
1029 3167 1067 3218 se
1083 3171 1182 3246 oopu-

57 3262 165 3338 lasset
187 3262 231 3338 ad
258 3264 402 3365 priorem
426 3263 568 3349 rediret,
598 3260 756 3333 nimirum
782 3260 864 3360 quia
889 3261 984 3359 prius
1002 3260 1086 3334 illud
1104 3288 1183 3337 oon-

57 3378 190 3478 iugium
215 3380 324 3480 quoad
352 3378 522 3455 vinculum
550 3376 724 3462 manebat,
752 3401 856 3482 uxore
882 3374 994 3449 adhuc
1022 3377 1178 3466 vivente,

57 3493 139 3570 licet
162 3511 254 3570 esset
276 3495 389 3596 quoad
416 3511 524 3569 torum
550 3491 806 3592 convictumque
823 3491 955 3578 divisa;
980 3508 1017 3564 ut
1034 3492 1183 3567 decrevit

57 3611 276 3686 Innocentius
294 3613 322 3684 1.
347 3626 417 3684 tum
445 3610 479 3682 in
505 3609 607 3708 epist.
627 3609 670 3681 ad
696 3607 861 3695 Probum,
890 3622 960 3680 tum
986 3608 1020 3680 in
1040 3605 1182 3706 epistola

56 3723 103 3797 ad
124 3724 369 3825 Exsuparium,
391 3724 488 3798 ouius
509 3722 612 3797 verba
636 3748 712 3795 cum
738 3720 819 3794 alibi
845 3722 911 3793 iam
938 3720 1178 3818 descripserim

56 3840 358 3942 expenderimque,
380 3840 437 3914 hic
453 3838 560 3912 missa
579 3838 712 3912 faciam.
741 3837 834 3909 ldem
860 3835 976 3910 statuit
1001 3861 1032 3908 s.
1053 3834 1176 3906 beohl.

57 3956 94 4029 in
120 3957 221 4057 epist.
241 3955 286 4030 ad
303 3957 452 4031 Nicetam
471 3955 711 4055 aquileiensem
729 3953 926 4052 episcopum
944 3950 1177 4049 praecipiens,

57 4072 243 4161 foeminas,
259 4099 362 4174 quae,
385 4072 494 4171 captis
511 4070 612 4157 viris,
637 4083 821 4168 nupserant
837 4066 932 4152 aliis,
953 4064 1117 4161 regressis
1139 4064 1181 4138 de

55 4189 251 4289 captivitate
274 4189 358 4262 viris
384 4186 565 4288 prioribus,
589 4184 716 4258 eisdem
739 4182 834 4256 reddi
860 4181 994 4267 debere,
1018 4176 1081 4252 etsi
1110 4205 1182 4280 pro·

56 4304 195 4378 fiteatur
217 4330 276 4379 eas
303 4330 371 4379 non
401 4302 507 4377 luisse
540 4300 752 4401 culpabiles,
787 4325 873 4398 quae
905 4296 1063 4393 deceptae
1095 4295 1181 4370 lalso

122 4449 162 4502 111
1064 4444 1098 4494 aa
