2796 5064
222 356 293 429 5ss
367 377 819 431 tta.111.ttttct.ttt·ent.1tt
843 375 955 427 inorsa.
978 375 1075 426 aare.
1099 373 1228 441 mater.

127 540 130 548 ·
222 495 317 570 Idem
343 497 399 571 dic
423 495 466 570 de
491 509 653 595 potestate
681 519 763 568 rom.
786 491 955 592 pontilicis
981 490 1015 564 in
1040 491 1277 594 dispensando
1300 494 1339 568 ab

223 612 472 717 impedimentis
501 608 737 684 dirimentibus
758 609 923 708 moeniis,
947 606 1047 682 cuius
1072 607 1249 684 facultatis
1271 629 1341 686 aute

223 728 454 805 lnuoeentium
483 727 542 799 lll.
574 726 631 800 vix
664 726 813 826 suppetit
844 723 993 798 solemne
1025 722 1172 824 aliquod
1209 727 1336 801 lactum

225 847 259 916 3.
277 843 342 929 Qui
364 842 449 914 haee
467 841 632 915 obiiciunt
650 867 716 913 non
733 838 911 912 advertunt
934 838 1089 912 eamdem
1112 839 1340 914 difficultatem

223 956 348 1032 moveri
368 981 467 1055 posse
484 954 647 1028 adversus
660 961 908 1054 quemcumque
926 951 1141 1051 pontificem,
1162 954 1227 1054 qui
1241 955 1340 1054 primo

225 1070 341 1171 aliqua
360 1069 518 1144 facultate
535 1069 601 1143 sibi
615 1067 750 1167 propria
763 1094 846 1141 usus
859 1067 974 1154 luerit,
992 1092 1068 1140 cum
1084 1093 1227 1168 semper
1237 1070 1337 1168 excipi

225 1204 356 1286 posset,
385 1203 464 1260 ante
482 1187 582 1260 talem
603 1185 798 1259 nominatim
817 1184 1027 1284 pontificem,
1048 1185 1229 1260 neminem
1248 1213 1337 1260 nsum

224 1329 264 1378 ea
290 1319 454 1404 potestate
479 1301 598 1376 luisse.
621 1301 718 1387 Quod
744 1301 891 1400 prolecto
916 1299 1082 1374 absonum
1106 1317 1174 1375 est.

297 1418 395 1504 Quod
412 1444 490 1492 vero
517 1419 635 1491 attinet
658 1415 701 1490 ad
726 1415 866 1490 alterum
891 1431 1131 1514 argumentum
1154 1420 1340 1518 negativum

225 1532 269 1606 de
292 1531 426 1606 silentio
450 1531 657 1619 traditionis,
678 1530 787 1628 magis
805 1529 917 1602 adhuc
934 1545 1041 1604 nutat.
1062 1531 1247 1632 Siquidem
1262 1534 1340 1609 ridi-

225 1673 300 1719 mus
327 1673 366 1720 ex
389 1646 568 1720 Benedieto
592 1646 674 1718 lllV.
698 1646 785 1719 hanc
809 1660 1006 1745 potestatem
1032 1663 1198 1724 constare
1221 1677 1265 1724 ec
1285 1666 1341 1724 tro

224 1761 356 1864 ditione..
380 1761 471 1835 llaec
504 1776 615 1835 autem
640 1776 749 1860 potest
773 1759 886 1834 inesse
910 1785 951 1833 ac
974 1759 1091 1860 vigere
1116 1763 1153 1835 in
1183 1765 1335 1851 ecclesia,

224 1875 307 1976 quin
332 1875 378 1949 de
403 1876 479 1975 ipsa
504 1892 635 1951 constet
659 1904 719 1977 per
743 1876 981 1964 instrumenta,
1008 1875 1140 1978 quihus
1172 1879 1274 1955 nobis
1292 1908 1341 1981 pa·

224 1990 329 2065 tefieri
355 1991 457 2078 solet,
484 2008 521 2065 ut
546 1992 632 2067 alias
657 1991 909 2077 adnotavimus;
936 2018 1012 2066 cum
1039 1992 1111 2068 duo
1142 1995 1254 2086 lnaec,
1285 2014 1339 2072 tra

223 2105 362 2180 ditionis
392 2107 522 2182 scilicet
545 2108 722 2182 existentia
749 2108 783 2181 in
808 2107 971 2192 ecclesia,
1000 2123 1033 2182 et
1056 2109 1218 2186 eiusdem
1250 2113 1339 2188 trudi·

225 2220 328 2294 tionis
363 2221 561 2297 documenta
592 2250 653 2322 per
678 2250 766 2323 quae
797 2224 1026 2322 dignoscitur,
1060 2224 1163 2301 valde
1195 2228 1283 2303 inter
1307 2255 1339 2303 se

223 2333 442 2435 discrepent;
482 2354 579 2436 prout
609 2337 774 2435 contingit
805 2340 838 2411 in
874 2335 1029 2438 pluribus
1060 2337 1142 2414 aliis
1175 2341 1340 2418 doctrinae

225 2449 412 2524 catholicae
428 2452 609 2551 capitibus.

230 2631 232 2637 ,
298 2566 443 2639 Tertium
463 2585 709 2665 argumentum,
731 2571 822 2669 quod
840 2586 892 2644 est
908 2569 1028 2669 Sylvii,
1050 2571 1147 2645 iuxta
1166 2601 1270 2673 quem
1291 2600 1340 2674 po

225 2698 349 2767 testas,
370 2707 459 2780 quae
478 2684 613 2782 prossuit
630 2702 688 2757 aut
705 2703 876 2758 exercetur
894 2685 1086 2759 immediate
1106 2714 1126 2760 a
1145 2689 1246 2763 Rom.
1264 2692 1340 2762 Pon·

223 2795 327 2882 tilica,
348 2797 480 2869 etiamsi
510 2797 539 2870 is
565 2826 584 2871 a
611 2799 745 2873 Christo
763 2827 835 2872 eam
855 2801 1038 2899 acceperit,
1061 2827 1130 2874 non
1151 2822 1264 2901 potest
1279 2804 1339 2875 dici

222 2909 349 2997 divina,
370 2912 430 2983 sed
450 2911 557 2984 solum
584 2912 732 2986 humana
758 2931 816 2987 aut
840 2913 1089 3001 ecclesiastica,
1119 2918 1209 2993 adeo
1235 2938 1271 2992 ut
1291 2946 1340 2992 ea·

221 3025 297 3097 dem
325 3054 390 3098 non
420 3028 528 3125 possit
553 3028 743 3126 dispensari
765 3031 798 3101 in
817 3057 857 3103 eo
876 3031 967 3130 quod
984 3032 1122 3106 divinae
1140 3053 1196 3108 ost
1215 3036 1339 3109 institu-

223 3138 342 3225 tionis,
365 3140 487 3214 salsum
506 3159 557 3214 est
570 3159 602 3214 et
615 3143 793 3217 absonum.
809 3145 943 3219 Falsum
959 3147 1111 3246 quidem,
1128 3151 1215 3248 quia
1227 3149 1343 3227 exinde

221 3271 418 3350 sequeretur
443 3282 508 3329 non
537 3283 637 3356 posse
663 3258 840 3332 ecclesiam
871 3279 1008 3360 accepta
1034 3289 1054 3334 a
1079 3263 1222 3341 Christo
1255 3283 1338 3366 pote·

221 3380 307 3436 state
333 3365 429 3463 plura
454 3372 675 3459 constituere,
703 3400 791 3472 quae
816 3393 990 3448 versentur
1010 3377 1100 3450 circa
1118 3407 1269 3482 eaquae
1293 3381 1339 3452 di-

221 3479 346 3552 vinitus
372 3499 451 3554 sunt
480 3486 651 3574 instituta,
678 3514 730 3560 ex.
756 3517 807 3586 gr.
833 3509 869 3564 ut
902 3493 935 3562 in
968 3519 1003 3565 re
1032 3493 1075 3566 de
1106 3522 1178 3593 qua
1212 3499 1338 3594 agimus

220 3592 401 3680 sistamus,
429 3616 626 3695 sequeretur
651 3602 828 3676 ecclesiam
855 3606 1058 3680 constituere
1077 3635 1146 3681 non
1165 3638 1288 3710 posse,
1307 3629 1340 3685 ut

220 3708 317 3808 plura
335 3709 386 3784 vel
405 3713 563 3811 pauciora
582 3717 820 3816 impedimenta
837 3720 998 3794 dirimant
1011 3725 1233 3800 matrimonia
1248 3755 1338 3827 prac-

220 3841 271 3897 ter
295 3853 336 3898 ea
360 3853 448 3926 quae
474 3830 508 3900 in
536 3831 681 3906 Levitico
707 3834 889 3923 habentur;
919 3837 996 3910 item
1023 3838 1132 3937 legem
1155 3843 1338 3918 caelibatus

218 3964 280 4037 pro
305 3942 453 4030 clericis,
483 3946 619 4045 aliaque
644 3950 829 4039 eiusmodi,
850 3954 942 4051 quod
963 3972 1073 4027 tamen
1096 3958 1336 4035 catholicorum

219 4080 316 4129 nemo
340 4059 454 4134 dicere
479 4090 583 4137 ausus
608 4083 672 4140 est.
695 4065 829 4141 Falsum
856 4086 1028 4167 praeterea
1046 4089 1079 4145 et
1096 4073 1268 4151 absonum
1292 4092 1338 4151 est

219 4168 282 4241 hoe
299 4173 521 4274 principium,
543 4182 642 4279 quasi
662 4209 781 4283 nempe
799 4184 880 4255 dum
899 4185 1035 4260 divinus
1050 4185 1229 4286 legislator
1245 4191 1336 4266 Chri·

219 4299 291 4358 stus
316 4287 481 4366 Dominus
508 4295 754 4394 amplissimam
773 4299 914 4374 contulit
930 4318 1132 4399 potestatem
1159 4305 1203 4384 ad
1226 4334 1267 4383 ea
1287 4305 1334 4378 de
