2796 5064
242 123 316 175 etr.
331 116 358 174 t.
372 121 447 174 m.
459 118 685 175 morsurus.
697 76 1129 194 manumulierum.
1186 103 1258 173 153

146 240 195 316 ahi
208 240 459 317 interveniente
469 240 614 341 repudio
634 241 711 316 sine
726 240 867 316 erimine
879 241 1076 317 honeeditur
1091 249 1168 316 eum
1181 241 1260 317 aliis

144 355 393 458 dia'eopulare
417 354 608 446 eonnuhia3
628 355 720 458 q'uod
739 357 845 431 etiam·
858 360 1012 431 sanetum
1030 358 1180 458 Moyaem
1192 359 1260 431 llo-

142 473 262 560 ninus,
274 488 412 574 propter
423 472 583 546 duritiam
600 473 713 548 eordis
726 473 872 561 illorum,
889 472 1048 548 israelitis
1062 473 1260 572 permisisse

142 604 297 662 testatur:
321 588 381 661 sed
399 588 472 686 lege
494 589 660 687 evangelii
681 616 759 663 reus
787 605 838 662 est
855 588 1031 676 adulterii,
1053 589 1142 662 siout
1158 590 1259 661 etiam

145 702 197 775 illa
214 703 246 776 si
265 701 363 776 alteri
387 704 543 803 nupserit
563 704 701 801 (tems
718 703 783 789 Qui
806 720 978 802 praeterea
997 701 1097 803 paulo
1116 717 1193 802 post
1213 702 1260 775 ito

142 817 374 917 prosequitur:
385 832 422 888 ‘a
432 818 484 891 lta
498 817 585 891 inter
600 818 752 891 virentes
771 833 885 890 manet
899 814 1063 916 quiddam
1073 814 1258 895 uinculum

140 931 338 1029 ooniugale,
358 933 450 1032 quod
476 959 539 1006 nee
562 933 748 1031 separatio,
772 958 834 1005 nee
858 957 934 1005 eum
959 929 1063 1004 altera
1087 929 1256 1031 copulatio

142 1046 248 1144 possit
267 1047 414 1120 auferre.
436 1047 549 1120 llanet
572 1063 686 1120 autem
713 1046 757 1119 ad
771 1071 904 1120 noxam
930 1045 1100 1131 oriminis,
1122 1071 1188 1118 non
1216 1046 1259 1119 ad

141 1158 310 1233 rinoulum
336 1160 497 1247 foederis:
519 1161 609 1235 siout
632 1175 806 1260 apostatae
831 1158 947 1233 anima
966 1158 1058 1233 velut
1076 1158 1120 1231 de
1135 1159 1257 1233 ,conin-

143 1275 190 1372 gio
205 1275 338 1349 Christi
357 1276 528 1364 recedens,
549 1277 656 1351 etiam.
669 1277 735 1350 lide
752 1275 895 1376 perdite,
917 1290 1162 1348 sacramentum
1180 1273 1260 1347 fidei

143 1416 201 1463 ron
237 1390 385 1477 amittit,
418 1390 515 1489 qnod
538 1390 671 1464 lavacro
706 1389 967 1488 regenerationis
997 1388 1137 1487 accepit.
1172 1388 1259 1462 Rod-

143 1503 272 1579 deretur
297 1505 387 1579 enim
413 1504 529 1605 procul
555 1504 659 1578 dubio
684 1504 856 1592 redeunti,
881 1504 909 1576 si
942 1504 1113 1579 amisisset
1138 1501 1257 1576 ahsoe-

143 1619 538 1718 dens(108),'»rutalia
562 1620 728 1694 eiusmodi
757 1647 786 1694 s.
815 1620 968 1695 Doctoris
995 1619 1185 1693 testimonia
1208 1619 1256 1692 si-

142 1733 251 1809 lentio·
266 1751 494 1835 praeteream,
514 1762 602 1838 quae
627 1736 824 1836 praesertim
842 1749 1022 1809 occurrunt
1047 1733 1081 1809 in
1103 1732 1189 1816 libro
1205 1734 1254 1807 De

146 1851 219 1924 loeo
237 1851 429 1949 centupli:

209 1967 289 2039 lluo
313 1991 449 2067 quoqne
476 1968 667 2042 referuntur
691 1992 779 2069 quae
804 1965 976 2065 Eugenius
989 1966 1047 2038 lv.
1071 1966 1106 2038 in
1125 1965 1258 2041 decreto

143 2106 199 2181 pro
220 2080 404 2168 armenis,
426 2081 486 2180 qui
508 2081 841 2156 indissolubilitatem
865 2081 1013 2154 allirmat
1030 2107 1107 2155 esse
1131 2079 1257 2155 bonum

144 2196 348 2271 matrimonii
362 2222 403 2269 ex
421 2223 461 2271 eo
481 2197 571 2296 qnod
586 2197 826 2271 indivisibilem
844 2197 1114 2271 coniunctionem
1134 2196 1259 2270 Christi

144 2337 216 2385 oum
243 2310 390 2386 ecelesia
410 2313 706 2409 significet(10ll).
724 2311 1093 2405 llineinCatechismo
1122 2337 1260 2385 romano

146 2426 284 2526 legitur:
303 2457 321 2496 α
337 2427 499 2514 Quamuis
520 2428 750 2516 matrimonio,
766 2444 933 2527 quatenus
955 2442 1093 2501 naturae
1109 2444 1161 2500 est
1184 2426 1260 2500 olli·

145 2544 253 2629 oium,
268 2545 455 2628 ooooeor‘ot,
471 2559 510 2616 ut
526 2543 667 2617 dissolvi
688 2570 754 2618 non
781 2544 890 2641 possit
901 2557 1043 2615 :temen
1061 2540 1096 2614 id
1116 2542 1259 2614 marimo

147 2660 195 2756 fit,
219 2663 389 2759 qnatenus
415 2675 467 2733 est
491 2676 737 2733 sacramentum
753 2660 905 2754 (110).»

213 2775 280 2849 llis
302 2791 412 2848 tamen
436 2773 529 2848 haud
556 2775 656 2874 pauoi
678 2801 745 2849 non
771 2773 1002 2874 acquiescunt,
1023 2772 1189 2846 eiusmodi
1208 2799 1258 2846 ra-

145 2889 293 2965 tionibus
318 2889 428 2979 dueti;
455 2895 486 2964 l.
503 2890 584 2990 quia
606 2890 670 2965 hoo
695 2890 829 2988 signum
855 2888 1102 2963 coniunctionis
1128 2887 1254 2962 Christi

137 3029 219 3078 eum
245 3003 392 3078 ecelesia
417 3003 696 3078 iamhabebatur
714 3021 784 3077 tum
806 3004 841 3076 in
858 3002 950 3077 lidae
975 3017 1008 3076 et
1027 3002 1118 3078 Evae
1143 3003 1260 3076 eoniu-

146 3121 225 3218 gio,
254 3119 444 3219 ueterisque
473 3121 596 3194 veteris
630 3119 713 3217 legis
743 3118 940 3206 connubiis,
970 3134 1039 3195 tum
1069 3119 1168 3192 etiam
1198 3144 1260 3193 suo

146 3233 306 3329 modo'in
332 3234 418 3335 ipsis
443 3234 619 3332 gentilium
643 3233 955 3309 coniunctionibus:
980 3260 1063 3308 sane
1079 3233 1259 3333 Apostolus

146 3348 272 3450 Ephes.
292 3349 330 3420 V.
347 3348 477 3422 loeutus
495 3363 552 3423 est.
567 3349 610 3421 de
628 3347 841 3422 matrimonio
860 3348 896 3419 in
915 3373 1036 3445 genere
1058 3348 1255 3447 praemissis

147 3464 259 3538 rerhis
286 3463 406 3538 Genus.
428 3465 471 3537 ll.
493 3465 630 3563 Propter
651 3465 707 3537 hoe
728 3465 887 3563 relinquet
912 3465 1001 3536 ltomo
1022 3477 1086 3538 oto.
1109 3488 1186 3536 oum
1205 3462 1258 3535 di-

149 3581 212 3656 xit:
228 3581 477 3653 Sacramentum
492 3579 549 3653 hoo
566 3587 720 3679 moq'ttum
737 3594 800 3665 est,·
819 3605 876 3678 eqo
893 3586 1000 3652 autern
1016 3576 1087 3651 dieo
1105 3579 1140 3650 t‘rt
1160 3578 1258 3676 Chri-

218 3835 288 3897 (tot)
304 3833 368 3884 thid.
379 3835 491 3886 eomes.
503 3841 556 3886 teo.

219 3915 289 3982 (tos)
306 3913 368 3966 tntu.
382 3908 405 3922 ²

221 3995 287 4057 (toa)
303 3993 375 4057 Apud
386 3992 505 4045 harduin.
517 3994 583 4044 Aeto
599 4005 672 4044 conc.
682 3988 741 4044 tom.
754 3995 794 4044 tx.
806 3993 845 4043 eol
867 3995 920 4043 tto.

222 4076 242 4137 (t
250 4074 288 4136 to)
308 4076 346 4125 De
361 4075 478 4126 motrtm.
491 4074 551 4125 teet.
562 4075 582 4124 1.
593 4071 617 4138 ς.
634 4079 670 4125 tt.
