2796 5064
148 372 217 444 itt
291 394 353 445 mn.
370 393 418 445 ιιι.
434 392 521 444 sncr.
537 392 668 444 murm.
684 391 725 442 nr
738 389 851 442 mnus.
871 390 968 442 ιιιιιι.
984 389 1112 443 camsr.

143 509 306 611 praebere
322 509 448 598 soleat,
469 535 537 583 non
562 509 693 609 privata
710 507 923 595 auctoritate,
947 507 1010 582 sed
1033 507 1196 582 ecclesiae
1209 508 1251 580 iu·

143 626 234 702 dicio
264 625 338 699 lieri
368 624 489 714 dehet,
521 639 620 725 prout
653 624 821 699 sancitum
850 639 902 699 est
931 624 968 695 in
997 625 1075 698 iure
1102 622 1253 698 canonico

142 767 219 841 cap.
248 742 352 815 Porro
376 741 414 813 dc
439 741 589 815 divortiis
618 743 683 837 (3).
710 739 795 813 Cum
820 756 931 814 autem
956 740 1132 839 separatio
1156 738 1256 840 quoad

143 855 426 931 cohabitationem
463 855 655 929 necessario
689 853 839 928 includat
874 853 975 927 etiam
1009 854 1256 953 separationem

142 970 255 1071 quoad
280 987 411 1057 torum,
435 995 579 1071 cumque
604 996 641 1043 re
662 969 729 1041 duo
754 968 838 1043 haec
863 969 1134 1065 coniungantur,
1158 983 1192 1042 et
1209 967 1258 1040 iis·

142 1085 219 1159 dem
246 1110 333 1184 pene
356 1086 563 1183 argumentis
588 1084 826 1172 adstruautur,
846 1083 977 1184 passim
995 1083 1102 1157 etiam
1124 1109 1194 1157 una
1208 1108 1257 1156 ιι-

141 1199 286 1301 demque
310 1200 496 1299 composita
521 1199 664 1274 formula
689 1198 926 1274 enuncientur.

213 1314 367 1390 Ceterum
392 1315 436 1390 ob
460 1316 574 1390 varias
593 1341 717 1390 causas
734 1314 902 1389 eiusmodi
920 1312 1175 1413 separationem
1191 1312 1255 1386 fieri

140 1429 232 1503 licite
255 1457 358 1531 posse
374 1431 520 1506 sancivit
535 1457 631 1505 conc.
653 1430 873 1504 tridentinum
896 1429 1064 1503 adversus
1087 1446 1256 1502 novatnrns

140 1569 215 1619 can.
231 1547 318 1619 vili.
339 1547 400 1618 «Si
418 1547 496 1646 quis
514 1546 656 1636 dixerit,
677 1547 854 1622 ecclesiam
871 1571 1003 1632 errare,
1026 1568 1108 1617 oum
1121 1543 1167 1618 ob
1184 1541 1257 1616 mul·

138 1676 193 1735 tas
210 1686 332 1736 causas
350 1663 595 1762 separationem
620 1663 708 1736 inter
731 1661 892 1759 coniuges
917 1659 1030 1761 quoad
1049 1675 1183 1745 torum,
1203 1684 1255 1732 seu

139 1775 250 1875 quoad
276 1776 576 1866 cohabitationem,
610 1778 652 1852 ad
682 1793 827 1865 certum,
860 1777 1099 1875 incertumque
1131 1790 1255 1874 tempus

139 1889 212 1963 fieri
239 1917 341 1991 posse
365 1892 535 1982 decernit;
560 1892 741 1968 anathema
765 1893 856 1966 sit.»
1130 1900 1132 1905 ’

212 2003 396 2079 Concilium
420 2006 559 2107 quidem
582 2007 704 2080 multos
728 2006 832 2080 hasce
857 2028 1001 2091 causas,
1023 2001 1070 2076 oh
1096 2027 1186 2102 quas
1207 2000 1252 2073 di·

138 2119 282 2192 vortium
308 2120 475 2194 eiusmodi
503 2123 576 2195 fieri
602 2137 710 2222 potest
737 2148 779 2194 ex
809 2118 973 2194 ecclesiae
1003 2117 1164 2191 doctrina
1194 2140 1250 2189 non

138 2234 368 2322 enumeravit,
387 2260 504 2309 uerum
528 2236 679 2309 unanimi
702 2235 932 2332 theologorum
951 2257 1127 2307 consensu
1151 2257 1191 2303 ex
1205 2253 1251 2303 ιι

138 2345 263 2421 ιΙιιίιι
283 2347 430 2424 decretis
454 2365 487 2424 et
512 2351 607 2450 praxi
634 2351 848 2452 potissimum
874 2347 1018 2422 deducto
1054 2347 1175 2421 varias
1195 2345 1250 2417 hac

138 2485 261 2535 causae
291 2463 334 2535 ad
364 2463 450 2536 duas
482 2464 630 2538 reuocari
662 2462 772 2538 solent
800 2464 998 2561 gesericus,
1030 2487 1122 2560 quae
1148 2459 1248 2560 plures

139 2574 225 2649 alias
244 2578 307 2650 suh
325 2605 363 2652 se
375 2579 652 2679 complectuntur.
674 2582 758 2654 Sunt
775 2596 884 2653 autem
902 2603 1095 2651 consensus
1108 2592 1245 2657 mutuus,

137 2709 170 2766 ct
185 2692 333 2782 crimem
354 2710 386 2767 et
403 2712 545 2796 utraque
562 2721 632 2769 sac.
657 2696 909 2794 scripturarum
926 2693 1128 2767 auctoritate
1144 2707 1177 2764 at
1191 2706 1246 2763 tra·

140 2804 266 2880 ditione
292 2808 458 2882 innititur.

209 2922 259 2994 lix
284 2938 399 2996 mutuo
425 2950 594 2998 consensu
617 2941 762 3023 possunt
791 2923 953 3022 coniuges
985 2936 1125 3023 propter
1155 2918 1246 2993 maio·

136 3061 205 3108 rem
232 3037 468 3136 perlectionem
503 3055 537 3113 et
561 3040 712 3114 altiorem
738 3057 862 3114 statum
888 3066 926 3114 se
959 3037 1002 3111 ab
1034 3039 1184 3111 invicem
1205 3059 1245 3108 sc

138 3178 258 3251 parare
284 3154 327 3226 ad
353 3155 553 3228 caelibatum
580 3157 803 3256 profitendum
820 3172 898 3230 voto
915 3170 1098 3256 perpetuo,
1122 3179 1163 3227 ac
1183 3175 1247 3252 pro

135 3265 284 3340 sessione
316 3269 487 3366 religiosa.
517 3271 612 3358 Quae
645 3272 783 3371 quidem
808 3270 928 3369 agendi
960 3270 1048 3343 ratio
1075 3264 1246 3342 conformis

135 3396 188 3453 est
211 3382 337 3456 Christi
363 3385 537 3459 doctrinae
561 3387 653 3486 apud
681 3388 797 3461 Matth.
824 3388 911 3460 xix.
930 3389 989 3458 29.
1023 3383 1172 3459 «Omnis
1197 3404 1245 3479 qut

135 3493 307 3594 reliquerit
331 3498 466 3573 domum
489 3560 496 3572 .
522 3560 528 3572 .
554 3560 560 3573 .
587 3517 645 3575 aut
675 3529 812 3575 uxorem
834 3517 891 3574 aut
924 3499 1013 3572 filios
1044 3514 1112 3572 etc.
1149 3510 1247 3570 centu·

134 3609 227 3709 plum
253 3613 396 3712 accipiet
419 3632 454 3688 et
469 3616 572 3688 vitam
591 3635 759 3690 aeternam
777 3614 1010 3716 possidebit.»
1041 3615 1117 3688 Non
1137 3630 1246 3687 temera

211 3779 246 3843 (³)
263 3780 304 3831 Sic
322 3781 389 3832 enim
409 3797 436 3833 se
456 3783 530 3833 habnt
550 3785 598 3835 hnc
624 3784 767 3835 decretum:
790 3787 889 3835 «Porro
909 3784 940 3834 de
958 3783 1052 3834 comite
1073 3781 1193 3842 Pontici,
1209 3772 1244 3840 qni
1280 3796 1285 3813 .

29 3878 41 3893 ·
135 3860 162 3909 B.
181 3873 283 3911 uxorem
303 3875 374 3916 suam
395 3864 488 3928 ubsque
508 3865 601 3916 iudicio
620 3867 736 3916 ecclesiae
757 3866 867 3927 dimisit,
879 3865 939 3928 quia
959 3877 1014 3915 cam
1035 3861 1244 3927 nognnumtnistt

133 3941 217 3991 uxoris
240 3941 369 3993 deiunctae
387 3947 518 4009 proponit;
534 3947 662 4010 prudentia
682 3949 724 3996 tua
744 3948 890 4010 cognoscat,
907 3945 973 4009 quod
994 3944 1016 3994 si
1036 3945 1113 3995 ctiam
1133 3937 1245 4008 parcnltlt

132 4023 196 4071 asset
214 4022 312 4085 publica
333 4026 360 4074 ct
379 4026 489 4088 notoria,
502 4026 594 4089 absquo
615 4027 706 4077 indicio
726 4026 843 4076 ecciesiae
862 4026 893 4075 ah
913 4038 943 4075 ca
955 4025 1068 4088 separari
1081 4038 1135 4075 non
1150 4020 1243 4087 pohrih’

133 4099 179 4150 Ed.
193 4100 287 4153 Pitheci
307 4107 409 4155 Dccrct.
424 4108 541 4169 Gtsportt
563 4108 615 4155 IX.
628 4107 698 4156 Paris
719 4111 786 4157 1687.
800 4107 860 4156 tom.
875 4107 906 4156 11.
921 4119 945 4168 p.
962 4112 1018 4156 ιιι).

207 4181 247 4232 ci.
264 4183 345 4234 tamen
357 4186 465 4235 Ferraris
480 4186 505 4235 in
519 4186 645 4236 Bthltoth.
669 4199 763 4236 canora.
780 4185 812 4236 ad
827 4185 877 4236 litt.
900 4188 939 4235 Dc
957 4185 1085 4236 diuortiis
1101 4197 1128 4236 n.
1143 4189 1173 4238 to
1184 4192 1243 4244 sott-

134 4257 173 4308 οι.
185 4260 259 4312 edam
278 4263 383 4315 titulum
397 4263 528 4317 Decrctol.
541 4262 574 4316 dc
591 4264 713 4317 dtuorttts
730 4264 772 4316 ubi
787 4264 919 4316 nonnullos
933 4276 1008 4316 omos
1021 4263 1244 4330 exceptiuncula

70 4374 79 4391 .
133 4338 224 4391 venis.
