2796 5064
340 381 412 434 mr.
432 380 470 434 u.
489 380 531 433 on
546 377 723 433 mnvossu
739 378 938 433 succussus.
953 379 1025 432 sar.
1045 382 1057 432 r
1209 362 1255 434 8⁹

143 513 196 573 aut
219 523 363 598 pmrsus
387 526 429 575 ex
454 526 593 576 numem
623 525 739 575 eorum
767 499 827 600 qui
861 500 1048 575 ministerio
1074 525 1170 576 sacro
1195 499 1256 576 do·

140 614 293 690 serviunt
313 618 403 713 (lt).
424 615 489 691 llic
514 642 622 691 canon
648 631 785 691 exactus
810 616 922 690 estad
940 642 1093 690 normam
1110 617 1256 718 apostoli

139 729 253 819 Pauli,
274 732 381 832 quil.
407 731 493 806 Tim.
514 733 575 805 lll.
598 732 763 833 praecipit
791 732 989 833 episcopum
1015 734 1116 807 unius
1141 734 1257 809 uxoris

138 845 248 920 virum
274 873 354 922 csse
371 846 513 936 debere,
531 873 593 923 seu
609 848 779 922 neminem
796 847 988 946 eligendum
1007 849 1041 922 in
1059 849 1256 950 episcopum

138 962 203 1037 uisi
228 963 292 1064 qui
317 964 416 1040 luerit
438 965 540 1039 unius
564 965 680 1038 uxoris
704 963 776 1053 vir,
797 964 887 1038 idem
904 965 1020 1039 statuit
1036 964 1080 1039 de
1100 964 1256 1064 eligendo

138 1076 172 1151 iu
197 1078 436 1180 presbyterum
461 1079 525 1153 Tit.
542 1081 574 1167 l,
599 1083 633 1152 6.
656 1094 690 1154 ot
710 1078 745 1151 in
763 1079 943 1154 diaconum
957 1081 984 1152 l.
1001 1079 1085 1152 Tim.
1103 1080 1172 1168 lll,
1190 1081 1249 1154 12.
1267 1139 1270 1142 .

138 1193 229 1268 unde
242 1192 431 1290 Origenes:
452 1194 553 1267 «Nec
574 1194 778 1295 episcopus,
794 1220 857 1268 neo
881 1194 1072 1294 presbyter,
1095 1220 1158 1268 neo
1181 1194 1257 1269 dia-

137 1333 270 1397 conus,
299 1335 362 1383 noo
385 1309 490 1384 vidua
513 1327 658 1410 possunt
681 1336 759 1384 esse
782 1309 909 1407 digami
930 1311 1045 1406 (45).»

208 1424 441 1499 Poenitentiae
465 1441 638 1526 praeterea
663 1426 818 1527 publicae
834 1424 989 1500 addictos
1007 1424 1178 1524 quondam
1203 1426 1257 1499 di-

137 1565 255 1638 gamos
282 1539 388 1614 luisse
413 1539 622 1642 exploratum
647 1542 773 1642 pariter
796 1558 865 1629 est,
889 1558 928 1615 ut
951 1548 1084 1616 constat
1108 1567 1148 1615 ex
1174 1566 1256 1616 con-

138 1654 214 1730 cilio
240 1656 511 1730 neocaesariensi
537 1657 628 1757 quod
662 1684 738 1732 can.
765 1658 826 1730 lll.
855 1656 973 1731 statuit
994 1685 1013 1728 a
1032 1657 1082 1731 De
1111 1657 1167 1732 bis
1193 1659 1253 1758 qui

137 1771 277 1869 saepius
298 1771 446 1861 nubunt,
463 1787 587 1871 tempus
612 1772 743 1872 quidem
756 1774 974 1873 poenitentioe
993 1773 1084 1872 quod
1102 1772 1158 1849 his
1179 1801 1256 1850 con·

136 1887 293 1961 stitutum
317 1904 371 1962 est
390 1888 654 1978 observandum3
675 1889 736 1963 sed
754 1888 965 1964 conversatio
984 1905 1018 1964 et
1036 1890 1121 1964 fides
1139 1891 1256 1965 eorum

137 2017 271 2102 tempus
303 2002 524 2077 abbreviabit.
544 2034 562 2077 n
582 2004 624 2078 Et
656 2031 731 2079 can.
766 2005 836 2078 llll.
869 2005 1148 2106 «Presbyterum
1177 2033 1258 2083 con-

136 2120 226 2195 vivio
258 2119 486 2194 secundarum
511 2123 703 2222 nuptiamm
728 2122 892 2197 interesse
926 2148 992 2197 non
1019 2122 1160 2212 debere,
1182 2151 1254 2198 ma-

136 2236 226 2310 xims
254 2262 333 2310 cum
365 2237 593 2337 praecipiatur
615 2237 765 2312 secundis
788 2239 914 2336 nuptiis
934 2239 1169 2336 poenitentiam
1194 2240 1255 2313 tri-

136 2350 252 2426 buere.
271 2351 338 2438 Qui
355 2377 435 2450 ergo
454 2353 519 2427 erit
535 2354 728 2455 presbyter,
748 2352 808 2453 qui
827 2370 963 2453 proptor
978 2354 1170 2428 convivium
1187 2354 1256 2430 illis

139 2467 329 2542 consentiat
353 2467 482 2568 nuptiis
511 2467 628 2564 (lbllu

210 2582 307 2656 ldem
328 2599 459 2657 constat
475 2611 516 2658 ex
535 2610 630 2659 conc.
654 2610 845 2686 ancyrano,
862 2584 955 2685 quod
975 2611 1052 2660 can.
1068 2585 1156 2660 xlx.
1174 2612 1255 2661 sau·

137 2699 202 2773 xit:
227 2729 246 2768 a
272 2698 445 2799 Quotquot
469 2699 695 2797 virginitatem
720 2700 952 2801 promittentes
977 2701 1105 2775 irritam
1130 2699 1259 2776 iaciunt

137 2815 358 2916 sponsionem
376 2842 487 2905 suam,
502 2817 590 2891 inter
612 2816 766 2915 bigamos
785 2834 985 2892 censeantur
1000 2819 1115 2913 (l'l).n
1130 2817 1258 2918 Nempe

136 2931 363 3006 subiiciuntur
381 2931 492 3006 eidem
509 2933 734 3031 poenitentiae
756 2959 825 3032 qua
842 2931 968 3029 bigami
987 2931 1137 3006 obstricti
1156 2947 1254 3022 sunt;

140 3073 200 3121 neo
231 3072 301 3122 non
336 3073 377 3121 ex
409 3047 553 3123 concilio
579 3047 754 3123 laodiceno
784 3074 900 3148 aquo
934 3073 1011 3121 can.
1039 3049 1067 3120 l.
1097 3063 1258 3122 statutum

139 3163 355 3238 invenimus:
375 3163 460 3237 «De
480 3163 582 3237 his...
595 3163 654 3264 qui
670 3163 831 3239 secundis
857 3163 984 3263 nuptiis
1008 3163 1113 3238 iuneti
1131 3179 1254 3239 sunt...

140 3294 289 3380 oportet,
320 3293 359 3353 ut
389 3305 491 3380 parvo
521 3294 669 3380 tempore
696 3295 880 3367 transacto,
902 3296 1024 3354 vacent
1047 3279 1257 3355 orationibus

141 3410 171 3468 et
199 3394 362 3479 ieiuniis;
392 3394 517 3494 quibus
542 3395 663 3482 etiam,
697 3396 789 3469 iuxta
815 3395 1079 3494 indulgentiam,
1108 3422 1259 3471 commu·

144 3511 278 3586 nioncm
301 3509 398 3582 reddi
421 3510 630 3584 decrevimus
648 3512 721 3607 (ts)
740 3540 758 3581 s
777 3510 866 3584 idem
891 3510 1059 3609 colligitur
1084 3538 1125 3586 ex
1142 3538 1172 3585 s.
1193 3513 1257 3584 Bn-

207 3747 261 3813 (tt)
273 3749 335 3798 can.
351 3749 430 3800 xvu,
440 3759 505 3799 vers.
521 3747 631 3812 Dionysi!
645 3747 733 3812 Exigo}
749 3747 814 3812 opud
831 3748 982 3799 cotelerium
998 3749 1053 3800 ΡΡ.
1068 3750 1157 3812 spect.
1171 3748 1223 3799 vol.
1236 3748 1258 3798 1.

146 3837 166 3890 p.
177 3833 235 3881 tto.
257 3827 300 3879 ed.
320 3832 446 3893 antwerp.
461 3835 530 3880 ¹⁶98.
541 3831 570 3879 ln
590 3842 664 3893 quem
678 3841 765 3880 onnon.
779 3829 818 3880 cl.
835 3829 961 3880 Guillelml
974 3827 1099 3892 Bevsregii
1120 3827 1257 3879 annotatio·

146 3918 183 3960 ω
198 3908 407 4052 laxasse-cit
418 3990 496 4039 ΗΠ.
510 3989 535 4038 tn
546 3991 605 4040 Luc.
617 3989 656 4040 ct.
669 3989 742 4040 etiam
753 3989 857 4039 Tertull.
868 3991 906 4039 Dc
920 3987 1024 4039 exhort.
1034 3990 1124 4039 costtt.
1136 4002 1158 4039 o.
1171 3986 1257 4051 7.Epl·

148 4066 263 4130 pentum
276 4067 478 4133 Expostfidct,
490 4069 666 4133 Hieronymum
680 4069 724 4120 lib.
735 4071 756 4121 1.
773 4068 830 4120 sdv.
843 4069 922 4120 levin.
939 4073 964 4120 at
978 4069 1004 4118 ln
1014 4068 1085 4133 epist.
1096 4067 1128 4119 td
1136 4068 1258 4132 agerucb.

148 4146 174 4200 ὼ
187 4162 348 4293 mg
359 4151 437 4279 ilicum.
449 4229 618 4281 Actaeonctt.
627 4230 688 4280 tom
703 4231 780 4282 mol.
789 4233 843 4284 tot.
856 4230 1006 4284 celebratum
1014 4230 1142 4282 estautsm
1151 4241 1192 4279 an.
1203 4231 1258 4280 stt.

209 4313 261 4375 (ts)
277 4310 342 4361 lbld.
353 4309 401 4361 tol.
414 4315 469 4362 ²79.
484 4324 515 4361 es
526 4323 590 4362 vers.
604 4310 661 4361 isid.

210 4390 262 4458 (ts)
276 4390 314 4443 lb.
326 4389 376 4444 ool.
388 4394 443 4444 tsi.
459 4405 491 4443 cx
501 4404 565 4450 vers.
575 4390 694 4457 Dionysii.
