2796 5064
213 375 344 431 crem.
361 377 402 429 nr
418 375 516 430 senso
529 376 621 430 mun.
639 377 702 428 orn.
718 376 831 430 mnrss.
849 377 945 430 urrn.
960 377 1033 430 mr.
1045 379 1069 430 r.
1124 357 1191 432 381

95 522 152 573 ram
169 495 423 585 fornicationis,
438 512 472 571 et
484 522 550 572 non
570 497 682 597 potius
702 497 885 595 generatim
908 497 975 571 ait:
995 496 1196 598 Quicumque

95 611 241 686 imment
265 638 401 686 acorem
425 639 537 699 soom,
566 627 597 685 et
624 613 729 689 oliam
753 612 904 699 decerit,
932 614 1134 700 moechatur,
1164 613 1196 690 si

95 728 183 803 stille
200 728 363 804 moechus
388 744 459 818 est,
480 728 552 830 qui,
573 728 719 804 dimissa
735 729 919 803 fornicante
937 727 1089 816 muliere,
1109 727 1195 803 alte·

95 869 149 918 mm
173 842 296 919 ducit?
312 844 441 932 Credo,
470 842 552 944 quia
577 841 663 917 illud
689 843 779 944 quod
805 842 916 918 maius
941 857 1014 930 est,
1043 841 1108 916 boo
1125 843 1195 917 Do·

95 957 189 1033 ninus
216 983 478 1032 commemorare
502 956 619 1031 voluit.
640 957 749 1032 Maius
774 958 864 1032 onim
889 956 1093 1032 adulterium
1117 982 1195 1031 esse

95 1071 153 1173 guis
172 1089 295 1170 negat,
315 1099 419 1148 uxore
436 1099 503 1147 non
521 1072 706 1148 fornicante
723 1072 878 1160 dimissa,
895 1071 1036 1146 altemm
1050 1072 1193 1160 ducere,

95 1212 177 1288 mam
204 1187 235 1261 si
261 1188 480 1263 fornicantem
506 1189 652 1289 quisque
676 1188 863 1277 dimiserit,
892 1204 925 1262 et
950 1203 1032 1262 tunc
1055 1188 1196 1262 alteram

95 1300 242 1378 luerit?
258 1305 331 1378 Non
357 1304 439 1405 quia
464 1320 497 1377 et
521 1302 586 1377 hoc
611 1303 813 1378 adulterium
838 1330 905 1378 non
931 1318 1001 1391 est;
1031 1303 1091 1377 sed
1116 1304 1197 1403 quie

95 1416 188 1492 ninus
206 1432 280 1505 est,
299 1417 358 1492 ubi
376 1419 560 1493 fornicante
584 1418 729 1494 dimissa
746 1418 849 1494 altera
870 1416 1198 1506 ducitur....Quem-

95 1530 259 1607 dmodum
293 1531 396 1630 igitur
419 1532 451 1606 si
476 1532 690 1608 dixerimus:
725 1534 938 1633 Quicumque
967 1530 1141 1606 mulierem
1174 1558 1196 1606 a

95 1648 199 1725 mrito·
228 1663 361 1748 praeter
388 1673 527 1722 oausam
558 1647 788 1724 fornicationis
822 1649 999 1722 dimissam
1033 1647 1190 1735 duxerit,

95 1762 291 1850 mechatur,
312 1761 428 1862 procul
445 1761 550 1836 dubio
574 1788 691 1837 verum
716 1763 881 1850 dicimus;
904 1788 966 1836 nec
984 1777 1094 1835 tamen
1117 1759 1196 1835 ideo

95 1872 181 1964 lum,
202 1876 263 1976 qni
281 1892 416 1976 propter
431 1902 569 1951 causam
589 1876 819 1951 fornicationis
837 1876 1014 1950 dimissam
1036 1875 1198 1964 duxerit,

95 1987 118 2069 b
141 1990 210 2066 boc
235 1991 376 2065 crimine
401 1990 630 2080 absolvimus,
656 1991 718 2066 sod
743 2006 906 2091 utrosque
930 1988 1091 2065 moecbos
1117 2015 1195 2065 esse

95 2103 215 2179 rinime
237 2104 454 2180 dubitamus:
475 2105 523 2179 ita
547 2131 643 2193 eum,
663 2107 722 2206 qui
741 2122 872 2206 praeter
889 2130 1027 2181 causam
1050 2105 1196 2181 fornica-

95 2219 177 2297 bnia
203 2245 342 2294 uxorem
367 2220 536 2296 dimiserit
559 2236 595 2294 et
615 2219 717 2294 aliam
742 2221 895 2309 duxerit,
916 2221 1093 2295 moechum
1116 2246 1193 2321 pro-

95 2335 309 2422 nnciamus3
341 2359 406 2408 nec
436 2334 513 2409 ideo
544 2349 654 2411 tamon
685 2360 763 2408 eum
797 2336 857 2435 qui
891 2352 1027 2435 propter
1055 2361 1195 2411 causam

95 2449 307 2527 rrnicationis
330 2450 498 2524 dimiserit
522 2465 557 2524 et
580 2448 717 2524 alteram
742 2450 893 2538 duxerit,
921 2451 964 2524 ab
989 2450 1092 2526 huius
1119 2477 1199 2551 pec·

95 2567 138 2642 ati
165 2564 246 2640 labe
269 2565 496 2640 defendimus.
521 2565 646 2641 Ambos
673 2566 784 2654 enim,
812 2565 890 2640 licet
917 2566 1057 2641 alterum
1093 2566 1198 2641 altero

95 2681 232 2770 rarius,
261 2681 422 2757 moechos
446 2698 558 2756 tamen
583 2707 661 2756 esse
685 2681 933 2779 cognoscimus.
950 2681 1060 2756 ..Sed
1079 2681 1108 2754 si
1130 2680 1196 2755 hoc

95 2796 285 2896 vangelista
308 2797 518 2885 blattbaeus,
547 2797 628 2899 quia
653 2822 814 2898 expressa
835 2824 903 2871 una
925 2796 1039 2897 specie
1055 2794 1197 2873 alteram

95 2913 200 3001 acuit,
231 2912 311 2987 facit
336 2912 380 2985 ad
406 2911 661 3009 intelligendum
687 2911 848 3000 difficile;
870 2911 1034 3011 numquid
1053 2934 1120 2984 non
1136 2909 1195 2984 alii

95 3027 276 3104 oneraliter
293 3028 328 3101 id
346 3030 460 3129 ipsum
478 3028 526 3103 ita
541 3028 704 3129 complexi
724 3043 820 3116 sunt,
841 3045 879 3102 ut
896 3027 939 3101 de
954 3043 1097 3127 utroque
1116 3052 1196 3127 pos·

95 3161 126 3220 et
151 3143 324 3242 intelligi?
338 3145 530 3219 »Adductis
556 3173 655 3245 porro
674 3145 776 3218 Marci
794 3162 828 3219 et
845 3147 953 3218 Lucae
970 3143 1116 3218 textibus
1135 3170 1196 3243 pa-

95 3259 225 3348 nllelis,
255 3260 302 3334 ita
324 3260 559 3361 prosequitur:
584 3262 680 3348 «Qui
713 3286 792 3359 orgo
818 3288 879 3336 nos
906 3287 1043 3348 sumus,
1077 3277 1114 3334 ut
1143 3261 1196 3333 di-

95 3401 217 3464 amus,
252 3376 387 3476 estqui
413 3374 626 3464 moechatur,
661 3403 764 3450 uxore
789 3403 852 3450 sua
876 3376 1018 3449 dimissa
1051 3374 1193 3449 alteram

95 3491 219 3579 locens,
240 3506 275 3564 et
291 3507 343 3566 est
359 3491 418 3591 qui
437 3490 501 3566 hoo
520 3491 648 3566 faciens
668 3519 734 3567 non
753 3491 970 3567 moechatur?
984 3491 1068 3565 Cum
1086 3492 1197 3565 Evan-

95 3606 202 3683 elinm
224 3606 316 3682 dicat
340 3633 472 3682 omnem
497 3607 669 3683 moechari
702 3609 761 3708 qui
793 3608 857 3682 boc
886 3609 966 3682 facit
986 3607 1134 3705 (illm
1155 3608 1198 3680 llt

95 3749 151 3824 ap.
168 3721 244 3796 xll.
263 3724 373 3798 «Nam
391 3737 426 3798 et
442 3723 526 3797 illud
551 3725 642 3824 quod
667 3724 768 3798 etiam
794 3723 980 3799 secundum
999 3725 1122 3797 Lucam
1146 3749 1198 3797 se·

95 3837 210 3925 nitur,
233 3836 301 3924 Qui
321 3837 492 3912 dimissam
515 3866 537 3912 o
560 3841 632 3912 viro
653 3838 764 3924 ducit,
792 3840 997 3923 moechetur,
1027 3837 1197 3939 quomodo

95 3968 127 4029 st
142 3951 285 4027 verum?
298 3953 474 4040 Quomodo
486 3954 699 4043 moechatur,
718 3955 783 4027 nisi
797 3955 879 4054 quia
893 3952 1065 4054 illaquam
1083 3952 1191 4039 duxit,

95 4095 114 4145 o
138 4068 294 4156 vivente,
323 4095 345 4143 a
373 4096 442 4170 quo
466 4069 609 4145 dimissa
633 4085 704 4158 est,
732 4071 844 4144 adhuc
867 4095 953 4145 uror
977 4069 1088 4142 aliena
1112 4065 1196 4141 est?

95 4184 107 4257 i
138 4182 232 4257 enim
259 4182 327 4256 iam
356 4208 462 4271 suae,
493 4210 560 4258 non
584 4182 715 4258 alienae
740 4185 899 4259 miscetur
922 4184 1045 4271 uxori,
1076 4181 1196 4281 utique

145 4334 215 4399 (171)
230 4333 276 4386 bi.
289 4337 369 4388 Maur.
381 4339 444 4402 opp.
457 4337 518 4388 tom.
530 4338 572 4389 vl.
584 4349 640 4404 cap.
650 4339 692 4389 lx.
704 4337 753 4389 col.
763 4342 875 4389 tet-tot.
