<?xml version="1.0" encoding="UTF-8"?>
<!DOCTYPE html PUBLIC "-//W3C//DTD XHTML 1.0 Transitional//EN"
    "http://www.w3.org/TR/xhtml1/DTD/xhtml1-transitional.dtd">
<html xmlns="http://www.w3.org/1999/xhtml" xml:lang="en" lang="en">
 <head>
  <title>
</title>
<meta http-equiv="Content-Type" content="text/html;charset=utf-8" />
  <meta name='ocr-system' content='tesseract 3.04.00' />
  <meta name='ocr-capabilities' content='ocr_page ocr_carea ocr_par ocr_line ocrx_word'/>
</head>
<body>
  <div class='ocr_page' id='page_1' title='image "./dematrimoniochr01perrgoog_0283.png"; bbox 0 0 2796 5064; ppageno 0'>
   <div class='ocr_carea' id='block_1_1' title="bbox 142 355 1115 429">
    <p class='ocr_par' dir='ltr' id='par_1_1' title="bbox 142 355 1115 429">
     <span class='ocr_line' id='line_1_1' title="bbox 142 355 1115 429; baseline -0.002 -2"><span class='ocrx_word' id='word_1_1' title='bbox 142 355 212 429; x_wconf 76' lang='lat' dir='ltr'>28i</span> <span class='ocrx_word' id='word_1_2' title='bbox 286 376 347 428; x_wconf 83' lang='grc' dir='ltr'><strong>ιιι.</strong></span> <span class='ocrx_word' id='word_1_3' title='bbox 364 373 516 427; x_wconf 88' lang='lat' dir='ltr'>1u.sscr.</span> <span class='ocrx_word' id='word_1_4' title='bbox 533 374 664 426; x_wconf 78' lang='lat' dir='ltr'>surum.</span> <span class='ocrx_word' id='word_1_5' title='bbox 682 376 722 425; x_wconf 83' lang='lat' dir='ltr'>ns</span> <span class='ocrx_word' id='word_1_6' title='bbox 740 374 852 426; x_wconf 81' lang='lat' dir='ltr'>mnus.</span> <span class='ocrx_word' id='word_1_7' title='bbox 870 375 966 427; x_wconf 75' lang='lat' dir='ltr'>sura.</span> <span class='ocrx_word' id='word_1_8' title='bbox 986 375 1115 429; x_wconf 72' lang='lat' dir='ltr'>casim.</span> 
     </span>
    </p>
   </div>
   <div class='ocr_carea' id='block_1_2' title="bbox 137 489 1268 3828">
    <p class='ocr_par' dir='ltr' id='par_1_2' title="bbox 139 489 1268 1263">
     <span class='ocr_line' id='line_1_2' title="bbox 139 489 1260 595; baseline 0 -27"><span class='ocrx_word' id='word_1_9' title='bbox 139 489 326 595; x_wconf 77' lang='lat' dir='ltr'><strong>legitimam</strong></span> <span class='ocrx_word' id='word_1_10' title='bbox 352 492 562 568; x_wconf 85' lang='lat' dir='ltr'>dissolvendi</span> <span class='ocrx_word' id='word_1_11' title='bbox 587 492 714 567; x_wconf 80' lang='lat' dir='ltr'><strong>vinculi</strong></span> <span class='ocrx_word' id='word_1_12' title='bbox 737 493 926 592; x_wconf 80' lang='lat' dir='ltr'>coniugalis</span> <span class='ocrx_word' id='word_1_13' title='bbox 953 495 1150 593; x_wconf 83' lang='lat' dir='ltr'>praebuerit</span> <span class='ocrx_word' id='word_1_14' title='bbox 1170 498 1260 593; x_wconf 81' lang='lat' dir='ltr'>(8i);</span> 
     </span>
     <span class='ocr_line' id='line_1_3' title="bbox 139 607 1264 709; baseline 0.001 -26"><span class='ocrx_word' id='word_1_15' title='bbox 139 611 177 683; x_wconf 82' lang='grc'>3.</span> <span class='ocrx_word' id='word_1_16' title='bbox 199 609 337 683; x_wconf 82' lang='lat' dir='ltr'><strong>Addunt</strong></span> <span class='ocrx_word' id='word_1_17' title='bbox 365 623 539 709; x_wconf 89' lang='lat' dir='ltr'>praeterea</span> <span class='ocrx_word' id='word_1_18' title='bbox 562 607 730 681; x_wconf 87' lang='lat' dir='ltr'>secundas</span> <span class='ocrx_word' id='word_1_19' title='bbox 761 609 897 709; x_wconf 83' lang='lat' dir='ltr'>nuptias</span> <span class='ocrx_word' id='word_1_20' title='bbox 924 625 1002 709; x_wconf 90' lang='lat' dir='ltr'>post</span> <span class='ocrx_word' id='word_1_21' title='bbox 1029 609 1264 686; x_wconf 80' lang='lat' dir='ltr'>dimissionem</span> 
     </span>
     <span class='ocr_line' id='line_1_4' title="bbox 140 729 1266 831; baseline 0.004 -31"><span class='ocrx_word' id='word_1_22' title='bbox 140 743 328 801; x_wconf 89' lang='lat' dir='ltr'>contractas</span> <span class='ocrx_word' id='word_1_23' title='bbox 353 753 430 801; x_wconf 89' lang='lat' dir='ltr'>can.</span> <span class='ocrx_word' id='word_1_24' title='bbox 464 730 520 801; x_wconf 81' lang='lat' dir='ltr'>lx.</span> <span class='ocrx_word' id='word_1_25' title='bbox 551 729 687 804; x_wconf 88' lang='lat' dir='ltr'>illicitas</span> <span class='ocrx_word' id='word_1_26' title='bbox 713 731 870 831; x_wconf 90' lang='lat' dir='ltr'>quidem,</span> <span class='ocrx_word' id='word_1_27' title='bbox 899 746 953 802; x_wconf 91' lang='lat' dir='ltr'>ast</span> <span class='ocrx_word' id='word_1_28' title='bbox 973 756 1040 803; x_wconf 93' lang='lat' dir='ltr'>non</span> <span class='ocrx_word' id='word_1_29' title='bbox 1067 730 1184 804; x_wconf 87' lang='lat' dir='ltr'>irritas</span> <span class='ocrx_word' id='word_1_30' title='bbox 1209 731 1266 804; x_wconf 92' lang='lat' dir='ltr'>de-</span> 
     </span>
     <span class='ocr_line' id='line_1_5' title="bbox 139 842 1268 944; baseline 0.002 -30"><span class='ocrx_word' id='word_1_31' title='bbox 139 842 231 915; x_wconf 87' lang='lat' dir='ltr'>cerni</span> <span class='ocrx_word' id='word_1_32' title='bbox 250 844 345 939; x_wconf 79' lang='lat'><strong>(82);</strong></span> <span class='ocrx_word' id='word_1_33' title='bbox 364 844 397 916; x_wconf 78' lang='lat' dir='ltr'>d.</span> <span class='ocrx_word' id='word_1_34' title='bbox 418 843 449 917; x_wconf 90' lang='lat' dir='ltr'>si</span> <span class='ocrx_word' id='word_1_35' title='bbox 467 843 551 918; x_wconf 87' lang='lat' dir='ltr'>haec</span> <span class='ocrx_word' id='word_1_36' title='bbox 568 844 773 919; x_wconf 81' lang='lat' dir='ltr'>inhaesisset</span> <span class='ocrx_word' id='word_1_37' title='bbox 786 844 940 944; x_wconf 89' lang='lat' dir='ltr'>patribus</span> <span class='ocrx_word' id='word_1_38' title='bbox 958 843 1177 918; x_wconf 87' lang='lat' dir='ltr'>illiberitanis</span> <span class='ocrx_word' id='word_1_39' title='bbox 1194 872 1268 919; x_wconf 90' lang='lat' dir='ltr'>sen·</span> 
     </span>
     <span class='ocr_line' id='line_1_6' title="bbox 140 958 1262 1061; baseline 0.001 -30"><span class='ocrx_word' id='word_1_40' title='bbox 140 958 245 1031; x_wconf 89' lang='lat' dir='ltr'>tentia</span> <span class='ocrx_word' id='word_1_41' title='bbox 262 958 305 1031; x_wconf 95' lang='lat' dir='ltr'>de</span> <span class='ocrx_word' id='word_1_42' title='bbox 320 959 446 1032; x_wconf 84' lang='lat' dir='ltr'>vinculi</span> <span class='ocrx_word' id='word_1_43' title='bbox 465 961 697 1061; x_wconf 79' lang='lat' dir='ltr'>perpetuitate,</span> <span class='ocrx_word' id='word_1_44' title='bbox 714 961 897 1034; x_wconf 91' lang='lat' dir='ltr'>iussissent</span> <span class='ocrx_word' id='word_1_45' title='bbox 911 960 1060 1060; x_wconf 85' lang='lat' dir='ltr'>prolecto</span> <span class='ocrx_word' id='word_1_46' title='bbox 1074 960 1262 1047; x_wconf 89' lang='lat' dir='ltr'>mulierem,</span> 
     </span>
     <span class='ocr_line' id='line_1_7' title="bbox 140 1073 1266 1178; baseline 0.004 -32"><span class='ocrx_word' id='word_1_47' title='bbox 140 1073 184 1147; x_wconf 91' lang='lat' dir='ltr'>de</span> <span class='ocrx_word' id='word_1_48' title='bbox 208 1100 276 1173; x_wconf 92' lang='lat' dir='ltr'>qua</span> <span class='ocrx_word' id='word_1_49' title='bbox 293 1090 346 1149; x_wconf 91' lang='lat' dir='ltr'>est</span> <span class='ocrx_word' id='word_1_50' title='bbox 363 1101 494 1162; x_wconf 85' lang='lat' dir='ltr'>sermo,</span> <span class='ocrx_word' id='word_1_51' title='bbox 521 1076 564 1149; x_wconf 92' lang='lat' dir='ltr'>ad</span> <span class='ocrx_word' id='word_1_52' title='bbox 590 1078 735 1178; x_wconf 82' lang='lat' dir='ltr'>priorem</span> <span class='ocrx_word' id='word_1_53' title='bbox 752 1076 909 1150; x_wconf 91' lang='lat' dir='ltr'>maritum</span> <span class='ocrx_word' id='word_1_54' title='bbox 936 1076 1058 1149; x_wconf 87' lang='lat' dir='ltr'>reverti</span> <span class='ocrx_word' id='word_1_55' title='bbox 1077 1134 1086 1164; x_wconf 87' lang='lat'>,</span> <span class='ocrx_word' id='word_1_56' title='bbox 1106 1077 1200 1177; x_wconf 92' lang='lat' dir='ltr'>quod</span> <span class='ocrx_word' id='word_1_57' title='bbox 1219 1093 1266 1150; x_wconf 86' lang='lat' dir='ltr'>ta-</span> 
     </span>
     <span class='ocr_line' id='line_1_8' title="bbox 140 1188 570 1263; baseline 0.007 -3"><span class='ocrx_word' id='word_1_58' title='bbox 140 1214 217 1262; x_wconf 91' lang='lat' dir='ltr'>men</span> <span class='ocrx_word' id='word_1_59' title='bbox 243 1188 382 1263; x_wconf 92' lang='lat' dir='ltr'>minime</span> <span class='ocrx_word' id='word_1_60' title='bbox 407 1188 570 1263; x_wconf 88' lang='lat' dir='ltr'>lecerunt.</span> 
     </span>
    </p>

    <p class='ocr_par' dir='ltr' id='par_1_3' title="bbox 137 1304 1265 3137">
     <span class='ocr_line' id='line_1_9' title="bbox 212 1304 1260 1406; baseline 0.005 -30"><span class='ocrx_word' id='word_1_61' title='bbox 212 1304 331 1378; x_wconf 86' lang='lat' dir='ltr'>Verum</span> <span class='ocrx_word' id='word_1_62' title='bbox 344 1307 491 1406; x_wconf 92' lang='lat' dir='ltr'>primum</span> <span class='ocrx_word' id='word_1_63' title='bbox 510 1306 608 1380; x_wconf 85' lang='lat' dir='ltr'>lacile</span> <span class='ocrx_word' id='word_1_64' title='bbox 625 1306 781 1395; x_wconf 88' lang='lat' dir='ltr'>diluitur,</span> <span class='ocrx_word' id='word_1_65' title='bbox 803 1306 832 1380; x_wconf 90' lang='lat' dir='ltr'>si</span> <span class='ocrx_word' id='word_1_66' title='bbox 848 1307 932 1380; x_wconf 91' lang='lat' dir='ltr'>ratio</span> <span class='ocrx_word' id='word_1_67' title='bbox 950 1306 1117 1381; x_wconf 89' lang='lat' dir='ltr'>habeatur</span> <span class='ocrx_word' id='word_1_68' title='bbox 1130 1307 1260 1394; x_wconf 86' lang='lat' dir='ltr'>aetatis,</span> 
     </span>
     <span class='ocr_line' id='line_1_10' title="bbox 138 1417 1264 1523; baseline 0.003 -32"><span class='ocrx_word' id='word_1_69' title='bbox 138 1445 208 1519; x_wconf 88' lang='lat' dir='ltr'>qua</span> <span class='ocrx_word' id='word_1_70' title='bbox 231 1417 317 1493; x_wconf 90' lang='lat' dir='ltr'>baec</span> <span class='ocrx_word' id='word_1_71' title='bbox 340 1420 522 1494; x_wconf 89' lang='lat' dir='ltr'>constituta</span> <span class='ocrx_word' id='word_1_72' title='bbox 547 1438 646 1509; x_wconf 85' lang='lat' dir='ltr'>sunt,</span> <span class='ocrx_word' id='word_1_73' title='bbox 666 1423 754 1495; x_wconf 84' lang='lat' dir='ltr'>lllll.</span> <span class='ocrx_word' id='word_1_74' title='bbox 779 1421 910 1495; x_wconf 91' lang='lat' dir='ltr'>scilicet</span> <span class='ocrx_word' id='word_1_75' title='bbox 926 1447 1016 1496; x_wconf 91' lang='lat' dir='ltr'>anuo</span> <span class='ocrx_word' id='word_1_76' title='bbox 1036 1421 1173 1523; x_wconf 89' lang='lat' dir='ltr'>imperii</span> <span class='ocrx_word' id='word_1_77' title='bbox 1191 1422 1264 1494; x_wconf 81' lang='lat' dir='ltr'>Dio</span> 
     </span>
     <span class='ocr_line' id='line_1_11' title="bbox 139 1533 1263 1636; baseline 0 -28"><span class='ocrx_word' id='word_1_78' title='bbox 139 1533 292 1623; x_wconf 89' lang='lat' dir='ltr'>oletiani;</span> <span class='ocrx_word' id='word_1_79' title='bbox 321 1535 388 1608; x_wconf 92' lang='lat' dir='ltr'>iam</span> <span class='ocrx_word' id='word_1_80' title='bbox 412 1562 493 1611; x_wconf 83' lang='lat' dir='ltr'>uero</span> <span class='ocrx_word' id='word_1_81' title='bbox 518 1535 576 1610; x_wconf 88' lang='lat' dir='ltr'>bic</span> <span class='ocrx_word' id='word_1_82' title='bbox 601 1537 783 1636; x_wconf 88' lang='lat' dir='ltr'>imperator</span> <span class='ocrx_word' id='word_1_83' title='bbox 807 1536 882 1634; x_wconf 79' lang='lat' dir='ltr'>lege</span> <span class='ocrx_word' id='word_1_84' title='bbox 905 1537 986 1611; x_wconf 89' lang='lat' dir='ltr'>data</span> <span class='ocrx_word' id='word_1_85' title='bbox 1010 1563 1068 1609; x_wconf 88' lang='lat' dir='ltr'>an.</span> <span class='ocrx_word' id='word_1_86' title='bbox 1099 1539 1187 1611; x_wconf 73' lang='lat'><strong>293.</strong></span> <span class='ocrx_word' id='word_1_87' title='bbox 1214 1536 1263 1610; x_wconf 93' lang='lat' dir='ltr'>di-</span> 
     </span>
     <span class='ocr_line' id='line_1_12' title="bbox 138 1649 1263 1749; baseline 0.001 -27"><span class='ocrx_word' id='word_1_88' title='bbox 138 1650 255 1725; x_wconf 80' lang='lat' dir='ltr'>rortiis</span> <span class='ocrx_word' id='word_1_89' title='bbox 275 1649 375 1724; x_wconf 80' lang='lat' dir='ltr'>valde</span> <span class='ocrx_word' id='word_1_90' title='bbox 399 1650 527 1725; x_wconf 84' lang='lat' dir='ltr'>laverat</span> <span class='ocrx_word' id='word_1_91' title='bbox 551 1651 760 1724; x_wconf 89' lang='lat' dir='ltr'>constituens</span> <span class='ocrx_word' id='word_1_92' title='bbox 781 1649 825 1724; x_wconf 90' lang='lat' dir='ltr'>ad</span> <span class='ocrx_word' id='word_1_93' title='bbox 850 1649 1032 1726; x_wconf 84' lang='lat' dir='ltr'>divortium</span> <span class='ocrx_word' id='word_1_94' title='bbox 1049 1649 1205 1749; x_wconf 78' lang='lat' dir='ltr'>legitime</span> <span class='ocrx_word' id='word_1_95' title='bbox 1221 1650 1263 1723; x_wconf 89' lang='lat' dir='ltr'>la·</span> 
     </span>
     <span class='ocr_line' id='line_1_13' title="bbox 138 1765 1261 1866; baseline -0.002 -26"><span class='ocrx_word' id='word_1_96' title='bbox 138 1765 296 1840; x_wconf 88' lang='lat' dir='ltr'>ciendum</span> <span class='ocrx_word' id='word_1_97' title='bbox 321 1766 477 1841; x_wconf 85' lang='lat' dir='ltr'>sulficere</span> <span class='ocrx_word' id='word_1_98' title='bbox 501 1769 533 1840; x_wconf 87' lang='lat' dir='ltr'>si</span> <span class='ocrx_word' id='word_1_99' title='bbox 551 1767 682 1841; x_wconf 81' lang='lat' dir='ltr'>libellus</span> <span class='ocrx_word' id='word_1_100' title='bbox 702 1766 836 1866; x_wconf 76' lang='lat' dir='ltr'>repudii</span> <span class='ocrx_word' id='word_1_101' title='bbox 851 1793 914 1865; x_wconf 85' lang='lat' dir='ltr'>per</span> <span class='ocrx_word' id='word_1_102' title='bbox 936 1767 1107 1839; x_wconf 84' lang='lat' dir='ltr'>mulierem</span> <span class='ocrx_word' id='word_1_103' title='bbox 1123 1769 1261 1865; x_wconf 82' lang='lat' dir='ltr'>scriptus</span> 
     </span>
     <span class='ocr_line' id='line_1_14' title="bbox 140 1878 1263 1968; baseline -0.003 -14"><span class='ocrx_word' id='word_1_104' title='bbox 140 1883 206 1967; x_wconf 83' lang='lat' dir='ltr'>eit,</span> <span class='ocrx_word' id='word_1_105' title='bbox 235 1878 369 1955; x_wconf 88' lang='lat' dir='ltr'>etiamsi</span> <span class='ocrx_word' id='word_1_106' title='bbox 396 1880 544 1956; x_wconf 93' lang='lat' dir='ltr'>nondum</span> <span class='ocrx_word' id='word_1_107' title='bbox 566 1881 687 1954; x_wconf 90' lang='lat' dir='ltr'>marito</span> <span class='ocrx_word' id='word_1_108' title='bbox 712 1879 875 1968; x_wconf 90' lang='lat' dir='ltr'>traditus,</span> <span class='ocrx_word' id='word_1_109' title='bbox 900 1881 968 1955; x_wconf 91' lang='lat' dir='ltr'>imo</span> <span class='ocrx_word' id='word_1_110' title='bbox 988 1880 1124 1954; x_wconf 87' lang='lat' dir='ltr'>etiamsi</span> <span class='ocrx_word' id='word_1_111' title='bbox 1152 1880 1209 1955; x_wconf 92' lang='lat' dir='ltr'>ille</span> <span class='ocrx_word' id='word_1_112' title='bbox 1233 1880 1263 1952; x_wconf 93' lang='lat' dir='ltr'>id</span> 
     </span>
     <span class='ocr_line' id='line_1_15' title="bbox 142 1994 1265 2096; baseline 0 -28"><span class='ocrx_word' id='word_1_113' title='bbox 142 1995 348 2094; x_wconf 78' lang='lat' dir='ltr'>ignoraverit</span> <span class='ocrx_word' id='word_1_114' title='bbox 363 1997 453 2092; x_wconf 77' lang='lat'>(83).</span> <span class='ocrx_word' id='word_1_115' title='bbox 469 1996 512 2070; x_wconf 89' lang='lat' dir='ltr'>Ut</span> <span class='ocrx_word' id='word_1_116' title='bbox 524 1996 665 2095; x_wconf 89' lang='lat' dir='ltr'>proinde</span> <span class='ocrx_word' id='word_1_117' title='bbox 680 1994 761 2068; x_wconf 91' lang='lat' dir='ltr'>huic</span> <span class='ocrx_word' id='word_1_118' title='bbox 773 1995 859 2093; x_wconf 78' lang='lat' dir='ltr'>legi,</span> <span class='ocrx_word' id='word_1_119' title='bbox 876 2020 966 2096; x_wconf 90' lang='lat' dir='ltr'>quae</span> <span class='ocrx_word' id='word_1_120' title='bbox 978 1994 1139 2069; x_wconf 82' lang='lat' dir='ltr'>licentiae</span> <span class='ocrx_word' id='word_1_121' title='bbox 1156 1994 1265 2068; x_wconf 88' lang='lat' dir='ltr'>mulie</span> 
     </span>
     <span class='ocr_line' id='line_1_16' title="bbox 140 2110 1262 2210; baseline -0.003 -25"><span class='ocrx_word' id='word_1_122' title='bbox 140 2138 215 2185; x_wconf 89' lang='lat' dir='ltr'>rum</span> <span class='ocrx_word' id='word_1_123' title='bbox 231 2128 265 2185; x_wconf 91' lang='lat' dir='ltr'>et</span> <span class='ocrx_word' id='word_1_124' title='bbox 285 2111 448 2185; x_wconf 88' lang='lat' dir='ltr'>abusibus</span> <span class='ocrx_word' id='word_1_125' title='bbox 471 2111 675 2185; x_wconf 91' lang='lat' dir='ltr'>latissimum</span> <span class='ocrx_word' id='word_1_126' title='bbox 694 2111 866 2209; x_wconf 88' lang='lat' dir='ltr'>aperiebat</span> <span class='ocrx_word' id='word_1_127' title='bbox 879 2137 1055 2210; x_wconf 87' lang='lat' dir='ltr'>campum,</span> <span class='ocrx_word' id='word_1_128' title='bbox 1072 2110 1262 2185; x_wconf 88' lang='lat' dir='ltr'>illiberitani</span> 
     </span>
     <span class='ocr_line' id='line_1_17' title="bbox 139 2224 1263 2328; baseline -0.002 -28"><span class='ocrx_word' id='word_1_129' title='bbox 139 2226 314 2328; x_wconf 89' lang='lat' dir='ltr'>praesules</span> <span class='ocrx_word' id='word_1_130' title='bbox 339 2253 415 2300; x_wconf 90' lang='lat' dir='ltr'>sese</span> <span class='ocrx_word' id='word_1_131' title='bbox 440 2243 649 2328; x_wconf 90' lang='lat' dir='ltr'>opponerent</span> <span class='ocrx_word' id='word_1_132' title='bbox 670 2227 735 2302; x_wconf 91' lang='lat' dir='ltr'>bos</span> <span class='ocrx_word' id='word_1_133' title='bbox 760 2252 907 2301; x_wconf 88' lang='lat' dir='ltr'>canones</span> <span class='ocrx_word' id='word_1_134' title='bbox 934 2243 1144 2314; x_wconf 85' lang='lat' dir='ltr'>statuerunt,</span> <span class='ocrx_word' id='word_1_135' title='bbox 1176 2224 1263 2299; x_wconf 91' lang='lat' dir='ltr'>nulla</span> 
     </span>
     <span class='ocr_line' id='line_1_18' title="bbox 137 2342 1265 2442; baseline 0.001 -27"><span class='ocrx_word' id='word_1_136' title='bbox 137 2342 287 2417; x_wconf 84' lang='lat' dir='ltr'>virorum</span> <span class='ocrx_word' id='word_1_137' title='bbox 312 2343 438 2417; x_wconf 88' lang='lat' dir='ltr'>iniecta</span> <span class='ocrx_word' id='word_1_138' title='bbox 463 2343 645 2418; x_wconf 89' lang='lat' dir='ltr'>mentione.</span> <span class='ocrx_word' id='word_1_139' title='bbox 671 2342 825 2416; x_wconf 84' lang='lat' dir='ltr'>Getarum</span> <span class='ocrx_word' id='word_1_140' title='bbox 847 2343 1003 2439; x_wconf 84' lang='lat' dir='ltr'>ignorare</span> <span class='ocrx_word' id='word_1_141' title='bbox 1028 2369 1098 2416; x_wconf 93' lang='lat' dir='ltr'>non</span> <span class='ocrx_word' id='word_1_142' title='bbox 1115 2357 1265 2442; x_wconf 92' lang='lat' dir='ltr'>poterant</span> 
     </span>
     <span class='ocr_line' id='line_1_19' title="bbox 140 2456 1263 2559; baseline -0.004 -26"><span class='ocrx_word' id='word_1_143' title='bbox 140 2457 348 2533; x_wconf 86' lang='lat' dir='ltr'>sanctissimi</span> <span class='ocrx_word' id='word_1_144' title='bbox 384 2458 557 2558; x_wconf 88' lang='lat' dir='ltr'>praesules</span> <span class='ocrx_word' id='word_1_145' title='bbox 591 2458 732 2559; x_wconf 85' lang='lat' dir='ltr'>aequale</span> <span class='ocrx_word' id='word_1_146' title='bbox 763 2459 816 2531; x_wconf 94' lang='lat' dir='ltr'>ius</span> <span class='ocrx_word' id='word_1_147' title='bbox 843 2458 878 2530; x_wconf 91' lang='lat' dir='ltr'>in</span> <span class='ocrx_word' id='word_1_148' title='bbox 903 2457 1061 2555; x_wconf 81' lang='lat' dir='ltr'>coniugio</span> <span class='ocrx_word' id='word_1_149' title='bbox 1092 2474 1162 2530; x_wconf 89' lang='lat' dir='ltr'>tam</span> <span class='ocrx_word' id='word_1_150' title='bbox 1186 2456 1263 2532; x_wconf 80' lang='lat' dir='ltr'>viris</span> 
     </span>
     <span class='ocr_line' id='line_1_20' title="bbox 139 2574 1261 2675; baseline -0.004 -27"><span class='ocrx_word' id='word_1_151' title='bbox 139 2599 242 2674; x_wconf 90' lang='lat' dir='ltr'>quam</span> <span class='ocrx_word' id='word_1_152' title='bbox 276 2574 438 2648; x_wconf 81' lang='lat' dir='ltr'>uxoribus</span> <span class='ocrx_word' id='word_1_153' title='bbox 471 2590 682 2675; x_wconf 88' lang='lat' dir='ltr'>competere,</span> <span class='ocrx_word' id='word_1_154' title='bbox 712 2589 750 2646; x_wconf 91' lang='lat' dir='ltr'>ut</span> <span class='ocrx_word' id='word_1_155' title='bbox 776 2589 908 2647; x_wconf 87' lang='lat' dir='ltr'>constat</span> <span class='ocrx_word' id='word_1_156' title='bbox 934 2599 975 2644; x_wconf 85' lang='lat' dir='ltr'>er</span> <span class='ocrx_word' id='word_1_157' title='bbox 1000 2574 1104 2646; x_wconf 89' lang='lat' dir='ltr'>Marc.</span> <span class='ocrx_word' id='word_1_158' title='bbox 1134 2574 1178 2646; x_wconf 78' lang='lat' dir='ltr'>X,</span> <span class='ocrx_word' id='word_1_159' title='bbox 1208 2574 1261 2645; x_wconf 86' lang='lat' dir='ltr'>ll.</span> 
     </span>
     <span class='ocr_line' id='line_1_21' title="bbox 138 2688 1265 2789; baseline -0.002 -26"><span class='ocrx_word' id='word_1_160' title='bbox 138 2690 219 2764; x_wconf 85' lang='lat' dir='ltr'>Luc.</span> <span class='ocrx_word' id='word_1_161' title='bbox 247 2691 331 2763; x_wconf 85' lang='lat' dir='ltr'>XVl.</span> <span class='ocrx_word' id='word_1_162' title='bbox 362 2693 421 2761; x_wconf 90' lang='lat'>18.</span> <span class='ocrx_word' id='word_1_163' title='bbox 451 2716 490 2763; x_wconf 94' lang='lat' dir='ltr'>ac</span> <span class='ocrx_word' id='word_1_164' title='bbox 517 2694 552 2763; x_wconf 92' lang='lat'>1.</span> <span class='ocrx_word' id='word_1_165' title='bbox 575 2690 652 2763; x_wconf 85' lang='lat' dir='ltr'>Cor.</span> <span class='ocrx_word' id='word_1_166' title='bbox 673 2690 744 2761; x_wconf 87' lang='lat' dir='ltr'>Vll.</span> <span class='ocrx_word' id='word_1_167' title='bbox 770 2689 830 2761; x_wconf 85' lang='lat'>10.</span> <span class='ocrx_word' id='word_1_168' title='bbox 854 2703 887 2762; x_wconf 91' lang='lat' dir='ltr'>et</span> <span class='ocrx_word' id='word_1_169' title='bbox 904 2688 1193 2787; x_wconf 91' lang='lat' dir='ltr'>quemadmodum</span> <span class='ocrx_word' id='word_1_170' title='bbox 1210 2713 1265 2789; x_wconf 92' lang='lat' dir='ltr'>po-</span> 
     </span>
     <span class='ocr_line' id='line_1_22' title="bbox 140 2803 1265 2907; baseline -0.005 -27"><span class='ocrx_word' id='word_1_171' title='bbox 140 2822 213 2880; x_wconf 91' lang='lat' dir='ltr'>stea</span> <span class='ocrx_word' id='word_1_172' title='bbox 238 2805 375 2907; x_wconf 89' lang='lat' dir='ltr'>scripsit</span> <span class='ocrx_word' id='word_1_173' title='bbox 400 2832 430 2879; x_wconf 93' lang='lat' dir='ltr'>s.</span> <span class='ocrx_word' id='word_1_174' title='bbox 456 2805 625 2879; x_wconf 89' lang='lat' dir='ltr'>Basilius:</span> <span class='ocrx_word' id='word_1_175' title='bbox 659 2804 804 2904; x_wconf 80' lang='lat' dir='ltr'>«Aeque</span> <span class='ocrx_word' id='word_1_176' title='bbox 821 2804 905 2877; x_wconf 85' lang='lat' dir='ltr'>viris</span> <span class='ocrx_word' id='word_1_177' title='bbox 922 2820 956 2876; x_wconf 87' lang='lat' dir='ltr'>et</span> <span class='ocrx_word' id='word_1_178' title='bbox 972 2803 1178 2878; x_wconf 89' lang='lat' dir='ltr'>mulieribus</span> <span class='ocrx_word' id='word_1_179' title='bbox 1196 2829 1265 2877; x_wconf 89' lang='lat' dir='ltr'>con·</span> 
     </span>
     <span class='ocr_line' id='line_1_23' title="bbox 139 2919 1260 3020; baseline -0.003 -25"><span class='ocrx_word' id='word_1_180' title='bbox 139 2923 231 2997; x_wconf 80' lang='lat' dir='ltr'>venit</span> <span class='ocrx_word' id='word_1_181' title='bbox 243 2921 431 2996; x_wconf 90' lang='lat' dir='ltr'>secundum</span> <span class='ocrx_word' id='word_1_182' title='bbox 445 2922 633 2995; x_wconf 90' lang='lat' dir='ltr'>sententiae</span> <span class='ocrx_word' id='word_1_183' title='bbox 645 2919 965 3020; x_wconf 90' lang='lat' dir='ltr'>consequutionem,</span> <span class='ocrx_word' id='word_1_184' title='bbox 982 2919 1074 3018; x_wconf 94' lang='lat' dir='ltr'>quod</span> <span class='ocrx_word' id='word_1_185' title='bbox 1087 2945 1109 2992; x_wconf 91' lang='lat' dir='ltr'>a</span> <span class='ocrx_word' id='word_1_186' title='bbox 1121 2919 1260 2994; x_wconf 90' lang='lat' dir='ltr'>Domino</span> 
     </span>
     <span class='ocr_line' id='line_1_24' title="bbox 143 3039 615 3137; baseline -0.006 -28"><span class='ocrx_word' id='word_1_187' title='bbox 143 3039 394 3137; x_wconf 89' lang='lat' dir='ltr'>pronuntiatum</span> <span class='ocrx_word' id='word_1_188' title='bbox 413 3053 467 3111; x_wconf 89' lang='lat' dir='ltr'>est</span> <span class='ocrx_word' id='word_1_189' title='bbox 486 3040 576 3134; x_wconf 76' lang='lat'>(84).</span> <span class='ocrx_word' id='word_1_190' title='bbox 597 3068 615 3106; x_wconf 89' lang='lat'>»</span> 
     </span>
    </p>

    <p class='ocr_par' dir='ltr' id='par_1_4' title="bbox 139 3148 1264 3828">
     <span class='ocr_line' id='line_1_25' title="bbox 212 3148 1261 3250; baseline -0.003 -27"><span class='ocrx_word' id='word_1_191' title='bbox 212 3153 268 3225; x_wconf 89' lang='lat' dir='ltr'>Sic</span> <span class='ocrx_word' id='word_1_192' title='bbox 285 3152 424 3225; x_wconf 89' lang='lat' dir='ltr'>alterum</span> <span class='ocrx_word' id='word_1_193' title='bbox 444 3151 658 3250; x_wconf 81' lang='lat' dir='ltr'>exploditur,</span> <span class='ocrx_word' id='word_1_194' title='bbox 679 3176 755 3224; x_wconf 92' lang='lat' dir='ltr'>cum</span> <span class='ocrx_word' id='word_1_195' title='bbox 774 3164 891 3224; x_wconf 87' lang='lat' dir='ltr'>contra</span> <span class='ocrx_word' id='word_1_196' title='bbox 909 3149 957 3223; x_wconf 91' lang='lat' dir='ltr'>rei</span> <span class='ocrx_word' id='word_1_197' title='bbox 974 3148 1151 3222; x_wconf 84' lang='lat' dir='ltr'>veritatem</span> <span class='ocrx_word' id='word_1_198' title='bbox 1170 3174 1261 3222; x_wconf 91' lang='lat' dir='ltr'>assu·</span> 
     </span>
     <span class='ocr_line' id='line_1_26' title="bbox 140 3262 1264 3367; baseline -0.005 -28"><span class='ocrx_word' id='word_1_199' title='bbox 140 3282 251 3339; x_wconf 90' lang='lat' dir='ltr'>matur</span> <span class='ocrx_word' id='word_1_200' title='bbox 264 3267 354 3367; x_wconf 93' lang='lat' dir='ltr'>quod</span> <span class='ocrx_word' id='word_1_201' title='bbox 370 3266 493 3340; x_wconf 89' lang='lat' dir='ltr'>lalsum</span> <span class='ocrx_word' id='word_1_202' title='bbox 505 3283 574 3354; x_wconf 89' lang='lat' dir='ltr'>est,</span> <span class='ocrx_word' id='word_1_203' title='bbox 598 3266 669 3339; x_wconf 86' lang='lat' dir='ltr'>sive</span> <span class='ocrx_word' id='word_1_204' title='bbox 688 3264 886 3338; x_wconf 89' lang='lat' dir='ltr'>nominatim</span> <span class='ocrx_word' id='word_1_205' title='bbox 900 3262 1013 3363; x_wconf 92' lang='lat' dir='ltr'>quoad</span> <span class='ocrx_word' id='word_1_206' title='bbox 1031 3289 1184 3337; x_wconf 89' lang='lat' dir='ltr'>canones</span> <span class='ocrx_word' id='word_1_207' title='bbox 1202 3262 1264 3335; x_wconf 92' lang='lat' dir='ltr'>illi·</span> 
     </span>
     <span class='ocr_line' id='line_1_27' title="bbox 139 3378 1262 3481; baseline -0.005 -26"><span class='ocrx_word' id='word_1_208' title='bbox 139 3379 332 3469; x_wconf 78' lang='lat' dir='ltr'>beritanos‚</span> <span class='ocrx_word' id='word_1_209' title='bbox 365 3382 465 3481; x_wconf 92' lang='lat' dir='ltr'>quasi</span> <span class='ocrx_word' id='word_1_210' title='bbox 491 3408 613 3480; x_wconf 91' lang='lat' dir='ltr'>nempe</span> <span class='ocrx_word' id='word_1_211' title='bbox 637 3380 771 3455; x_wconf 80' lang='lat' dir='ltr'>faveant</span> <span class='ocrx_word' id='word_1_212' title='bbox 794 3380 958 3466; x_wconf 86' lang='lat' dir='ltr'>divortio,</span> <span class='ocrx_word' id='word_1_213' title='bbox 988 3379 1061 3452; x_wconf 88' lang='lat' dir='ltr'>sive</span> <span class='ocrx_word' id='word_1_214' title='bbox 1081 3378 1262 3476; x_wconf 83' lang='lat' dir='ltr'>generatim</span> 
     </span>
     <span class='ocr_line' id='line_1_28' title="bbox 140 3489 1263 3598; baseline -0.004 -27"><span class='ocrx_word' id='word_1_215' title='bbox 140 3496 253 3598; x_wconf 89' lang='lat' dir='ltr'>quoad</span> <span class='ocrx_word' id='word_1_216' title='bbox 287 3489 449 3570; x_wconf 88' lang='lat' dir='ltr'>ecclesiae</span> <span class='ocrx_word' id='word_1_217' title='bbox 478 3496 720 3597; x_wconf 90' lang='lat' dir='ltr'>disciplinam,</span> <span class='ocrx_word' id='word_1_218' title='bbox 750 3496 841 3597; x_wconf 93' lang='lat' dir='ltr'>quod</span> <span class='ocrx_word' id='word_1_219' title='bbox 872 3494 1032 3567; x_wconf 89' lang='lat' dir='ltr'>nimirum</span> <span class='ocrx_word' id='word_1_220' title='bbox 1063 3492 1263 3569; x_wconf 89' lang='lat' dir='ltr'>adulterium</span> 
     </span>
     <span class='ocr_line' id='line_1_29' title="bbox 139 3609 1262 3713; baseline -0.005 -27"><span class='ocrx_word' id='word_1_221' title='bbox 139 3638 250 3713; x_wconf 90' lang='lat' dir='ltr'>usque</span> <span class='ocrx_word' id='word_1_222' title='bbox 274 3613 316 3685; x_wconf 89' lang='lat' dir='ltr'>ad</span> <span class='ocrx_word' id='word_1_223' title='bbox 340 3611 511 3685; x_wconf 89' lang='lat' dir='ltr'>saeculum</span> <span class='ocrx_word' id='word_1_224' title='bbox 537 3629 668 3685; x_wconf 86' lang='lat' dir='ltr'>sextum</span> <span class='ocrx_word' id='word_1_225' title='bbox 694 3611 859 3685; x_wconf 89' lang='lat' dir='ltr'>ecclesiae</span> <span class='ocrx_word' id='word_1_226' title='bbox 888 3636 1027 3684; x_wconf 88' lang='lat' dir='ltr'>causam</span> <span class='ocrx_word' id='word_1_227' title='bbox 1052 3609 1192 3686; x_wconf 84' lang='lat' dir='ltr'>divortii</span> <span class='ocrx_word' id='word_1_228' title='bbox 1218 3609 1262 3681; x_wconf 88' lang='lat' dir='ltr'>la·</span> 
     </span>
     <span class='ocr_line' id='line_1_30' title="bbox 139 3727 1020 3828; baseline -0.007 -25"><span class='ocrx_word' id='word_1_229' title='bbox 139 3727 250 3803; x_wconf 90' lang='lat' dir='ltr'>ciendi</span> <span class='ocrx_word' id='word_1_230' title='bbox 278 3728 479 3828; x_wconf 88' lang='lat' dir='ltr'>praebuerit.</span> <span class='ocrx_word' id='word_1_231' title='bbox 511 3728 583 3802; x_wconf 89' lang='lat' dir='ltr'>Hoc</span> <span class='ocrx_word' id='word_1_232' title='bbox 609 3753 686 3802; x_wconf 91' lang='lat' dir='ltr'>cum</span> <span class='ocrx_word' id='word_1_233' title='bbox 712 3727 854 3801; x_wconf 90' lang='lat' dir='ltr'>historia</span> <span class='ocrx_word' id='word_1_234' title='bbox 879 3739 1020 3825; x_wconf 81' lang='lat' dir='ltr'>pugnat.</span> 
     </span>
    </p>
   </div>
   <div class='ocr_carea' id='block_1_3' title="bbox 137 3940 1260 4411">
    <p class='ocr_par' dir='ltr' id='par_1_5' title="bbox 211 3940 1214 4010">
     <span class='ocr_line' id='line_1_31' title="bbox 211 3940 1214 4010; baseline -0.006 -13"><span class='ocrx_word' id='word_1_235' title='bbox 211 3947 261 4010; x_wconf 82' lang='lat' dir='ltr'>(st)</span> <span class='ocrx_word' id='word_1_236' title='bbox 277 3947 318 3996; x_wconf 82' lang='lat' dir='ltr'>Uti</span> <span class='ocrx_word' id='word_1_237' title='bbox 333 3944 480 3997; x_wconf 75' lang='lat' dir='ltr'>Scholiasta</span> <span class='ocrx_word' id='word_1_238' title='bbox 495 3945 657 4008; x_wconf 69' lang='lat' dir='ltr'>tubtncensts</span> <span class='ocrx_word' id='word_1_239' title='bbox 672 3945 698 3994; x_wconf 89' lang='lat' dir='ltr'>in</span> <span class='ocrx_word' id='word_1_240' title='bbox 719 3944 852 3994; x_wconf 73' lang='lat' dir='ltr'>trimestr.</span> <span class='ocrx_word' id='word_1_241' title='bbox 865 3954 962 3993; x_wconf 82' lang='lat' dir='ltr'>recens.</span> <span class='ocrx_word' id='word_1_242' title='bbox 978 3940 1126 4005; x_wconf 72' lang='lat' dir='ltr'>theotootco</span> <span class='ocrx_word' id='word_1_243' title='bbox 1146 3949 1214 3993; x_wconf 78' lang='lat' dir='ltr'>tati.</span> 
     </span>
    </p>

    <p class='ocr_par' dir='ltr' id='par_1_6' title="bbox 212 4025 546 4089">
     <span class='ocr_line' id='line_1_32' title="bbox 212 4025 546 4089; baseline -0.009 -12"><span class='ocrx_word' id='word_1_244' title='bbox 212 4026 264 4088; x_wconf 77' lang='lat' dir='ltr'>(aa)</span> <span class='ocrx_word' id='word_1_245' title='bbox 279 4025 345 4076; x_wconf 81' lang='lat' dir='ltr'>toto.</span> <span class='ocrx_word' id='word_1_246' title='bbox 363 4033 417 4076; x_wconf 80' lang='grc' dir='ltr'><strong>ιιι.</strong></span> <span class='ocrx_word' id='word_1_247' title='bbox 433 4038 488 4089; x_wconf 79' lang='lat' dir='ltr'>pag.</span> <span class='ocrx_word' id='word_1_248' title='bbox 507 4032 546 4076; x_wconf 78' lang='lat' dir='ltr'>uc.</span> 
     </span>
    </p>

    <p class='ocr_par' dir='ltr' id='par_1_7' title="bbox 137 4097 1260 4318">
     <span class='ocr_line' id='line_1_33' title="bbox 210 4097 1260 4168; baseline -0.01 -11"><span class='ocrx_word' id='word_1_249' title='bbox 210 4107 261 4168; x_wconf 76' lang='grc' dir='ltr'><strong>(ιι)</strong></span> <span class='ocrx_word' id='word_1_250' title='bbox 276 4107 331 4157; x_wconf 82' lang='lat' dir='ltr'>Lib.</span> <span class='ocrx_word' id='word_1_251' title='bbox 346 4109 375 4156; x_wconf 86' lang='lat' dir='ltr'>v.</span> <span class='ocrx_word' id='word_1_252' title='bbox 388 4106 426 4155; x_wconf 85' lang='lat' dir='ltr'>tit.</span> <span class='ocrx_word' id='word_1_253' title='bbox 444 4110 480 4156; x_wconf 81' lang='lat'>17.</span> <span class='ocrx_word' id='word_1_254' title='bbox 493 4108 529 4155; x_wconf 87' lang='lat' dir='ltr'>De</span> <span class='ocrx_word' id='word_1_255' title='bbox 549 4103 667 4168; x_wconf 75' lang='lat' dir='ltr'>repudiis</span> <span class='ocrx_word' id='word_1_256' title='bbox 683 4105 709 4153; x_wconf 88' lang='lat' dir='ltr'>et</span> <span class='ocrx_word' id='word_1_257' title='bbox 729 4102 827 4153; x_wconf 84' lang='lat' dir='ltr'>tudtctc</span> <span class='ocrx_word' id='word_1_258' title='bbox 841 4104 888 4152; x_wconf 90' lang='lat' dir='ltr'>etc.</span> <span class='ocrx_word' id='word_1_259' title='bbox 903 4104 931 4151; x_wconf 85' lang='lat'>0.</span> <span class='ocrx_word' id='word_1_260' title='bbox 947 4102 974 4151; x_wconf 84' lang='lat' dir='ltr'>L.</span> <span class='ocrx_word' id='word_1_261' title='bbox 988 4108 1011 4151; x_wconf 81' lang='grc'>6.</span> <span class='ocrx_word' id='word_1_262' title='bbox 1029 4100 1119 4152; x_wconf 77' lang='lat' dir='ltr'>«Licet</span> <span class='ocrx_word' id='word_1_263' title='bbox 1131 4099 1223 4166; x_wconf 86' lang='lat' dir='ltr'>repudii</span> <span class='ocrx_word' id='word_1_264' title='bbox 1236 4097 1260 4148; x_wconf 89' lang='lat' dir='ltr'>ti·</span> 
     </span>
     <span class='ocr_line' id='line_1_34' title="bbox 140 4179 1260 4247; baseline -0.006 -10"><span class='ocrx_word' id='word_1_265' title='bbox 140 4186 219 4237; x_wconf 89' lang='lat' dir='ltr'>bellus</span> <span class='ocrx_word' id='word_1_266' title='bbox 240 4200 288 4235; x_wconf 90' lang='lat' dir='ltr'>non</span> <span class='ocrx_word' id='word_1_267' title='bbox 310 4185 384 4235; x_wconf 83' lang='lat' dir='ltr'>suerit</span> <span class='ocrx_word' id='word_1_268' title='bbox 406 4184 529 4247; x_wconf 87' lang='lat' dir='ltr'>traditus,</span> <span class='ocrx_word' id='word_1_269' title='bbox 557 4185 596 4233; x_wconf 80' lang='lat' dir='ltr'>ret</span> <span class='ocrx_word' id='word_1_270' title='bbox 617 4183 730 4245; x_wconf 82' lang='lat' dir='ltr'>cognitus</span> <span class='ocrx_word' id='word_1_271' title='bbox 751 4183 855 4243; x_wconf 83' lang='lat' dir='ltr'>marito,</span> <span class='ocrx_word' id='word_1_272' title='bbox 875 4179 1020 4230; x_wconf 66' lang='lat' dir='ltr'>dissolvitur</span> <span class='ocrx_word' id='word_1_273' title='bbox 1044 4181 1260 4231; x_wconf 72' lang='lat' dir='ltr'>matrimonium-³</span> 
     </span>
     <span class='ocr_line' id='line_1_35' title="bbox 137 4264 749 4318; baseline -0.008 0"><span class='ocrx_word' id='word_1_274' title='bbox 137 4268 194 4318; x_wconf 81' lang='lat' dir='ltr'>oar.</span> <span class='ocrx_word' id='word_1_275' title='bbox 211 4274 247 4317; x_wconf 83' lang='lat' dir='ltr'>ta.</span> <span class='ocrx_word' id='word_1_276' title='bbox 260 4266 310 4317; x_wconf 78' lang='lat' dir='ltr'>kal.</span> <span class='ocrx_word' id='word_1_277' title='bbox 325 4268 378 4316; x_wconf 83' lang='lat' dir='ltr'>lan.</span> <span class='ocrx_word' id='word_1_278' title='bbox 392 4264 549 4316; x_wconf 81' lang='lat' dir='ltr'>Nicomediae</span> <span class='ocrx_word' id='word_1_279' title='bbox 566 4266 616 4316; x_wconf 84' lang='lat' dir='ltr'>cc.</span> <span class='ocrx_word' id='word_1_280' title='bbox 634 4275 675 4313; x_wconf 89' lang='lat' dir='ltr'>an.</span> <span class='ocrx_word' id='word_1_281' title='bbox 695 4269 749 4314; x_wconf 77' lang='lat'>29³.</span> 
     </span>
    </p>

    <p class='ocr_par' dir='ltr' id='par_1_8' title="bbox 211 4342 1100 4411">
     <span class='ocr_line' id='line_1_36' title="bbox 211 4342 1100 4411; baseline -0.007 -13"><span class='ocrx_word' id='word_1_282' title='bbox 211 4348 262 4410; x_wconf 80' lang='lat' dir='ltr'>(at)</span> <span class='ocrx_word' id='word_1_283' title='bbox 279 4346 356 4411; x_wconf 79' lang='lat' dir='ltr'>Epist.</span> <span class='ocrx_word' id='word_1_284' title='bbox 372 4348 548 4399; x_wconf 78' lang='lat' dir='ltr'>chxxvlll.</span> <span class='ocrx_word' id='word_1_285' title='bbox 566 4357 622 4396; x_wconf 62' lang='lat' dir='ltr'>otu«</span> <span class='ocrx_word' id='word_1_286' title='bbox 638 4347 680 4403; x_wconf 74' lang='lat' dir='ltr'>tx.</span> <span class='ocrx_word' id='word_1_287' title='bbox 693 4342 733 4395; x_wconf 85' lang='lat' dir='ltr'>ed.</span> <span class='ocrx_word' id='word_1_288' title='bbox 749 4346 827 4394; x_wconf 78' lang='lat' dir='ltr'>Maur.</span> <span class='ocrx_word' id='word_1_289' title='bbox 840 4344 900 4394; x_wconf 86' lang='lat' dir='ltr'>tom.</span> <span class='ocrx_word' id='word_1_290' title='bbox 917 4344 960 4394; x_wconf 89' lang='lat'>111.</span> <span class='ocrx_word' id='word_1_291' title='bbox 974 4354 1030 4407; x_wconf 73' lang='lat' dir='ltr'>pag.</span> <span class='ocrx_word' id='word_1_292' title='bbox 1044 4345 1100 4394; x_wconf 78' lang='lat' dir='ltr'>stt.</span> 
     </span>
    </p>
   </div>
   <div class='ocr_carea' id='block_1_4' title="bbox 0 0 1402 5064">
    <p class='ocr_par' dir='ltr' id='par_1_9' title="bbox 0 0 1402 5064">
     <span class='ocr_line' id='line_1_37' title="bbox 0 0 1402 5064; baseline 0 0"><span class='ocrx_word' id='word_1_293' title='bbox 0 0 1402 5064; x_wconf 95' lang='lat' dir='ltr'> </span> 
     </span>
    </p>
   </div>
  </div>
 </body>
</html>
