2796 5064
139 356 207 429 428
282 377 344 428 na.
361 374 408 428 ιιι.
425 374 512 426 sncr.
529 371 660 424 airam.
675 370 716 422 aa
730 369 843 423 mares.
859 367 959 422 nam.
974 367 1100 420 emur.

197 492 342 569 'Vemm
365 508 404 566 ut
428 491 605 565 redeamrm
635 487 678 563 ad
704 486 741 560 id
764 485 856 561 nnde
885 485 1132 571 discessimus,
1160 483 1245 559 alind

136 611 263 685 crimen
288 608 331 683 ob
356 606 447 707 qnod
473 604 642 705 separatio
660 602 734 677 fieri
758 617 867 704 potest
890 603 979 676 inter
1003 601 1181 698 coniuges,
1198 616 1248 674 est

137 724 310 827 apostasia
326 749 347 796 a
363 748 442 797 vera
459 720 640 819 religione,
662 744 723 793 sen
748 745 769 792 a
794 716 961 793 catholica
983 716 1152 805 eeclesia,
1171 741 1252 816 qnae

137 838 331 936 contingere
344 852 454 935 potest
466 849 536 907 tum
550 831 759 906 infidelitatis
777 847 848 905 tum
861 829 1014 905 haeresis
1033 830 1250 930 professione.

138 952 245 1052 ldqne
270 951 446 1051 potissime
470 949 578 1023 locum
601 947 704 1021 habet
727 972 804 1021 cum
828 945 933 1020 instet
957 946 1189 1047 perversionis
1204 971 1254 1045 pe

138 1066 303 1152 riculum;
332 1090 538 1166 quamquam
564 1087 721 1163 separare
744 1087 783 1136 se
811 1062 972 1160 coniuges
997 1061 1136 1162 possint
1158 1060 1254 1135 etiam

137 1197 175 1255 ut
191 1181 362 1255 horrorem
381 1179 572 1278 significent
588 1177 674 1252 adeo
696 1177 854 1252 immanis
875 1177 1036 1252 facinoris
1057 1179 1153 1273 (ts).
1174 1177 1256 1248 Sene

138 1321 205 1371 non
227 1296 349 1369 desunt
365 1295 400 1366 in
418 1294 558 1368 historia
575 1292 805 1368 ecclesiastice
822 1291 993 1393 praeclare
1010 1290 1170 1391 exempla
1186 1316 1255 1363 sun·

138 1426 265 1486 marum
295 1410 493 1497 muliemm,
521 1434 610 1509 qnae
635 1433 673 1482 se
696 1434 717 1481 a
743 1408 902 1482 societate
925 1421 1162 1506 apostatarum
1186 1403 1255 1478 sub

139 1540 329 1612 uexerunt,
357 1549 541 1624 earumque
566 1523 624 1622 pia
641 1523 763 1620 agendi
781 1522 865 1597 ratio
882 1548 950 1597 non
968 1520 1076 1595 semel
1102 1520 1253 1595 amntem

138 1640 283 1714 maxime
311 1639 375 1712 luit
397 1639 480 1712 viris
506 1639 615 1738 ipsis,
643 1639 703 1738 qui
731 1636 969 1738 resipiscentes
999 1662 1069 1711 non
1092 1636 1251 1712 modoad

139 1755 311 1829 meliorem
330 1754 460 1851 frugem
481 1754 624 1829 revocati
642 1769 739 1842 sunt,
759 1778 876 1828 vemm
893 1752 993 1825 etism
1012 1751 1155 1850 gloriosi
1172 1778 1251 1825 mar-

138 1884 230 1970 tyres
254 1884 431 1943 evasemnt
451 1870 482 1964 (1
491 1870 540 1964 i).
561 1868 636 1955 Qus
653 1868 697 1942 de
714 1894 750 1942 re
766 1867 972 1942 luculentum
987 1865 1160 1943 habemns
1176 1867 1251 1966 Apu

139 1983 216 2058 stoli
242 1984 404 2057 monitum
430 1983 473 2056 ad
498 1983 609 2057 Titum
634 1984 695 2056 lll.
724 1986 784 2057 10.
814 1982 1062 2057 «Haereticam
1089 1982 1249 2058 hominem

139 2115 217 2197 post
232 2124 335 2171 unam
352 2113 385 2171 et
402 2098 585 2172 secundem
603 2099 844 2199 correptionem
862 2096 1019 2172 devitu.»
1041 2097 1177 2184 Quibus
1191 2123 1250 2171 rer·

139 2211 194 2286 bis
212 2211 396 2310 Apostolus
413 2238 529 2286 omnes
547 2240 686 2313 prorsus
704 2212 950 2312 complectitur,
971 2211 1067 2287 nulla
1085 2229 1248 2314 parentum

139 2343 199 2402 ant
222 2326 337 2401 uxoris
362 2327 556 2426 exceptione
581 2329 681 2403 lacte.
717 2327 842 2402 liudem
868 2353 1006 2428 quoque
1034 2353 1144 2404 sensu
1168 2327 1248 2402 intel·

140 2440 200 2539 ligi
224 2440 324 2514 debet
348 2441 474 2515 Christi
498 2443 943 2517 scutarinensium.
967 2443 1038 2515 «Si
1064 2445 1147 2544 quis
1169 2442 1249 2519 venit

140 2558 184 2630 ad
209 2584 282 2644 me,
306 2572 339 2630 et
365 2583 430 2631 non
457 2557 528 2631 odit
549 2574 677 2658 patrem
696 2585 795 2632 snum
812 2574 846 2632 et
862 2573 1000 2632 matrem
1019 2574 1053 2633 ct
1069 2584 1244 2634 uxorum...

141 2699 207 2748 non
233 2689 343 2772 potest
368 2700 463 2748 meus
489 2700 565 2748 esse
590 2674 828 2773 discipulus.»

213 2789 325 2861 Tertia
348 2789 494 2890 deniqne
517 2815 620 2863 cause
645 2789 850 2864 dissociandi
876 2788 1072 2887 coniugium
1098 2806 1152 2864 est
1168 2789 1195 2863 si
1210 2785 1247 2861 al

141 2920 191 2977 ter
219 2904 397 3002 coniugum
424 2905 564 2977 alterum
590 2905 633 2977 ad
659 2921 831 3003 peccatum
858 2902 1029 3005 impellat;
1066 2904 1160 3005 quod
1187 2901 1247 2976 fien'

141 3019 318 3118 multiplici
339 3021 468 3094 ratione
484 3020 676 3109 consuevit,
696 3019 830 3108 verbis,
850 3019 1026 3119 exemplo,
1047 3021 1244 3102 seductione,

221 3197 269 3258 (ia)
286 3200 314 3246 in
336 3197 374 3247 tris
395 3197 506 3249 habenda
529 3200 566 3249 cet
587 3199 650 3249 ratio
671 3199 946 3263 temporum,locomm
968 3211 997 3247 ac
1011 3202 1184 3261 personarum.
1195 3199 1247 3247 barn

143 3287 209 3324 nunc
229 3279 353 3339 receptum
374 3280 411 3327 cot
430 3279 519 3341 passim
542 3279 567 3328 in
588 3279 675 3329 Galliis
697 3279 839 3342 praesertim
860 3291 889 3328 ec
904 3278 929 3327 in
949 3279 1083 3328 Germanis
1103 3281 1130 3328 et
1147 3276 1246 3335 sarm,

142 3356 170 3404 nt
192 3357 348 3406 matrimonia
369 3359 446 3407 mixta
468 3359 636 3421 celebrentur,
649 3363 674 3410 et
693 3359 715 3409 si
729 3372 787 3409 cum
798 3358 880 3408 debita
892 3357 1024 3420 facultate,
1035 3360 1189 3422 cenaticum
1199 3367 1247 3406 oca·

141 3435 276 3486 ditionibus
298 3437 323 3485 id
343 3437 399 3499 fiat,
420 3439 486 3488 ticitc
506 3439 541 3488 tit.
559 3439 584 3489 Si
612 3440 685 3503 igitur
707 3440 773 3489 licite
792 3439 905 3490 contrahi
928 3438 1072 3502 ‹maingium
1102 3441 1181 3504 potest
1199 3447 1246 3487 cum

141 3515 285 3576 haereticis,
299 3530 356 3565 cum
377 3516 463 3567 iisdem
486 3518 552 3569 licite
570 3519 712 3569 cohabitare
730 3519 846 3582 coniuges
865 3517 980 3568 catholici
1000 3523 1108 3582 possunt
1127 3522 1183 3584 post
1201 3517 1247 3566 bre·

142 3609 222 3647 reseas
240 3596 342 3659 erirnen,
356 3600 429 3660 prout
444 3612 528 3649 revera
548 3599 574 3649 in
597 3600 647 3650 iliis
667 3600 806 3663 regionibus
824 3602 850 3650 et
868 3599 928 3650 alibi
948 3599 1000 3650 fieri
1019 3601 1152 3652 consuerit
1165 3598 1249 3650 neruine

140 3678 296 3740 repugnante.

218 3759 267 3817 (til
284 3759 350 3807 inter
370 3760 464 3809 ceteros
483 3761 595 3824 exemplo
614 3759 646 3810 sit
664 3773 684 3810 s.
709 3759 812 3810 lacobus
831 3763 904 3810 Persa
926 3761 1091 3821 cognomento
1112 3760 1248 3811 laterem

141 3836 173 3885 ob
193 3834 293 3885 crudele
313 3837 380 3899 qnod
400 3837 425 3886 in
445 3838 560 3888 membris
582 3839 684 3902 singulis
709 3839 818 3903 corporis
838 3839 877 3888 aui
900 3838 1046 3900 martyrium
1067 3838 1192 3889 sustinuit
1209 3834 1247 3886 sie

140 3917 253 3979 quamvis
269 3929 298 3965 ex
314 3917 453 3967 christianis
472 3919 622 3981 genitoribus
640 3919 795 3981 progenitus,
808 3919 833 3968 in
849 3917 927 3981 regis,
939 3917 1044 3978 gratiam
1066 3931 1118 3967 non
1135 3914 1247 3967 dubitarit

138 3996 186 4046 soli
208 4000 232 4046 et
250 3996 300 4059 igni
322 3998 415 4048 cultum
434 4000 562 4060 exhibcrc;
575 4013 624 4061 quo
643 3998 673 4049 dc
692 4012 767 4048 cansa
788 3998 841 4048 eius
863 4000 940 4047 mater
959 4000 985 4047 ct
1005 4011 1071 4048 uxor
1095 3994 1247 4061 ingentistie·

139 4080 193 4128 ctae
212 4079 373 4129 moestitiam
392 4080 477 4130 dolore
495 4081 599 4143 percitae
618 4093 644 4129 se
663 4078 695 4128 ab
713 4079 766 4129 cine
783 4078 942 4129 contubernio
958 4077 1138 4130 subtraxerunt
1153 4086 1248 4138 cumque

140 4158 254 4220 gravibus
277 4158 365 4209 litteris
388 4160 418 4210 de
443 4174 525 4210 errore
545 4160 722 4224 obiurgarnnt;
746 4159 836 4223 quibus
858 4158 901 4209 ille
921 4161 1051 4223 permotns
1069 4173 1099 4210 ac
1125 4160 1152 4208 in
1171 4171 1196 4208 re
1216 4167 1246 4204 rc·

141 4250 225 4287 remus
246 4238 278 4288 ad
299 4240 421 4303 quaelibet
440 4240 582 4305 perferenda
601 4253 628 4290 se
646 4238 696 4303 regi
716 4238 815 4289 obtulit.
832 4241 869 4289 De
885 4251 936 4303 quc
956 4239 1202 4304 praeteriturorum
1212 4233 1244 4286 ci.

137 4317 315 4382 srenotoptum
330 4334 464 4384 eruerunt.
483 4319 569 4371 Urbini
594 4325 662 4372 1726.
676 4333 729 4384 par.
746 4322 765 4370 1.
779 4334 804 4384 p.
820 4326 874 4370 21⁵.
