2796 5064
238 405 310 456 aar.
326 403 376 457 ιιι.
392 404 445 455 ιι.
460 404 557 456 eroso
570 405 662 457 man.
679 402 761 456 cruc.
777 404 889 456 runrss.
907 403 1001 454 airu.
1018 403 1088 453 arr.
1105 404 1128 454 ι.
1183 383 1250 454 309

146 524 190 598 lo.
207 525 288 596 Batz
305 549 382 597 cum
395 524 565 598 nonnullis
581 525 658 598 aliis
675 524 855 610 concludit,
872 525 1041 596 Patavium
1059 524 1255 620 corrigendo

142 639 328 740 Epiphanii
354 640 478 726 locum,
512 639 665 712 eumdem
694 666 755 738 pro
785 639 941 712 divortiis
967 638 1146 712 classicum
1176 638 1258 712 elie·

141 754 231 828 cisse
255 756 368 849 (130).
394 753 459 825 Alii
489 753 721 827 emendatione
753 755 890 854 quidem
924 754 1013 827 hunc
1039 754 1151 852 ipsum
1176 753 1257 853 Epi-

140 869 258 970 phanii
272 884 398 943 textum
416 895 515 966 egere
540 869 623 943 lassi
638 884 728 957 sunt,
743 869 801 942 sed
816 870 949 943 diverso
975 895 1114 969 prorsus
1135 895 1253 956 sensu,

140 1010 265 1083 nempe
282 983 326 1056 ad
343 983 579 1058 declinandam
604 983 855 1071 difficultatem,
876 1010 978 1084 quam
1003 984 1114 1083 ipsius
1144 1008 1174 1057 s.
1196 985 1260 1057 Pa·

140 1100 202 1173 tris
221 1098 326 1173 verba
350 1098 558 1199 praeseferre
572 1099 728 1173 uidentur
744 1116 860 1172 contra
878 1125 995 1171 sanam
1022 1098 1186 1172 ecclesiae
1198 1099 1259 1172 do-

139 1214 283 1287 ctrinam
312 1217 426 1310 (131).
447 1214 567 1287 Verum
588 1213 643 1287 his
661 1241 728 1287 non
751 1215 955 1311 indigemus,
975 1240 1052 1287 cum
1077 1241 1118 1287 ex
1142 1214 1254 1302 dictis,

139 1352 169 1401 s.
189 1326 407 1427 Epiphanius
436 1327 628 1401 nullatenus
659 1328 702 1400 ab
728 1328 922 1425 evangelica
943 1343 976 1400 et
999 1327 1184 1428 apostolica
1203 1327 1260 1401 do

139 1444 248 1517 ctrina
274 1441 461 1542 discrepet,
489 1443 631 1542 eiusque
662 1470 759 1517 mens
790 1444 874 1517 satis
899 1458 1016 1542 aperta
1041 1442 1106 1529 sit;
1135 1467 1175 1515 eo
1206 1441 1259 1515 vel

139 1558 249 1656 magis
266 1557 359 1658 quod
375 1558 411 1630 in
429 1558 697 1632 adversariorum
715 1558 880 1633 sententia
905 1584 971 1631 non
990 1556 1098 1631 solum
1117 1583 1137 1630 a
1156 1582 1261 1657 scopo

139 1675 213 1774 ipse
225 1674 430 1762 aberrasset,
446 1675 506 1748 sed
519 1701 623 1773 agens
637 1676 799 1749 aduersus
812 1675 1009 1748 novatianos
1020 1699 1106 1747 nova
1119 1696 1181 1746 nec
1197 1698 1259 1746 ne-

139 1791 291 1865 cessaria
306 1790 448 1864 aliarum
466 1791 660 1890 nuptiarum
679 1790 842 1879 libertate,
862 1791 994 1863 vivente
1015 1788 1127 1862 adhuc
1153 1788 1258 1862 altero

140 1907 296 2003 coniuge,
317 1904 393 1979 illos
414 1905 598 1979 insectatus
616 1905 754 1992 luisset,
775 1905 834 2005 qui
853 1904 896 1976 ab
919 1904 983 1979 hac
1004 1903 1157 1977 libertate
1176 1904 1260 1979 adeo

141 2020 383 2108 abhorrebant,
398 2034 437 2092 ut
449 2019 576 2094 nollent
599 2020 748 2120 quidem,
770 2033 1002 2120 postmortem
1024 2018 1162 2093 alterius
1180 2043 1260 2094 con-

141 2136 254 2234 iugis,
275 2134 447 2234 superstiti
478 2134 665 2209 secundum
691 2135 884 2232 coniugium
914 2135 1115 2234 permittere.

137 2404 208 2447 nm
229 2393 278 2442 etc.
295 2393 330 2443 or
350 2390 401 2443 due
419 2393 469 2444 sini
492 2393 615 2458 digamiae
635 2407 740 2458 genera:
763 2393 869 2458 primum
888 2405 965 2444 uxore
982 2395 1098 2444 mortua:
1121 2391 1256 2444 secuudum

138 2474 195 2536 post
218 2471 367 2535 divertim,
385 2473 462 2525 altera
477 2473 525 2524 sihi
544 2475 667 2538 copulata.
679 2494 692 2518 ι
708 2478 753 2525 Ast
774 2473 875 2524 evidens
890 2474 973 2538 potius
985 2475 1135 2525 mnirarium
1150 2486 1203 2525 esse
1221 2472 1260 2524 de

137 2550 308 2614 prehenditur.
319 2552 392 2602 Ratio
412 2565 470 2604 vero
486 2567 564 2617 quare
578 2567 600 2604 a.
614 2555 685 2604 Pater
706 2552 822 2603 adiecerit
838 2553 870 2604 oh
881 2553 1003 2618 aitpamn
1019 2556 1117 2617 stupri,
1128 2552 1260 2604 adultam

138 2630 183 2681 oei
202 2629 317 2681 citerim
334 2630 436 2695 fiopitit
455 2645 573 2696 ramam,
593 2646 608 2682 a
624 2632 696 2683 uobis
707 2633 829 2696 assignata
851 2635 895 2683 est.
914 2632 1030 2695 Alioquin
1054 2632 1129 2682 nimis
1144 2632 1258 2695 probaret

139 2710 276 2774 Epiphanil
296 2713 389 2775 textus,
409 2725 484 2776 quarn
504 2713 597 2763 velient
614 2712 758 2775 adversarii,
777 2713 894 2762 nimirum
914 2713 1009 2775 praeter
1031 2711 1147 2762 adulterii
1166 2711 1260 2762 crimen

138 2789 201 2840 alias
218 2802 306 2840 musas
324 2790 376 2841 iore
396 2791 428 2842 oh
449 2805 511 2855 quaa
531 2791 614 2842 dirimi
630 2792 736 2855 coniugii
756 2792 883 2843 vinculum
902 2793 992 2857 posset.

218 2869 285 2931 (tao)
306 2869 416 2933 Bataop.
432 2871 474 2920 cit.

216 2949 284 3010 (iat)
298 2949 456 3000 Marcellinus
474 2949 767 3001 Malienbuhreaiatimat
782 2949 859 3000 solam
879 2950 1042 3015 parenthesim
1064 2949 1140 3000 iuiaae
1157 2949 1263 3012 interpo-

141 3028 228 3078 iatam.
240 3027 362 3078 ilenricoa
381 3028 440 3080 iilee
454 3033 537 3081 censet
554 3029 766 3093 interpolationem
781 3031 921 3094 provenisse
932 3043 963 3080 ex
979 3031 1037 3080 nota
1048 3028 1186 3092 marginali,
1196 3041 1261 3091 qnae

142 3105 166 3155 iu
191 3107 289 3156 textum
308 3105 439 3170 irrepserit.
453 3106 618 3171 ibid.p.285.

213 3183 337 3234 Arcadius
354 3198 395 3248 op.
415 3188 441 3236 et
458 3185 498 3235 loc
520 3185 562 3235 cit
582 3199 637 3249 pag.
660 3193 715 3238 ote.
733 3200 783 3237 non
805 3186 940 3238 admodum
963 3199 978 3237 a
998 3190 1082 3238 nostra
1099 3185 1256 3250 expositione

138 3261 247 3325 mludiip
267 3263 357 3313 etenim
368 3277 391 3313 a.
408 3264 537 3329 Epiphanil
548 3266 643 3315 matrum
657 3264 691 3315 ita
704 3267 802 3316 enarrat
812 3268 841 3316 ut
850 3279 935 3316 sensus
945 3265 986 3315 ait:
995 3265 1039 3328 qui
1050 3278 1100 3316 non
1120 3267 1158 3316 aat
1176 3263 1263 3317 hahuit

140 3356 216 3393 unam
239 3341 339 3393 duxisse
356 3356 477 3406 uxorem,
497 3357 563 3407 quae
584 3344 633 3394 iam
653 3345 686 3395 ait
714 3347 827 3409 naorioa,
846 3346 878 3395 oh
896 3345 1005 3409 aliquam
1023 3345 1207 3410 enodationem,
1220 3348 1264 3396 aut

140 3420 302 3484 adulterium,
313 3419 340 3470 id
361 3422 407 3484 eat,
426 3421 494 3485 qood
509 3422 595 3472 timeat
609 3434 640 3472 ue
660 3422 703 3472 liat
721 3421 826 3486 adulter,
845 3424 865 3473 ai
883 3438 900 3473 a
917 3436 982 3474 noro
1005 3424 1118 3487 coniugio
1138 3423 1260 3474 abstinue-

140 3501 183 3565 rit,
208 3501 256 3552 isie
280 3501 372 3564 poterit
396 3514 453 3551 cum
468 3501 575 3552 emunda
593 3502 718 3566 coniungi,
740 3515 821 3567 neque
837 3502 922 3554 divina
941 3504 1063 3567 scriptura
1086 3516 1143 3554 eom
1163 3503 1190 3553 in
1214 3504 1261 3555 hac

140 3594 168 3631 re
188 3582 299 3645 accuset,
320 3580 359 3631 rei
379 3579 545 3644 reprehendit.

214 3664 343 3725 lionrryus
360 3660 386 3711 iu
403 3664 540 3725 apparato
559 3661 596 3712 od
607 3661 734 3713 aieleth.
752 3675 786 3712 aa.
798 3665 873 3713 Patr.
886 3663 988 3714 Dissert.
1003 3666 1045 3714 iv.
1056 3665 1102 3712 art.
1115 3666 1154 3712 ti.
1169 3662 1214 3713 etsi
1226 3662 1260 3713 ia·

142 3744 225 3792 ieatur
242 3741 416 3792 difficultatem
439 3741 465 3792 in
483 3741 538 3791 loro
556 3741 686 3806 Epiphanii
705 3742 836 3805 contineri,
857 3745 939 3793 tamen
957 3743 1115 3794 verisimilius
1132 3755 1185 3793 ease
1204 3754 1259 3794 cen«

139 3824 179 3874 ari
194 3821 362 3888 Epiphaniam
380 3820 412 3873 de
432 3821 526 3886 nuptiis
537 3824 592 3885 posi
608 3821 719 3886 coniugia
735 3823 838 3873 mortem
856 3821 989 3887 disputare.
1004 3825 1074 3874 Tem.
1085 3823 1106 3872 1.
1118 3825 1220 3886 pagoi.
