2796 5064
247 362 319 413 cnr.
335 360 383 412 nr.
401 360 440 409 na
456 356 552 410 sunan
567 359 658 408 rann.
677 359 739 407 arn.
757 357 869 407 rnorss.
886 357 980 407 narn.
1001 358 1108 406 ianr.
1175 334 1243 404 aas

129 477 230 572 dat),
263 504 324 553 nec
348 478 400 550 sio
424 475 560 576 quidem
587 475 802 548 excusatione
822 474 946 570 dignus
972 491 1023 547 est
1049 473 1104 547 bic
1121 492 1247 575 praete·

131 611 218 666 ntus.
245 593 283 664 Si
307 617 387 667 vero
412 589 509 687 (ideo
536 616 574 663 so
598 593 748 688 separet)
777 588 859 686 quia
887 588 1065 683 (maritus)
1098 588 1180 662 vivit
1213 589 1248 659 in

130 707 372 793 lornicatione,
400 732 467 779 non
490 703 653 778 habemus
679 703 743 777 boe
770 703 805 774 in
830 702 1073 776 consuetudine
1094 703 1249 777 eeclesia-

130 823 217 896 stica
231 851 240 908 ;
262 823 365 896 immo
375 822 478 895 etiam
492 820 597 894 avim
610 818 738 891 infideli
751 817 925 891 discedere
939 817 1135 917 prohibetur
1145 844 1247 896 uxor.

131 938 188 1010 sod
216 938 352 1010 iubetur
384 961 578 1037 permanere
596 934 641 1008 ob
665 933 823 1006 incertam
852 958 946 1031 spem
972 949 1110 1006 eventus
1139 935 1251 1029 (iuxta

132 1052 216 1125 illud
235 1051 410 1151 Apostoli)
432 1050 522 1137 Quid
538 1052 623 1122 onim
647 1051 712 1121 scis
728 1049 846 1120 mulier
871 1075 914 1119 on
934 1049 1043 1119 virum
1059 1048 1188 1120 salvum
1204 1053 1251 1121 sic

130 1169 397 1267 interimque
421 1168 658 1266 derelinquens
687 1167 743 1260 (in
766 1163 823 1236 tali
841 1190 924 1236 casu
948 1164 1120 1248 maritum,
1142 1164 1249 1238 solum

130 1287 235 1378 tune)
265 1299 318 1357 est
341 1282 509 1368 adultere,
530 1282 559 1354 si
580 1281 623 1353 ad
646 1280 749 1352 alium
766 1279 877 1351 vimm
898 1276 1047 1352 accedat.
1068 1279 1124 1349 Vir
1141 1296 1252 1352 autem

134 1396 310 1491 (adulter)
332 1396 513 1471 derelictus
537 1396 661 1493 dignus
683 1410 755 1481 est,
778 1394 832 1466 cui
850 1421 934 1466 uxor
952 1393 1120 1492 ignoscat,
1143 1420 1204 1468 neo
1222 1395 1251 1468 si

130 1511 178 1584 illi
195 1512 449 1607 (reconciliato)
466 1511 650 1596 cohabitet,
680 1510 918 1584 condemnatur
940 1515 1136 1608 (tamquam
1154 1509 1252 1583 adul·

131 1631 236 1722 tera).
267 1626 364 1712 Quod
391 1627 419 1699 si
445 1626 497 1699 vir
520 1625 565 1698 ab
589 1651 693 1700 uxore
720 1625 917 1719 (adultera)
945 1624 1122 1712 discedat,
1150 1639 1184 1697 et
1209 1626 1252 1698 ad

130 1742 236 1815 aliam
263 1743 419 1829 aooedat,
447 1744 548 1816 etiam
575 1743 650 1841 ipse
672 1745 800 1840 (aeque
817 1766 856 1813 ac
872 1766 955 1814 uxor
973 1767 993 1812 a
1012 1741 1085 1814 viro
1102 1740 1254 1815 adultero

132 1856 316 1931 discedens
334 1882 374 1930 ac
392 1857 487 1930 alteri
508 1857 580 1931 vim
601 1856 814 1951 adhaerens)
836 1873 890 1929 est
902 1855 1051 1940 adulter,
1073 1855 1154 1954 quia
1176 1855 1256 1928 lacit

132 1996 210 2043 eam
229 1970 420 2056 moechari,
440 1988 473 2044 ct
485 1971 607 2044 mulier
624 1970 673 2042 illi
695 1970 894 2044 cohabitans
911 1985 964 2043 est
980 1968 1151 2055 adultera,
1172 1970 1255 2068 quia

132 2085 285 2160 alienum
311 2087 419 2160 virum
445 2087 487 2158 ad
514 2112 551 2161 se
578 2088 723 2161 traducit
743 2089 887 2182 (162).»

208 2202 244 2272 Si
272 2201 355 2275 baec
379 2202 573 2276 admittatur
591 2203 773 2300 expositio,
796 2218 884 2275 certe
904 2201 1084 2277 difficultas
1103 2202 1214 2276 omnis
1238 2228 1257 2275 c

135 2317 251 2390 radice
276 2316 492 2405 convellitur,
511 2344 552 2391 ac
568 2318 720 2392 doctrina
739 2318 875 2403 basilii,
901 2317 1023 2390 nedum
1045 2317 1114 2390 ulla
1128 2318 1257 2391 ratione

134 2431 247 2505 lavent
271 2431 487 2507 divortiorum
512 2434 680 2532 patronis,
705 2433 901 2506 adversatur
922 2432 1008 2530 ipsis
1032 2433 1193 2520 manime,
1219 2448 1252 2504 et

135 2571 288 2620 consona
310 2546 455 2620 efficitur
480 2574 546 2620 non
572 2547 681 2621 solum
703 2548 823 2621 canoni
840 2546 980 2618 XLVlll.
1003 2546 1063 2620 sed
1086 2563 1257 2646 praeterea

135 2660 302 2735 eeclesiae
314 2661 499 2735 doctrinae.
509 2662 599 2734 Nihil
614 2686 692 2735 vero
704 2679 772 2749 est,
789 2661 879 2761 quod
892 2661 1054 2761 impediat
1071 2661 1255 2759 quominus

134 2777 350 2864 admittatur,
366 2803 443 2852 cum
456 2778 602 2851 violenta
623 2805 688 2853 non
707 2777 769 2863 sit,
792 2803 832 2850 ac
851 2776 970 2850 ollerat
987 2776 1098 2875 potius
1117 2801 1255 2849 sensum

138 2893 279 2992 planum
298 2910 331 2966 et
353 2892 503 2968 obvium.
532 2896 611 2967 Utra
636 2910 747 2967 aulem
773 2892 933 2991 seligatur
953 2893 1135 2991 expositio,
1158 2893 1257 2966 nobis

138 3008 281 3106 perinde
305 3025 375 3094 ost,
404 3010 486 3107 quia
506 3011 535 3083 si
562 3035 591 3082 s.
613 3008 759 3082 Basilius
782 3008 930 3107 loquitur
954 3008 997 3080 de
1017 3007 1259 3081 consuetudine

137 3151 160 3196 a
177 3123 312 3220 legibus
325 3123 482 3197 civilibus
500 3124 653 3213 inducta,
669 3141 757 3198 certe
772 3123 863 3196 illam
883 3150 949 3197 non
971 3123 1134 3224 approbat
1147 3141 1261 3224 utpote

214 3338 280 3399 (loll
299 3340 492 3388 Demonstretio
514 3340 609 3389 critice
630 3338 763 3402 rcllplonis
786 3338 941 3390 cetlrotiene.
964 3341 1051 3389 venel.
1077 3342 1259 3403 ildiperti.

139 3420 238 3481 quaest.
253 3420 306 3467 xv.
318 3431 374 3481 pap
389 3424 418 3468 nti
429 3432 499 3482 seqq.
512 3420 560 3477 Qui
577 3423 604 3469 ut
620 3420 773 3482 hypothesim
789 3433 858 3469 snam
875 3419 961 3470 reddet
971 3419 1058 3470 celeris
1069 3420 1263 3483 expositionibus

140 3496 331 3560 probabiliorem
346 3498 519 3549 animadvertit
541 3507 561 3548 l.
575 3512 596 3548 a.
613 3499 729 3549 Basiliam
746 3500 771 3548 in
790 3500 837 3550 bac
854 3499 956 3562 epistola
971 3500 1116 3563 respondere
1132 3499 1163 3548 ad
1179 3501 1260 3550 varlas

139 3576 343 3640 interrogationes
357 3579 520 3641 Amphilochii
537 3579 603 3629 circa
613 3579 703 3641 dubia,
721 3593 826 3642 quorum
843 3578 961 3629 nonnulla
971 3580 1056 3630 Basilii
1068 3581 1173 3630 mentun
1187 3583 1259 3630 antea

139 3671 190 3706 non
209 3657 353 3719 subierant,
379 3659 491 3720 adeoque
512 3659 672 3722 inexpectata.
696 3662 731 3709 lta
751 3661 817 3708 enim
837 3662 940 3709 testatur
963 3659 988 3708 iu
1010 3660 1118 3722 inpressu
1142 3659 1260 3722 epistolae

142 3737 182 3786 bis
203 3737 303 3787 verbis:
330 3739 429 3787 «Certe
450 3739 475 3788 et
494 3752 559 3788 nune
576 3752 633 3788 cnm
655 3738 687 3787 de
712 3741 880 3801 laterrcpatis
898 3741 952 3789 tnts
970 3751 1116 3802 nunrpnem
1137 3738 1263 3789 tinctorum

140 3817 255 3868 sollicite
271 3820 439 3880 copituasem,
459 3823 559 3869 coactus
581 3832 636 3868 sum
656 3819 785 3881 diligenter
799 3818 924 3869 attendere
938 3856 946 3881 ,
958 3819 983 3868 et
996 3819 1017 3867 si
1029 3819 1089 3881 qnid
1101 3832 1116 3867 a
1127 3820 1263 3868 senioribus

138 3896 268 3946 audieram
281 3897 417 3958 recordari,
439 3899 466 3946 et
480 3900 583 3959 regnata
597 3899 640 3958 iis,
657 3911 719 3960 quae
737 3897 888 3959 didiceram,
908 3909 951 3960 per
964 3908 1003 3945 me
1021 3896 1072 3959 ipse
1087 3897 1258 3946 ratiocinari.»

141 3985 165 4028 2.
180 3977 235 4025 Non
250 3977 335 4025 sature
350 3975 416 4038 ipsas
430 3977 631 4040 interrogationes
646 3977 829 4040 Amphilochii,
844 3976 886 4026 neri
901 3989 942 4025 eas
953 3977 1049 4026 tantum
1066 3989 1096 4026 ex
1113 3977 1165 4039 ipsa
1181 3977 1263 4025 basilii

141 4054 302 4118 responsione
317 4054 481 4105 verisimiliter
500 4055 649 4117 colligendas
664 4069 724 4106 esse.
748 4063 770 4106 s.
784 4057 813 4104 lit
825 4055 888 4106 illud
907 4059 1000 4106 carlum
1017 4068 1069 4106 eave
1093 4056 1216 4105 versiones
1227 4069 1263 4105 cn·

141 4135 215 4184 nonis
230 4134 304 4183 unius
321 4135 471 4185 controversi
487 4135 605 4185 hactenus
616 4134 713 4199 editas,
726 4149 756 4185 ne
770 4136 795 4186 in
808 4135 861 4200 ipsa
872 4135 972 4198 quidem
984 4136 1091 4185 editione
1107 4135 1260 4184 mauriniana

139 4217 240 4264 exactus
250 4226 312 4264 esse.
327 4214 370 4263 llis
389 4215 515 4279 principiis
536 4215 722 4265 versirnlliorem
745 4215 813 4264 illnm
828 4228 880 4265 esse
902 4218 969 4276 potat
989 4228 1063 4277 qrrnrn
1078 4215 1129 4277 lpse
1146 4213 1260 4276 subiicit,

140 4306 236 4355 nmque
259 4292 389 4342 retulimus
404 4293 636 4356 interpretationem.
