2796 5064
140 382 184 452 16
311 401 373 453 ιιι.
389 400 437 453 ιιι.
457 399 544 452 sacr.
565 400 588 451 ι.
609 399 650 453 or
670 399 766 453 sara.
784 399 907 455 enmsr.
928 400 1070 455 uurrars.

209 519 329 594 Verum
355 532 436 621 prae
459 519 580 595 ceteris
597 518 813 621 Carpocrates
834 522 975 620 eiusque
996 520 1155 622 discipuli
1172 548 1245 598 ear-

139 635 324 736 pooratiani
341 635 571 723 eminuerunt,
586 635 646 735 qui
660 635 747 711 inter
758 636 959 736 praecipuos
970 662 1076 711 novae
1094 638 1244 738 ipsorum

138 750 310 826 doctrinae
334 750 492 827 articulos
518 764 719 851 posuerunt,
746 777 864 825 cepres
895 767 1036 850 oportere
1066 779 1132 826 esse
1166 780 1246 826 coen

138 893 250 940 mcoea
266 868 354 964 (iu).

188 980 386 1055 'Ademitae
409 1007 479 1055 see.
500 980 661 1056 eeclesiae
685 981 834 1056 seeundo
851 983 888 1055 in
908 1007 1040 1056 omnem
1067 983 1247 1083 turpitudi-

141 1120 217 1171 nem
236 1097 336 1171 ellusi
361 1096 505 1197 apostoli
531 1123 666 1198 quoque
686 1097 821 1173 luerunt
843 1099 995 1173 eiusdem
1012 1099 1124 1172 carnis
1144 1099 1247 1172 liber-

141 1214 219 1287 tatis
235 1239 276 1288 ec
293 1213 467 1288 muliebris
484 1213 638 1289 licentiae
654 1216 743 1312 (21).

212 1327 343 1403 Marcus
367 1327 519 1403 eiusdem
545 1329 650 1404 seculi
676 1329 913 1405 haeresiarcha
932 1329 1104 1428 gnosticas
1118 1354 1248 1404 mamo-

141 1443 312 1518 sianorum
337 1449 460 1545 parens
476 1470 544 1519 non
560 1445 628 1519 alia
648 1470 687 1521 se
707 1446 834 1520 ratione
859 1445 964 1543 gessit
987 1469 1067 1542 erga
1090 1444 1249 1520 mulieres

142 1586 228 1659 quas
252 1558 442 1660 decipiebat
457 1559 544 1659 ipsis
562 1558 725 1660 pollicens
741 1559 1096 1661 prophetiaedonum,
1117 1585 1250 1633 earum-

140 1702 220 1776 que·
236 1701 274 1748 se
302 1699 370 1748 non
391 1673 514 1748 minus
530 1674 714 1775 pudicitiae
738 1675 960 1775 proditorem,
988 1701 1089 1775 οιιοιιι
1114 1674 1249 1749 divitia-

143 1816 236 1880 rum,
266 1790 295 1865 si
321 1816 408 1891 quas
433 1789 624 1880 habebant,
651 1791 867 1891 expilatorem
892 1791 1045 1867 exhibuit
1059 1792 1148 1890 (Ξῖ).

216 1906 465 1982 Praetermissis
481 1932 560 1982 vero
577 1907 791 1982 montanistis
816 1933 885 2000 see.
901 1907 962 1980 lll.
978 1934 1000 1980 a
1015 1906 1173 1982 llontano
1189 1906 1249 2008 qui

144 2020 400 2096 seParacletum
413 2046 474 2095 seu
487 2020 648 2120 Spiritum
668 2021 826 2096 Sanctum
849 2019 1062 2108 venditabat,
1086 2019 1249 2117 originem

143 2132 357 2223 habentibus,
370 2133 545 2210 Priscillae
560 2152 594 2209 at
609 2133 810 2210 llaaimillae
830 2133 1251 2237 pseudoprophetissarum

143 2248 310 2324 illecebris
340 2250 469 2350 captis,
493 2249 657 2325 mulieres
685 2251 811 2351 pariter
833 2249 1135 2347 extollentibuslae
1164 2248 1251 2322 deei-

144 2363 314 2465 pientibus
332 2365 422 2462 (ie),
438 2363 638 2466 Artotyritaa
654 2391 715 2440 seu
733 2365 927 2468 Pepuziani,
948 2363 1184 2465 aequalitatem
1200 2364 1253 2438 vi·

144 2505 255 2554 rorum
276 2506 317 2554 ac
339 2479 517 2554 mulierum
537 2480 812 2580 propugnabant,
835 2479 992 2555 mulieres
1009 2479 1044 2552 in
1064 2471 1251 2553 libertatem

145 2594 359 2683 asserebant,
388 2621 428 2670 ae
452 2595 606 2695 iniquum
628 2595 825 2672 asserebant
846 2595 923 2669 illas
942 2593 1008 2670 sub
1027 2595 1175 2669 virorum
1192 2620 1253 2695 po-

143 2726 262 2785 testate
280 2710 454 2798 detinere;
483 2709 564 2783 hine
589 2710 746 2785 mulieres
771 2711 872 2785 etiam
896 2710 931 2784 in
954 2708 1186 2811 episcopiss'as
1212 2735 1253 2784 ae

143 2825 388 2901 sacerdotissae
414 2825 654 2901 consecrabant
677 2827 766 2923 (ti).

216 2943 289 3016 Non
314 2942 448 3030 minus,
480 2942 550 3016 imo
574 2942 683 3040 magis
709 2942 923 3017 insaniebant
954 2941 1072 3016 οοάοιιι
1103 2955 1253 3041 tempore

144 3055 321 3143 Antitaeti,
349 3059 409 3157 qui
439 3054 596 3132 lascivias
621 3056 832 3132 omnimodas
861 3057 948 3130 inter
975 3055 1087 3130 officia
1110 3055 1254 3131 moralia

146 3170 381 3259 recensebant,
396 3198 437 3246 eo
449 3172 539 3272 quod
552 3179 801 3271 opponerentur
810 3170 878 3269 legi
891 3171 1013 3260 blesis,
1032 3194 1121 3271 quae
1137 3185 1253 3270 utpote

216 3457 267 3521 (ιο)
282 3456 320 3509 ci.
337 3457 456 3509 Clamant.
473 3457 680 3509 nienstromct.
693 3457 791 3509 libili.
806 3457 936 3509 ed.Parle.
957 3461 1025 3510 teli.
1042 3467 1098 3522 pag.
1116 3458 1171 3508 ins.
1191 3456 1254 3508 llam

145 3551 166 3588 a.
176 3537 297 3602 Epiphan.
308 3539 416 3589 iiwca.
424 3539 525 3589 xxvii.
536 3550 563 3588 n.
575 3545 598 3590 s.

220 3617 269 3681 (tt)
284 3619 321 3668 De
339 3616 379 3668 hio
395 3616 481 3668 scribit
498 3617 576 3670 clem.
587 3617 656 3669 Alex.
668 3616 711 3669 lib.
723 3619 767 3672 iii.
775 3619 869 3670 strom.
877 3630 937 3685 pag.
948 3621 1004 3673 lei.
1017 3617 1077 3669 item
1086 3615 1255 3669 Theodoretus

143 3695 250 3746 liceret.
257 3694 350 3757 sobal.
362 3695 405 3747 llb.
416 3698 437 3746 1.
450 3709 472 3748 a.
483 3702 506 3748 t.
521 3697 558 3747 Da
567 3695 691 3759 Predlem
704 3696 851 3762 slipipban.
864 3698 973 3751 Horrea.
983 3694 1036 3748 nu.

216 3775 267 3839 (ιι)
282 3777 319 3826 De
328 3775 419 3839 quibus
428 3776 482 3827 iuse
492 3776 573 3840 agito
582 3779 697 3828 irenaeus
705 3777 776 3829 tini.
785 3790 808 3828 ο.
817 3779 885 3829 isal
895 3790 915 3827 s.
922 3776 1156 3841 Epiphaneam.
1164 3776 1253 3826 xxiv.

217 3855 268 3919 (ιο)
282 3856 322 3906 sie
338 3853 404 3906 enim
417 3858 560 3908 Muranum
577 3870 662 3909 serere
681 3857 851 3922 interpellabat
865 3856 1022 3923 Apollonius:
1034 3877 1046 3900 ι
1054 3857 1101 3908 Dic
1111 3855 1186 3920 mihi,
1198 3869 1253 3920 pro·

146 3935 257 4001 phetane
267 3949 363 3987 comam
379 3936 502 3989 cataneus
511 3937 603 4001 tingit?
613 3937 733 4003 Propheta
744 3951 774 3989 ne
784 3939 926 4002 sumptuose
935 3939 960 3988 et
970 3926 1060 3988 vaula
1071 3934 1203 4001 splendido
1214 3949 1252 3986 or·

145 4016 218 4067 salua
235 4015 346 4067 incedit?
361 4017 483 4080 Propheta
494 4029 524 4067 ne
533 4016 626 4068 tabulis
635 4030 665 4069 ac
675 4014 860 4070 tessaaisinditi
868 4009 990 4082 Propheta
1000 4029 1033 4069 ne
1042 4017 1129 4068 foenus
1139 4016 1253 4067 maaet?

145 4098 197 4148 isla
206 4109 266 4147 vero
276 4096 338 4147 milii
352 4096 473 4148 fateamur
482 4101 508 4150 et
517 4097 612 4162 dicant,
631 4099 715 4150 unum
733 4099 806 4150 liceat
822 4111 952 4163 usurpem,
965 4099 1008 4149 aut
1017 4099 1111 4148 conua.
1122 4099 1174 4160 ligo
1189 4096 1254 4147 certa

148 4175 208 4228 haee
218 4175 283 4240 apud
294 4176 350 4227 illas
360 4177 559 4242 (prophetissas)
576 4177 686 4230 iacuula
705 4178 821 4243 portatile
838 4176 1068 4242 ostendens-apud
1081 4175 1170 4228 Βοιώ.
1183 4177 1252 4227 iiiut.

147 4256 210 4309 ecel.
221 4256 265 4308 lib.
277 4260 308 4308 v.
318 4270 341 4309 c.
357 4260 393 4309 17.
1147 4302 1149 4305 ,

217 4336 268 4408 (²4)
283 4337 322 4390 ci.
334 4350 355 4389 s.
364 4337 482 4403 epiphan.
492 4341 599 4391 Ηοοιοο.
612 4339 698 4390 xhix.
