2796 5064
234 393 304 442 mr.
321 391 365 440 ιι.
378 391 419 440 ιιι
433 389 510 441 ores.
524 389 620 441 ιιιιιι.
635 391 718 455 utu,
735 391 798 442 uou
812 391 973 443 ceusuuu.
990 392 1061 443 aar.
1078 393 1125 445 ιιι.
1181 373 1249 443 iit

135 509 281 608 intelligi
299 508 459 583 deberent
475 526 713 609 exposuerunt.
728 510 763 582 Si
781 511 945 585 maturius
963 511 1129 584 eiusmodi
1147 511 1252 586 dubia

134 625 224 725 ipsis
251 625 424 725 proposita
449 625 613 714 luissent,
633 626 733 699 eitius
751 626 852 700 etiem
874 626 1024 726 ipsorum
1051 626 1252 701 haberemus

135 767 322 840 responsa,
352 757 451 840 prout
476 767 505 813 s.
528 741 707 838 Gregorius
731 742 775 812 M.
797 741 972 839 respondit
996 741 1039 814 ad
1066 741 1253 840 interpella·

135 855 266 930 tionem
284 855 484 955 quamdam,
507 855 599 929 iuxta
615 854 750 929 decreta
767 854 909 952 legalia,
930 856 965 927 id
982 873 1034 930 est
1052 857 1144 930 iuxta
1160 856 1253 954 leges

135 994 207 1043 non
227 967 350 1042 debere
368 968 456 1042 laedi
476 970 510 1041 in
533 969 632 1043 bonis
650 969 723 1042 suis
741 969 1000 1067 desponsatam,
1021 996 1109 1069 quae
1126 969 1170 1042 ad
1186 970 1254 1046 Do-

137 1084 269 1156 minum
296 1085 443 1158 converti
468 1084 627 1172 voluerit,
658 1112 718 1159 seu
743 1085 785 1158 ad
814 1083 1033 1183 profitendam
1059 1084 1253 1182 religionem

136 1198 173 1272 iu
200 1200 441 1274 monasterium
469 1227 507 1274 se
531 1200 684 1275 conferre
699 1203 789 1295 (ii).

214 1315 291 1387 lure
315 1330 426 1387 autem
445 1342 595 1390 summos
616 1315 791 1415 pontifices
809 1315 844 1387 iu
863 1313 935 1389 suis
955 1315 1099 1390 decretis
1121 1315 1254 1389 innixos

138 1429 248 1504 luisse
274 1447 464 1505 sanatorum
488 1448 638 1507 veterum
664 1431 828 1531 exemplis
845 1430 1076 1519 ostendimus,
1098 1456 1159 1504 nee
1178 1431 1254 1532 plu-

136 1543 235 1617 ribus
252 1570 337 1644 opus
354 1561 418 1619 est.
440 1546 488 1618 Ειι
506 1546 671 1620 ecelesiae
689 1573 789 1646 porro
806 1545 1050 1646 approbatione
1066 1561 1158 1644 patet
1175 1571 1253 1619 sau·

135 1672 234 1746 etos,
261 1660 320 1759 qui
347 1661 395 1734 ita
419 1687 458 1735 se
481 1679 674 1759 gesserunt,
704 1678 820 1735 sancte
844 1662 981 1735 omnino
1001 1661 1093 1734 etad
1115 1681 1255 1758 evange-

136 1774 227 1848 licae
238 1774 322 1873 legis
341 1802 493 1849 normam
510 1803 551 1850 ea
568 1777 603 1849 in
617 1805 652 1851 re
666 1803 703 1851 se
716 1777 883 1875 gessisse,
910 1792 1027 1876 utpote
1040 1776 1099 1876 qui
1116 1775 1253 1850 coelesti

136 1888 301 1963 instinctu
328 1891 370 1964 ad
398 1891 433 1963 id
459 1891 583 1965 fuerint
600 1892 759 1992 permoti,
779 1907 817 1964 ut
833 1891 963 1990 antiqui
981 1907 1093 1990 patres
1110 1891 1255 1990 loquun-

137 2020 214 2092 tur,
234 2005 354 2078 eeteris
372 2007 568 2081 huiusmodi
586 2007 773 2108 exemplum
793 2006 992 2080 imitandum
1014 2021 1250 2107 proponentes.

212 2118 329 2193 Cetera
354 2147 442 2219 quae
466 2147 507 2195 ex
533 2122 712 2197 traditione
735 2121 838 2196 obiici
869 2121 996 2208 solent,
1024 2147 1161 2194 oausam
1187 2147 1255 2195 nou

136 2233 321 2332 attingere,
336 2263 377 2308 ex
390 2262 431 2310 eo
444 2236 565 2336 liquet,
583 2237 674 2338 quod
693 2264 760 2313 non
779 2254 888 2311 ratum
907 2254 1048 2324 tantum,
1063 2237 1123 2310 sed
1141 2237 1254 2336 potius

136 2348 391 2424 matrimonium
408 2369 676 2426 consummatum
696 2352 894 2453 respiciunt,
915 2340 1104 2426 cuiusmodi
1124 2351 1257 2450 estepi·

136 2462 228 2537 stola
252 2491 282 2539 s.
304 2465 453 2563 Gregorii
478 2468 523 2540 ii.
544 2467 588 2541 ad
606 2468 831 2541 Theoetistam
847 2467 1040 2553 Patricium,
1061 2466 1096 2538 in
1118 2492 1186 2564 qua
1209 2465 1257 2538 le-

136 2578 231 2676 gitur
243 2608 250 2651 :
261 2580 322 2651 «Si
338 2581 456 2654 dieunt
472 2607 577 2655 eausa
594 2581 767 2678 religionis
785 2579 943 2676 coniugia
956 2578 1079 2652 debere
1094 2577 1252 2664 dissolvi,

137 2692 316 2767 sciendum
333 2711 406 2782 est,
427 2697 509 2796 quia
525 2697 589 2771 etsi
608 2695 673 2770 hoo
690 2696 742 2770 lea
760 2695 908 2769 humana
929 2693 1115 2781 concessit,
1139 2692 1257 2766 divina

137 2806 195 2881 lex
212 2824 332 2882 tumen
342 2810 514 2910 prohibuit
534 2815 648 2908 (iilo
660 2812 702 2897 llt
713 2837 754 2885 ex
771 2810 932 2884 orationis
950 2809 1038 2882 serie
1050 2823 1165 2907 aperte
1176 2832 1257 2881 eon-

137 2936 209 2997 stat
232 2948 262 2996 s.
274 2925 467 2999 Pontificem
486 2925 578 3024 loqui
596 2925 639 2998 de
656 2924 870 2998 matrimonio
891 2937 1139 3009 consummato,
1165 2920 1257 3021 quod

137 3036 258 3136 utique
281 3038 326 3113 ob
343 3038 515 3137 religionis
533 3041 775 3141 professionem
794 3039 934 3114 dissolvi
953 3037 1064 3137 quoad
1084 3036 1257 3112 vinculum

139 3153 277 3253 nequit;
298 3155 407 3255 pergit
435 3155 524 3228 enim
554 3154 654 3254 paulo
684 3170 760 3254 post
791 3154 935 3227 adducta
965 3151 1257 3226 verba:uSoimus

138 3267 224 3368 quia
248 3269 410 3369 seriptum
436 3285 509 3344 est:
529 3271 640 3343 Erunt
668 3269 732 3342 duo
759 3273 793 3341 in
815 3295 911 3342 carue
940 3294 1019 3340 uon.
1040 3267 1075 3339 Si
1101 3293 1181 3365 ergo
1205 3267 1259 3341 vir

137 3399 174 3457 et
199 3410 283 3458 uxor
307 3411 375 3458 una
404 3411 483 3460 earo
509 3402 606 3473 sunt,
640 3403 673 3458 et
705 3385 881 3483 religionis
910 3410 1014 3458 eausa
1044 3383 1095 3458 vir
1121 3383 1260 3456 dimittit

137 3524 300 3587 uorem,
326 3501 380 3575 vel
405 3500 527 3575 mulier
551 3502 659 3576 virum
693 3501 728 3572 iu
758 3501 823 3574 hoe
851 3499 977 3575 mundo
1009 3515 1254 3585 remanentem,

137 3613 194 3688 vel
212 3615 313 3689 etiam
332 3615 476 3690 lortesse
493 3616 536 3690 ad
555 3616 679 3689 illinita
696 3616 912 3713 migrantem
933 3641 1021 3715 quae
1038 3631 1089 3689 est
1102 3615 1167 3687 iste
1183 3639 1260 3686 eon·

136 3729 273 3816 aemio,
304 3731 339 3803 in
364 3757 433 3832 qua
455 3757 523 3804 uua
548 3731 734 3830 eademque
750 3756 828 3804 caro
852 3745 885 3803 et
905 3757 947 3804 ex
964 3745 1058 3831 parte
1074 3727 1194 3801 transit
1213 3725 1258 3798 ad

214 3916 266 3979 (ii)
281 3916 335 3967 Lib.
352 3918 407 3967 vn.
423 3917 495 3981 epist.
511 3923 548 3967 aa.
560 3915 599 3966 ed.
613 3919 692 3966 iiaur.
713 3918 773 3966 tem.
792 3917 824 3964 ii.
841 3915 889 3967 eoi.
909 3918 963 3965 867.
979 3913 1021 3963 ubi
1040 3912 1090 3976 ugit
1107 3911 1139 3961 de
1159 3909 1259 3960 landate

134 3994 227 4048 cutem
241 4009 339 4060 serere,
355 4009 419 4059 quse
436 3995 535 4047 cuidam
549 3995 673 4060 stephane
693 4008 749 4045 eum
769 3996 833 4045 esset
851 3994 997 4059 desponsata
1007 3990 1109 4057 Neapoli
1130 3991 1156 4040 in
1175 4002 1259 4040 ment·

137 4077 243 4130 netum
264 4089 292 4127 se
313 4077 419 4128 eontulit
437 4076 470 4127 sti
490 4076 567 4127 vitatu
592 4076 728 4138 religiosam
752 4074 914 4140 profitentium
938 4073 1045 4124 divinae
1062 4072 1260 4136 propitiationis

137 4160 287 4220 intimae,
305 4159 334 4209 nt
349 4159 401 4226 ipse
416 4159 534 4223 loquitur.
551 4155 600 4208 Ubi
615 4156 695 4208 obiter
710 4157 846 4207 reundum
865 4153 1019 4207 ιᾱιοιιιιίοι
1028 4165 1106 4217 teque
1116 4153 1259 4218 impugnare

137 4237 328 4291 dissolutionem
347 4239 455 4304 coniugii
477 4238 538 4302 ruti,
554 4250 584 4288 sc
598 4235 749 4302 sponsalium
765 4235 797 4287 ob
813 4236 949 4301 ingrestum
962 4231 987 4284 in
1002 4233 1152 4298 reiigionem.
1234 4284 1235 4288 ,

213 4318 266 4380 (76)
282 4316 335 4368 iiia.
347 4319 389 4370 xi.
399 4317 470 4383 epist.
483 4321 522 4370 ti.
533 4316 573 4369 eti.
582 4317 624 4368 eit.
633 4315 681 4367 eei.
695 4320 763 4368 tite.
