2796 5064
140 332 207 401 118
283 353 343 402 un.
362 352 409 401 ιιι.
427 351 513 401 snm.
531 352 659 400 ιιιιιιι.
683 354 721 401 33
738 353 850 402 33333.
868 354 962 404 ιιιιιι.
980 355 1103 407 cumsr.

138 498 213 545 cum
236 471 377 543 scientia
398 470 673 566 gravissimorum
695 471 917 568 quorumdam
944 472 1176 570 theologorum
1201 501 1254 549 ec-

138 585 261 659 ciesiae
285 583 482 657 catholicae.
519 583 560 654 Hi
588 584 677 655 enim
704 585 767 656 etsi
799 586 1071 672 matrimonium,
1105 605 1254 686 spectata

138 702 212 774 sola
229 700 371 772 naturali
396 699 484 796 lege,
506 698 590 773 solvi
609 699 790 799 aliquando
809 727 910 798 posse
929 702 1132 789 defendant3
1155 705 1189 775 id
1208 723 1256 778 ta-

138 843 215 888 men
242 842 307 888 non
332 816 477 903 faciunt,
510 832 547 888 ut
570 815 644 888 eius
671 814 980 890 indissolubilitatis
1007 815 1114 914 legem
1146 818 1255 918 impu·

139 948 241 1027 gnent
258 931 310 1006 vel
326 932 450 1020 laxent,
474 932 534 1004 sed
551 930 641 1030 quod
660 958 733 1003 eam
753 932 826 1004 iure
843 931 959 1005 divino
977 933 1134 1032 positivo,
1157 951 1257 1035 atque

61 1040 63 1044 ⁸
141 1049 353 1145 potissimum
372 1065 508 1147 propter
530 1048 728 1120 sacramenti
749 1047 910 1120 rationem
932 1047 1045 1120 datam
1067 1074 1146 1122 esse
1168 1050 1256 1122 arbi·

141 1180 279 1235 trantur.
311 1166 425 1263 Neque
451 1179 488 1236 ut
509 1163 575 1249 iiii,
597 1164 640 1235 de
663 1162 788 1261 quibus
814 1190 935 1261 supra,
958 1163 1074 1236 multis
1099 1181 1133 1237 31
1150 1165 1257 1238 obviis

139 1279 331 1362 decausis,
353 1279 501 1352 humana
519 1279 664 1351 maxime
688 1278 885 1351 auctoritate
910 1278 1116 1351 connubium
1144 1279 1255 1353 dirimi

142 1422 240 1492 posse
258 1412 423 1482 statuant3
445 1396 505 1469 sed
524 1397 597 1468 eius
627 1421 748 1467 nexum
771 1394 843 1467 soio
863 1410 1002 1467 naturae
1029 1396 1102 1468 iure
1128 1423 1196 1469 non
1214 1397 1257 1468 113

140 1510 272 1583 firmum
298 1538 399 1598 esse,
422 1529 459 1583 ut
486 1511 578 1584 nuda
602 1511 645 1582 de
671 1536 791 1594 eausa,
814 1511 914 1582 etiam
940 1509 1056 1583 divina
1082 1510 1257 1611 dispensa·

141 1627 252 1712 tione,
282 1627 366 1698 solvi
393 1643 506 1724 queat.

224 1742 295 1814 Hoc
321 1742 422 1837 igitur
447 1768 550 1814 sensu
578 1742 729 1814 Sanchez
763 1744 866 1836 (19),
900 1740 1124 1813 Bellarminus
1154 1743 1254 1836 (20),

140 1857 265 1928 Swartz
286 1858 379 1951 (21),
400 1854 526 1953 aliique
552 1871 675 1952 negant
699 1853 1028 1929 indissolubilitatem
1051 1857 1202 1953 coniugii
1219 1883 1256 1930 ex

142 1973 213 2044 iure
239 1987 378 2067 naturae
404 1972 591 2070 provenire.
622 1971 662 2043 m
684 1970 783 2068 longe
806 1971 919 2070 plures
949 1972 1022 2064 (11)
1054 1972 1258 2044 centendunt

140 2113 214 2159 eam
237 2114 276 2159 ex
297 2087 369 2161 solo
396 2088 495 2160 etiam
521 2088 593 2160 iure
617 2087 760 2160 naturali
787 2089 870 2160 satis
898 2086 1049 2186 probari:
1074 2089 1161 2185 13133
1182 2105 1257 2167 sunt

141 2206 244 2302 Lyra,
261 2202 459 2291 dbulensis,
479 2204 594 2289 sotus,
619 2203 856 2289 Commorim,
873 2202 1046 2289 Corduba,
1070 2202 1254 2289 Guttiemz,

141 2320 320 2405 Ledesma,
346 2321 452 2417 Lopez
469 2320 564 2413 (23),
588 2317 725 2417 aliique.

215 2434 285 2506 Hae
303 2436 487 2507 sententiae
505 2434 558 2507 sin
577 2433 749 2507 minusad
774 2434 983 2508 concordiam
1004 2437 1174 2522 revocari,
1198 2434 1260 2508 sai·

142 2568 206 2621 tem
229 2550 400 2623 conciliari
421 2550 655 2650 aliquomodo
681 2568 845 2648 possunt,
873 2551 901 2623 si
929 2568 1083 2624 accurate
1107 2552 1256 2650 primarii

141 2667 224 2739 iuris
246 2683 384 2739 naturae
402 2683 578 2767 praecepta
592 2693 612 2740 a
625 2665 835 2739 secundariis
855 2666 1118 2763 distinguantur,
1141 2692 1259 2766 quem·

141 2782 320 2856 admodum
352 2810 414 2856 nos
441 2785 539 2856 etiam
574 2783 801 2881 praestitimus
835 2783 868 2853 in
903 2784 1013 2881 priore
1047 2783 1151 2855 huius
1185 2782 1258 2855 libri

141 2900 308 2985 sectione,
338 2900 417 2973 dum
444 2899 486 2971 de
508 2899 634 2972 unitate
661 2899 864 2972 matrimonii
897 2898 1154 2972 dissereremus.
1190 2899 1258 2971 Hac

142 3014 359 3087 distinctione
384 3017 514 3114 posita,
549 3016 632 3089 haec
659 3016 758 3088 statui
789 3042 890 3113 posse
914 3014 1258 3112 videntur:1.legem

142 3127 448 3203 indissolubilitatis
473 3155 539 3201 non
567 3130 732 3227 pertinere
757 3128 800 3201 ad
830 3129 991 3228 primaria
1014 3146 1117 3228 atque
1140 3155 1257 3229 esseu-

142 3242 235 3314 tiaiia
261 3261 437 3343 praecepta
463 3262 618 3331 naturae,
648 3272 716 3345 qua
741 3246 960 3318 concessione
985 3244 1116 3344 aliquid
1136 3244 1256 3318 damus

141 3356 208 3443 iis,
230 3359 288 3456 qui
312 3359 512 3432 sententiam
530 3376 706 3455 negantem
726 3375 877 3432 tuentur:
899 3359 984 3431 312.
1006 3356 1167 3432 addimus
1185 3384 1254 3433 eam

217 3590 267 3648 (11)
281 3589 335 3638 Lib.
349 3592 379 3639 il.
392 3589 456 3654 disp.
473 3598 507 3642 13.
522 3592 565 3655 331
579 3592 738 3642 novendecim
751 3606 795 3655 pro
808 3593 853 3642 trac
864 3592 983 3642 sententia
997 3592 1110 3642 auctores
1125 3593 1234 3643 adducit.

218 3672 268 3729 (13)
284 3673 319 3718 De
331 3673 446 3719 matrim.
461 3684 515 3734 cap.
531 3675 573 3721 1v.
588 3685 611 3720 n.
629 3680 651 3722 1.

219 3749 268 3809 (11)
284 3752 373 3799 instit.
387 3750 539 3813 1311333ὸὶ.
556 3754 741 3801 3313333331.
761 3754 787 3801 et
800 3754 870 3814 nent.
894 3754 956 3815 part.
977 3751 1059 3801 11111.
1080 3754 1098 3801 1.
1118 3761 1171 3802 31
1189 3766 1252 3816 3333.

143 3829 183 3876 31ιί
201 3830 283 3890 ptores
297 3830 371 3879 ctiam
387 3832 549 3894 protestantes
564 3846 609 3894 pro
625 3832 710 3882 eadem
723 3834 843 3882 sententia
858 3833 954 3895 aliegat.

218 3910 268 3972 (11)
286 3913 360 3961 Proui
377 3914 477 3961 testatur
496 3927 517 3962 s.
532 3913 671 3976 Alphousns
690 3917 727 3963 Dc
744 3917 861 3964 motrtm.
877 3927 901 3963 n.
918 3921 980 3976 156,
994 3914 1036 3977 331
1048 3927 1139 3977 313333
1156 3927 1252 3966 numero

140 3988 241 4039 adducit
260 3993 371 4040 auctores
391 4005 435 4054 pro
457 3993 502 4041 trac
520 3994 640 4043 sententia
662 3995 875 4044 contrasanciren.
894 3997 937 4045 131
959 4008 1008 4044 non
1030 3994 1130 4046 ridetur
1147 3998 1251 4047 3311333

140 4083 237 4119 cernere
248 4070 286 4119 ius
304 4071 415 4121 naturate
430 4073 513 4122 stricte
533 4076 674 4136 sumptum,
687 4074 831 4137 primarium
842 4078 916 4138 atque
927 4075 1055 4125 essentiale
1072 4076 1249 4126 asecundariot

140 4163 189 4211 333
205 4150 361 4200 distinctione
379 4152 457 4214 tacta,
476 4152 537 4202 torte
559 4152 724 4217 discrepantes
742 4155 876 4205 sententiae
898 4155 1023 4205 conciliari
1045 4159 1165 4223 333333),
1178 4160 1205 4206 31
1220 4154 1248 4203 ri·

140 4229 259 4279 detrimus.

218 4309 268 4369 (11)
285 4309 354 4372 Apud
368 4311 475 4361 sanctim
489 4311 531 4362 tto.
545 4314 576 4362 11.
590 4311 652 4375 disp.
669 4319 704 4363 ta.
719 4325 742 4362 ιι.
755 4317 768 4363 1
782 4326 850 4376 seqq.
