2796 5064
217 349 262 417 w
397 363 1141 420 mmmmmmmmmmmn

217 486 319 575 silio,
351 487 410 587 qui
442 488 478 559 iii
505 485 609 585 epist.
647 486 756 584 prima
790 485 954 560 canoniam
985 484 1029 559 ad
1063 471 1334 585 Amphilochium

216 614 293 679 cun.
313 602 368 675 iv.
384 603 465 676 «De
477 601 652 700 trigamis,
673 602 805 701 inquit,
825 618 859 675 et
877 599 1067 702 polygonis
1085 591 1338 698 definieram-

215 721 300 813 trcs)
321 718 467 792 eundem
494 720 678 807 canonem,
700 719 800 819 quern
826 734 861 791 et
883 717 922 789 dc
948 715 1094 815 digamis
1109 708 1336 819 servata'pm

216 834 388 938 portione}
409 841 536 908 annum
560 834 718 910 videlicet
736 835 770 907 iu
796 834 943 932 digamis
964 835 1081 930 (49).»

291 949 412 1025 Adhuc
427 955 497 1025 eec‘.
519 951 587 1024 vil.
603 968 637 1025 et
652 951 738 1022 vill.
752 949 787 1023 in
806 948 963 1051 capitulis
980 944 1157 1024 theodoro
1174 941 1342 1049 archiepi-

218 1092 321 1168 scopo
338 1067 566 1142 cantuariensi
591 1067 777 1168 adscriptis
803 1061 1017 1141 invenimus:
1042 1097 1061 1136 a
1075 1067 1241 1164 Digamus
1267 1092 1342 1165 poe

218 1181 325 1255 niteat
347 1182 457 1281 primo
474 1208 583 1269 anno,
603 1199 727 1283 quarta
743 1182 827 1257 leria
844 1199 878 1257 et
894 1197 988 1256 sexta
1011 1181 1115 1270 seria,
1136 1199 1171 1256 et
1204 1182 1241 1254 in
1267 1207 1343 1282 qua·

217 1296 422 1395 dragesimis
441 1298 548 1372 tribue
567 1298 735 1372 abstineat
760 1325 799 1377 se
825 1325 846 1371 a
872 1297 1048 1386 carnibus,
1065 1289 1099 1372 et
1122 1314 1339 1398 separetur.»

220 1412 296 1487 Huc
316 1413 444 1514 pariter
459 1414 643 1514 capitulum
657 1416 798 1490 refertur
810 1414 912 1515 paulo
931 1431 1009 1488 ante
1026 1401 1211 1487 adductum
1229 1440 1272 1488 en
1290 1441 1342 1490 eo·

221 1530 297 1604 dem
313 1531 545 1606 Paenitentiali
560 1530 726 1606 Theodori
745 1527 993 1606 cantuariensis
1006 1521 1099 1628 (oo).
1118 1561 1136 1602 n
1157 1530 1254 1604 ldem
1270 1557 1346 1633 con·

221 1645 330 1721 stituit
341 1645 527 1744 Ecgbortus
538 1645 776 1736 ‘eboracensis
792 1649 852 1748 qui
867 1647 1021 1747 bigamos
1041 1647 1084 1721 ad
1104 1646 1345 1721 abstinentiam

223 1786 244 1834 a
268 1760 430 1835 carnibus
456 1760 630 1836 damnavit
651 1762 780 1861 integro
798 1760 888 1838 anno
907 1764 1000 1838 seriis
1018 1765 1072 1836 lll.
1091 1780 1124 1837 et
1140 1763 1196 1835 Vl.
1221 1781 1256 1838 et
1272 1789 1347 1866 spa·

223 1875 270 1954 tio
284 1875 383 1951 trium
399 1877 746 1977 quadragesimarum
761 1879 934 1981 vetuitque
951 1880 1134 1981 quominus
1152 1879 1345 1955 sacerdotes

222 1993 421 2068 assisterent
437 1993 590 2067 convivio
616 1994 826 2093 bigamornm
853 1999 941 2094 (51).
972 2044 976 2050 -

299 2109 441 2207 insuper
452 2107 744 2209 bigamis-passim
763 2111 994 2209 denegabatur
1005 2112 1040 2184 in
1056 2112 1254 2212 nuptiarum
1267 2111 1348 2186 cele·

224 2221 379 2297 bratione
392 2222 582 2299 benedictio
597 2225 839 2314 sacerdotalis,
858 2241 957 2326 prout
971 2219 1106 2303 disertis
1119 2226 1237 2302 verbis
1250 2227 1349 2301 tradit

227 2337 452 2414 adieceritis
464 2339 665 2414 arelatensis
674 2340 805 2416 diceus:
821 2371 838 2411 a
852 2343 916 2429 Qui
928 2334 1064 2417 uxorem
1074 2329 1169 2442 optat
1180 2344 1347 2444 accipere,

226 2448 1349 2558 mwfflmfflmmmmfflfflmmwwfflwd

231 2569 368 2669 nuptias
382 2570 478 2668 virgo
496 2571 552 2643 sit:
568 2572 692 2670 quiesi
708 2598 774 2645 uon
788 2573 899 2659 fucrit,
912 2572 1182 2647 benedictionem
1197 2575 1350 2674 accipere

229 2696 308 2760 oum
330 2691 545 2785 sponsa'sua
574 2712 640 2759 nou
667 2686 848 2759 merebitur
876 2681 1002 2785 (litto
1025 2688 1177 2787 idipsum
1210 2699 1351 2762 testatus

230 2815 329 2875 autea
355 2800 421 2873 iam
449 2799 557 2874 luerat
585 2800 832 2875 Ambrosiaster
855 2803 893 2875 'ut
918 2829 960 2874 ex
988 2800 1102 2875 allatis
1129 2803 1204 2877 eius
1233 2803 1349 2879 verbis

233 2930 383 3004 constet,
408 2915 489 2990 dum
517 2917 553 2988 in
581 2943 645 2990 suo
671 2917 912 2991 commentario
936 2918 1025 2989 ini.
1047 2910 1123 2991 Cor.
1141 2917 1212 2989 Vll.
1234 2907 1253 2988 a
1279 2919 1349 2991 Pri-

233 3057 308 3105 mae
334 3033 492 3132 nuptiec,
517 3033 654 3122 scribit,
686 3032 750 3106 sub
780 3029 1013 3107 benedictione
1044 3033 1105 3106 Dei
1136 3033 1351 3108 celebrantur

231 3145 437 3225 sublimiter:
459 3149 630 3244 secundae
647 3165 759 3221 autem
776 3150 932 3222 etiamin
950 3150 1118 3248 praesenti
1138 3167 1268 3224 carent>
1282 3151 1354 3250 glo·

231 3262 1347 3362 mspwmfflfflmmfflmfflmmmmffidst

305 3530 356 3593 (te)
373 3501 723 3594 annaniaocxxvrn.
737 3535 923 3598 operemur
946 3549 969 3598 p.
991 3539 1045 3586 ατε.

305 3611 356 3672 (to)
373 3610 400 3658 ln
416 3611 553 3674 Spiciiecio
573 3612 736 3662 Docltcm'ano
755 3614 832 3663 Paris.
853 3621 920 3664 1669.
942 3616 1003 3663 torn.
1025 3616 1067 3664 lx,
1086 3627 1140 3664 can.
1158 3617 1224 3666 xlv.
1244 3630 1302 3680 pag.
1317 3620 1354 3668 oi.

234 3690 289 3737 iiuc
309 3688 400 3750 pariter
422 3690 526 3740 refertur
550 3691 685 3755 capitutum
703 3692 776 3756 panio
801 3695 858 3743 ante
883 3693 987 3743 relatum
1012 3706 1042 3743 ex
1067 3693 1154 3744 eodem
1180 3696 1354 3748 poenitentiali

234 3766 358 3817 Theodori
374 3769 560 3820 cantuariensis.

301 3847 351 3909 (51)
367 3845 438 3910 Apud
448 3847 536 3897 David.
550 3848 661 3899 wilkins
672 3849 789 3900 concilia
799 3863 910 3913 maenae
919 3851 1066 3901 Britanniae.
1079 3851 1158 3902 Leod.
1174 3857 1243 3905 1⁷³7.
1259 3856 1320 3905 tem.
1333 3856 1352 3903 l.

233 3941 288 3993 pag.
308 3936 348 3979 tot
365 3942 417 3992 seq.
434 3931 603 3994 Excerption.
620 3933 652 3980 D.
666 3932 790 3994 Ecciertt
810 3931 1146 3983 clermontanum.
1175 3948 1230 3999 pag.
1247 3942 1300 3987 too.
1317 3934 1354 3986 ct.

234 4010 309 4060 etiam
320 4011 467 4061 Paeniteat.
484 4008 544 4060 ibid.
761 4057 764 4065 .

302 4092 351 4154 (52)
365 4094 443 4142 serm.
458 4098 511 4141 289.
522 4092 546 4141 in
558 4091 661 4155 append.
674 4092 713 4142 cd.
722 4095 801 4143 Maur.
809 4107 865 4158 opp*
876 4109 896 4144 s.
904 4094 1032 4158 augustini
1044 4097 1104 4144 torn.
1116 4097 1147 4145 Υ.
1160 4107 1185 4145 n.
1200 4103 1223 4147 o.
1237 4097 1286 4148 col.
1300 4100 1353 4148 itt.

233 4169 259 4220 si
272 4172 355 4221 tamen
367 4170 421 4221 heic
432 4183 512 4221 senno
525 4174 562 4222 cst
573 4171 605 4222 dc
621 4171 738 4236 bigamis,
750 4175 774 4224 et
785 4186 834 4224 non
852 4173 934 4237 potius
950 4172 981 4224 de
998 4173 1029 4225 iis
1046 4174 1089 4237 qni
1104 4176 1161 4226 ante
1177 4175 1280 4240 nundus
1289 4174 1354 4227 adui-

236 4249 342 4301 tarinum
358 4252 532 4302 cominercium
547 4251 696 4304 habuissent.

303 4333 354 4395 (aa)
370 4334 428 4384 Loc.
445 4332 489 4384 cit.
