2796 5064
135 337 203 415 att
278 361 401 413 amur.
420 359 654 415 secu-..mmm-
671 356 1096 413 nationesne-osmer.

129 478 227 554 ltalia
240 477 398 582 nonnulli
412 478 520 553 etium
544 474 701 553 catholici
724 476 907 575 scriptores
928 474 972 553 ad
993 477 1155 550 trntinm
1173 499 1248 548 eam

132 606 348 669 revocarunt·
378 592 448 666 llac
475 591 619 692 ipsade
650 602 762 667 causa
789 591 942 668 ondoum
958 617 1114 666 examen
1142 590 1255 666 denuo

131 708 348 785 instituerunt
366 707 490 783 auditi
507 706 685 792 catholici,
706 707 789 811 qui,
809 706 889 783 deta
909 696 1035 806 opera,
1051 706 1181 782 hoo'd'e
1201 733 1252 780 aa

131 830 292 922 gumiimo'
312 820 531 922 seripserunt,
552 821 750 922 intorques
767 820 1201 916 ominentlturtoralli(t)‚
1223 838 1254 894 ot

138 940 577 1039 lloeluotiriy.(·li)33quornm
596 939 809 1037 potissimum
829 939 972 1035 vestigia
994 938 1196 1037 premimus,
1208 964 1254 1011 sa

137 1055 250 1131 dnlern
271 1056 506 1154 irnpendenrnt'
523 1062 660 1152 operam
682 1055 720 1129 in
742 1055 837 1128 novis
854 1053 961 1127 rhisoe
973 1052 1251 1127 ¹dubitationibus

134 1189 167 1245 et
182 1169 445 1244 difficultatibus
472 1168 656 1243 solvendis.
676 1168 925 1255 His'duoibus-,
946 1167 1047 1242 facile
1071 1168 1173 1242 nobis
1191 1167 1249 1240 erit

135 1292 304 1362 contortas
309 1285 554 1385 violentasque
570 1311 611 1359 ac
628 1284 800 1360 doetrinae
825 1284 1012 1360 catholicae
1033 1284 1249 1359 adversantes

135 1403 361 1502 expositiones
392 1402 667 1475 documentorum
701 1400 912 1500 antiquitatis
948 1415 1120 1487 evertere,
1158 1415 1251 1527 atquo

135 1518 312 1594 osmndere
345 1526 545 1616 perpetuum
578 1526 772 1589 sanctornm
812 1532 945 1616 patrum
981 1539 1190 1588 consensum
1220 1512 1249 1585 in

138 1632 262 1707 tuenda
286 1631 433 1733 perlecta
449 1630 614 1705 firmitate
638 1629 813 1705 christiani
840 1628 989 1726 coniugii
1020 1627 1157 1797 absque
1187 1626 1249 1701 ulla

137 1748 351 1850 exceptione
522 1758 525 1767 '
830 1784 833 1791 ·

211 1860 496 1963 Quandoquidem
520 1876 632 1934 auum
659 1861 751 1936 circa
766 1877 885 1961 patres
908 1858 1082 1958 singulos,
1110 1857 1173 1959 qui
1197 1883 1251 1957 pro

137 1976 323 2052 orthodoxe
347 1975 509 2050 doctrina
525 1973 638 2048 ullerri
664 1990 921 2062 consueverunt,
938 1974 1040 2049 tricas
1064 1971 1247 2048 adversarii

137 2108 297 2180 movent,
330 2091 481 2188 cogimur
515 2089 701 2165 fflsunmis'
715 2089 939 2190 paragraphis
962 2116 1023 2165 eos
1060 2088 1250 2188 singillatim

143 2232 357 2308 percurrere,
379 2223 448 2280 tum
466 2204 604 2280 maioris
621 2204 784 2280 claritatis
808 2205 928 2304 gratia,
950 2216 1020 2280 tum
1038 2214 1076 2279 u't
1093 2206 1131 2279 in
1147 2203 1252 2306 aprico

143 2347 308 2422 ponamus
325 2347 414 2421 quae
431 2320 475 2396 ud
491 2321 756 2422 unumquodque
771 2321 1001 2397 testimonium
1019 2319 1250 2395 infirmandum

140 2438 176 2511 in
202 2437 350 2510 medium
372 2435 473 2510 allata
498 2453 588 2510 sunt.
605 2437 689 2510 Cum
711 2462 810 2538 porro
828 2435 1041 2524 testimonia,
1069 2461 1162 2535 quae
1186 2442 1251 2533 per·

141 2553 251 2626 tinent
273 2552 317 2625 ad
342 2552 451 2652 prima
466 2551 630 2626 ecclesiae
655 2550 781 2639 secula,
803 2552 867 2626 hac
891 2552 927 2625 in
954 2576 991 2625 re
1015 2551 1182 2648 singulari
1209 2549 1250 2620 in·

141 2668 278 2766 digeant
294 2666 550 2767 disquisitione,
572 2666 653 2739 hinc
671 2666 842 2741 distinctis
861 2665 1016 2740 articulis
1035 2666 1133 2766 prius
1163 2664 1249 2737 docu-

144 2800 255 2857 menta
279 2783 430 2883 quinque
458 2781 608 2882 priorum
633 2781 797 2856 ecclesiae
821 2781 1032 2855 saeordorum
1058 2777 1244 2877 singillatim

142 2897 382 2997 expendemus,
398 2897 476 2971 dein
489 2897 691 2971 documenta
703 2898 870 2997 sequioris
884 2897 1003 2971 aetatis
1015 2895 1155 2969 brevius
1171 2915 1246 2966 con·

146 3011 340 3112 plectemur.

217 3265 252 3327 (t)
267 3268 295 3315 tn
312 3277 352 3329 op.
364 3267 458 3317 B‘rrcrt
471 3268 585 3318 corrantt
599 3264 644 3316 sul
658 3266 786 3316 diuortio.
800 3268 877 3317 Roma
895 3270 961 3316 1792.

219 3345 254 3407 (o)
271 3346 299 3395 ln
317 3359 358 3409 op.
370 3346 466 3410 saepius
480 3346 522 3396 cit.
536 3349 572 3398 Dc
582 3344 816 3397 indissolubtlttott
831 3348 995 3396 matrimom't
1006 3356 1061 3406 cap.
1075 3344 1116 3393 lv.
1135 3339 1241 3393 oeteo

147 3420 270 3472 mlestus
286 3421 308 3486 ς.
326 3430 365 3475 tet
390 3436 459 3486 seqq.
