2796 5064
141 348 212 422 stt
285 373 348 423 nu.
364 374 412 424 ιιι.
430 373 517 423 secr.
534 373 665 423 rursm.
683 374 723 423 nr
736 374 850 425 inorsa.
868 374 971 425 urra-
982 373 1110 425 cuursr.

138 517 236 578 sam,
258 490 352 564 nefas
381 515 459 565 esse
479 516 601 564 novum
618 490 868 564 matrimonium
891 489 1115 578 contrahere,
1148 492 1251 590 quom

136 606 228 680 vivat
260 606 312 678 vir
344 605 436 693 eius,
460 620 494 679 et
509 605 690 678 Dominum
714 605 792 679 ideo
817 605 906 679 hanc
936 604 1043 702 legem
1080 605 1250 704 posuisse,

138 734 176 792 ut
199 720 250 792 sic
275 718 425 792 obviaret
456 718 636 792 mulierum
662 718 845 807 lasciuiae,
880 717 963 819 quia
990 720 1055 793 etsi
1090 719 1136 793 ob
1169 720 1254 794 eius-

138 832 230 907 modi
260 833 385 905 crimen
416 832 579 905 dimissae
607 832 750 920 luerint,
779 849 891 906 tamen
912 852 1083 932 nequeant
1108 834 1165 907 alii
1191 836 1255 908 uiro

139 946 277 1034 nubere,
299 973 367 1047 quo
384 947 433 1034 fit,
449 963 486 1020 ut
511 947 605 1046 ipsae
630 947 743 1020 adhuc
767 962 943 1020 teneantur
960 947 1133 1034 maritum,
1156 975 1255 1049 aquo

140 1059 303 1135 dimissae
327 1077 418 1147 sunt,
439 1088 576 1149 amare,
597 1087 673 1134 cum
699 1062 815 1133 eiectae
846 1060 930 1146 licet,
957 1075 1114 1134 moneant
1132 1064 1257 1135 elicim-

144 1177 369 1249 lt'umunores.
482 1191 485 1197 '

212 1291 345 1377 Verum,
363 1291 454 1390 quod
469 1307 569 1390 caput
581 1307 643 1376 est,
661 1290 696 1361 in
713 1315 753 1362 eo
771 1289 899 1362 insistit
914 1289 1133 1363 vehementer
1152 1317 1183 1364 s.
1198 1291 1257 1364 Do·

139 1421 233 1492 otor,
254 1405 345 1504 quod
371 1404 519 1479 abolitus
544 1406 588 1479 sit
612 1431 632 1476 a
657 1403 792 1476 Christo
817 1402 952 1476 libellus
977 1403 1126 1504 repudii.
1158 1407 1251 1479 Porro

140 1536 268 1595 certum
294 1536 357 1608 est,
379 1547 438 1620 per
456 1519 606 1593 libellum
625 1518 756 1620 repudii
774 1517 887 1592 dirimi
905 1521 1127 1593 consuevisse
1145 1521 1256 1594 coniu-

139 1634 246 1733 gium,
275 1660 315 1708 ac
340 1635 388 1709 ita
412 1633 539 1723 dirimi,
566 1651 604 1708 ut
630 1650 747 1733 posset
769 1633 912 1707 dimissa
937 1632 1032 1707 alteri
1059 1635 1256 1733 seiungere

141 1750 275 1825 foedere
300 1749 490 1847 coniugali3
520 1750 549 1822 si
575 1749 678 1848 igitur
703 1751 796 1823 iuxta
821 1776 850 1822 s.
872 1749 1155 1849 chrysostomum
1182 1751 1257 1825 haec

138 1891 277 1941 uxorem
295 1864 504 1953 dimittendi,
525 1891 586 1938 seu
613 1865 737 1938 clarius
764 1865 889 1952 adhuc,
909 1864 995 1938 haec
1012 1865 1059 1939 ita
1072 1864 1249 1939 dirimendi

140 1980 298 2078 coniugia
323 1980 466 2055 facultas
492 2008 552 2080 per
568 1980 740 2054 Christum
759 1980 884 2054 abolita
905 1997 976 2067 est,
996 1997 1115 2080 aperte
1142 2007 1253 2056 eonse-

138 2097 255 2197 quitur
287 2097 490 2172 matrimonii
515 2097 690 2171 christiani
717 2096 889 2171 vinculum
914 2096 1056 2194 iugiter,
1086 2098 1194 2171 etiam
1210 2098 1254 2171 iu·

140 2211 344 2286 tervenianta
369 2211 546 2300 adulterio,
575 2237 801 2310 perseverare.
823 2212 895 2286 Hoc
911 2225 1151 2309 argumentum
1176 2211 1253 2287 vali·

143 2325 224 2398 dius
258 2323 370 2398 adhuc
402 2342 453 2398 est
484 2326 657 2400 adversus
675 2352 756 2414 eos,
783 2327 841 2425 qui
867 2324 1074 2400 contendunt
1098 2353 1120 2401 a
1146 2327 1253 2428 Moyse

144 2466 204 2540 per
228 2439 414 2539 foeditatem
439 2440 594 2513 adulterii
621 2441 784 2537 flagitium
810 2440 917 2513 luisse
942 2441 1185 2538 significatum.

215 2556 282 2628 Nec
308 2555 418 2628 obstat
442 2555 719 2656 Chrysostomum
746 2556 789 2628 de
814 2556 896 2628 viris
923 2571 1052 2628 tautum
1079 2555 1189 2628 luisse
1212 2555 1252 2628 lo

139 2686 266 2757 cutum;
294 2671 461 2771 siquidem
486 2690 611 2744 certum
637 2687 704 2757 est,
733 2672 845 2770 ipsum
871 2671 982 2770 quoad
1008 2671 1063 2742 ius
1091 2671 1253 2743 matrimo

146 2784 236 2858 niale
263 2813 377 2885 parem
403 2804 581 2886 utrumque
607 2787 782 2883 coniugem
808 2786 1000 2883 agnovisse,
1030 2802 1067 2859 ut
1092 2786 1185 2860 inter
1207 2811 1253 2859 ce-

144 2916 215 2974 tera
244 2902 448 3000 patefaciunt
473 2929 560 3003 quae
594 2902 711 2974 scribit
735 2902 834 2974 Hom.
862 2902 949 2972 lllll.
979 2901 1014 2971 in
1039 2900 1067 2971 l.
1100 2901 1167 2975 Cor
1190 2901 1250 2972 Vll.

143 3015 265 3088 «Alibi
283 3036 371 3090 certa
390 3044 546 3114 magnam
565 3017 623 3089 dat
640 3017 761 3089 marito
774 3015 1040 3116 praerogativam
1054 3033 1090 3088 et
1103 3016 1139 3088 in
1160 3042 1248 3101 novo,

138 3132 231 3203 etin
256 3133 358 3205 veteri
376 3134 587 3205 Testamento
611 3132 747 3204 dicens:
764 3131 813 3202 Ad
838 3133 946 3202 virum
972 3146 1063 3201 tuum
1090 3132 1251 3203 mnuersio

143 3259 210 3330 tac,
236 3261 266 3317 et
288 3249 355 3344 ipsc
380 3247 442 3319 ribi
458 3247 689 3320 dominabitur.
712 3246 835 3318 Paulus
854 3271 930 3319 vero
960 3244 1010 3317 sic
1040 3244 1201 3318 dividens
1228 3259 1253 3316 ct

141 3360 305 3433 scribens:
327 3362 406 3445 Viri,
428 3362 556 3460 dt'lipitc
568 3389 697 3446 uxores,
715 3388 801 3434 umor
812 3377 919 3433 cutem
934 3363 1044 3432 timeat
1058 3363 1183 3432 virum.
1200 3360 1253 3432 llio

140 3501 219 3548 vero
236 3502 302 3549 non
320 3475 406 3549 ultra
424 3478 533 3551 maius
552 3478 739 3550 autminus
758 3478 875 3576 ponit;
897 3476 954 3549 sed
983 3501 1087 3547 unam
1111 3491 1250 3576 potesta·

140 3604 219 3660 tem.
246 3588 378 3675 Quare?
396 3591 483 3676 Quia
514 3591 556 3663 de
581 3591 734 3664 castitate
764 3617 874 3664 sermo
903 3591 968 3689 ipsi
1001 3606 1073 3662 erat
1120 3592 1159 3662 ln
1184 3590 1250 3663 aliis

141 3703 277 3802 quidem
304 3706 586 3804 praerogativam,
616 3707 745 3806 inquit,
778 3706 904 3778 habeat
928 3705 1090 3794 maritus,
1122 3706 1181 3778 ubi
1205 3732 1252 3778 au·

142 3835 207 3891 tem
233 3819 276 3893 dc
301 3821 507 3893 continentia
532 3822 655 3918 agitur:
681 3848 746 3894 non
782 3821 874 3893 item.
910 3821 965 3893 Vir
992 3836 1184 3918 potestatem
1206 3818 1251 3891 sui

139 3937 281 4034 corporis
311 3963 374 4006 non
401 3935 517 4019 labet,
541 3962 639 4034 acque
669 3963 765 4008 umor.
794 3936 897 4009 lllulta
918 3953 970 4010 est
994 3936 1196 4035 aequalitas,
1222 3947 1248 4005 et

141 4048 234 4124 nulla
257 4049 487 4150 praerogativa
511 4052 650 4145 (137).n

208 4316 272 4376 (1³7)
289 4318 317 4365 N.
335 4323 354 4364 t.
368 4315 406 4366 ed.
422 4318 499 4366 llaur.
513 4318 571 4365 torn.
586 4317 615 4365 x.
629 4329 684 4379 pag.
698 4323 739 4366 trra
752 4329 804 4378 seq.
