2796 5064
192 388 261 441 etr.
278 386 327 440 ιιι.
344 386 491 444 nsmnsu
510 387 601 438 rnen.
618 387 700 437 crac.
717 387 828 437 rnnrss.
842 387 936 468 narn.
949 387 1020 437 ιιι.
1037 389 1059 438 ι.
1115 368 1183 436 11⁹

74 508 158 580 locro
189 522 319 606 patrem
351 520 382 578 et
413 520 573 588 metm,
611 520 641 578 et
669 504 856 578 adhaerebit
889 506 990 576 cumi
1021 531 1117 591 suae,
1155 523 1185 578 et

70 636 158 694 nunt
193 620 258 694 duo
289 620 346 695 itti
376 646 451 693 coro
483 647 562 693 unc.
604 620 655 693 lta
692 646 768 693 cam
802 621 946 718 primam
976 618 1114 717 legisset
1138 621 1186 695 le-

68 765 164 836 gem,
193 763 296 839 quam
322 736 395 837 ipse
420 734 570 824 dederat,
600 736 793 810 subiunxit:
814 737 1014 834 Itaqueiam
1030 764 1094 808 non
1111 751 1188 809 sunt

69 855 143 927 duo.
175 853 272 940 Quod
295 880 370 951 erqo
396 853 482 924 Deus
507 853 696 935 coniucct't,
723 853 813 923 lomo
838 878 902 922 non
926 867 1063 949 separet.
1083 852 1188 927 »Sub

69 969 168 1043 linem
204 993 284 1041 vern
317 966 470 1040 eiusdem
504 965 626 1066 capitis
662 965 789 1066 prolata
822 965 973 1066 Apostoli
1000 968 1183 1040 sententia:

67 1085 113 1159 lis
138 1099 261 1167 auum,
290 1085 349 1182 qui
369 1083 577 1155 matrimonio
603 1083 708 1154 iuncti
730 1096 805 1153 suot
826 1096 886 1154 etc.
913 1081 1023 1181 pergit
1047 1081 1184 1158 dicens:

69 1200 247 1273 «Tantum
265 1198 373 1285 abest,
392 1214 431 1270 ut
454 1196 630 1298 prohibeat
648 1197 910 1283 matrimonium,
931 1211 969 1269 ut
986 1198 1087 1270 etiam
1107 1224 1187 1272 eum

67 1315 123 1415 qui
141 1312 297 1387 dissoluit
316 1315 434 1410 (tlt),
450 1312 630 1387 dominicis
647 1312 779 1410 legibus
797 1312 965 1385 cohibeat.
988 1315 1059 1385 Non
1078 1314 1182 1398 enim,

67 1456 140 1526 ego,
158 1429 293 1528 inquit,
310 1427 399 1502 hanc
424 1428 534 1526 legem
553 1429 677 1516 scribo,
695 1428 755 1502 sed
780 1429 943 1501 Dominus
956 1429 1061 1515 Deus,
1077 1429 1184 1529 quiin

67 1542 256 1642 evangeliis
280 1543 406 1617 divinis
431 1543 572 1630 adiecit,
597 1558 630 1618 et
659 1570 732 1617 eam
763 1570 851 1644 quae
880 1561 1035 1643 separata
1060 1544 1184 1631 luerit,

67 1660 248 1759 innuptam
273 1684 409 1732 manere
433 1659 547 1748 iussit,
563 1658 628 1733 hac
646 1661 775 1733 ratione
799 1685 922 1757 cogens
942 1659 1050 1732 redire
1067 1659 1111 1732 ad
1135 1658 1188 1731 vi-

68 1801 142 1849 rum
158 1773 301 1869 (116).»
317 1771 448 1858 Quibus
460 1773 572 1847 verbis
594 1800 842 1874 quamcumque
858 1772 1045 1870 coniugalis
1059 1771 1187 1845 vinculi

69 1885 274 1963 solutionem
300 1884 453 1961 absolute
476 1886 636 1961 excludit.

143 2004 183 2073 ln
211 2001 308 2075 tertio
336 2015 447 2088 textu,
476 2027 554 2075 eum
571 2001 692 2075 alferat
717 2003 848 2099 integra
865 2002 1048 2076 Salvatoris
1065 2001 1180 2075 verba:

68 2117 113 2190 dt
129 2117 192 2216 qui
206 2114 377 2189 dimissum
394 2115 539 2201 decerit,
567 2115 744 2202 adulterat·
765 2117 849 2190 satis
875 2116 1034 2201 ostendit,
1055 2141 1093 2189 se
1119 2141 1185 2190 non

70 2231 248 2306 admittere
259 2229 387 2305 vinculi
401 2231 612 2318 solutionem;
626 2231 708 2305 dum
717 2256 795 2305 vero
808 2232 933 2330 profert
944 2232 1047 2305 verba
1057 2231 1127 2304 illa:
1145 2232 1190 2305 ob

71 2344 329 2420 fornicationem
348 2344 434 2418 solui
453 2346 602 2444 oopulmn
619 2345 717 2429 iubet,
737 2362 851 2444 aperte
864 2347 975 2419 innuit
988 2373 1025 2419 se
1037 2346 1131 2447 loqui
1144 2346 1188 2419 de

70 2464 172 2534 unica
184 2485 290 2534 causa
302 2459 486 2534 intrinseca
498 2460 722 2561 separationis
735 2462 847 2560 quoad
862 2478 982 2549 torum;
992 2462 1083 2560 quod
1097 2487 1191 2561 aper-

70 2577 139 2649 tius
162 2589 298 2649 constat
314 2601 355 2649 ex
371 2600 453 2648 voce
476 2576 576 2660 iubet,
597 2602 685 2676 quae
703 2576 831 2649 indicat
847 2577 1097 2673 obligationem,
1120 2602 1189 2676 qua

68 2691 121 2764 vir
139 2706 274 2766 tenetur
290 2690 334 2765 ad
351 2691 584 2765 dimittendam
602 2719 760 2780 uxorem,
781 2719 869 2793 quae
886 2708 1021 2765 maneat
1039 2693 1073 2763 in
1093 2690 1192 2763 adul-

74 2807 175 2894 terio,
196 2832 240 2881 ne
255 2807 330 2880 eius
355 2806 469 2880 delicti
488 2834 525 2881 se
543 2807 739 2908 participem
758 2808 860 2880 faeiat
877 2808 970 2880 iuxta
987 2806 1072 2879 illud
1091 2808 1187 2880 Prov.

71 2920 141 3008 Qui
157 2935 242 2994 tenet
257 2920 441 2995 adulterum
457 2922 576 2995 stultus
593 2937 640 2996 eat
657 2938 688 2994 et
703 2925 835 3021 impius,
857 2923 900 2995 ab
918 2921 1070 3021 antiquis
1089 2946 1193 3019 saepe

71 3035 262 3110 laudatum.

143 3305 213 3367 (tte)
234 3306 287 3355 ttae
301 3306 431 3357 mione
452 3305 544 3356 adnoto
561 3319 694 3370 quamnam
715 3309 859 3371 potestatem
887 3317 961 3355 voces
978 3301 1133 3363 dtsrotcere,
1154 3302 1192 3352 dt·

70 3389 169 3437 aaa·
183 3388 231 3437 ete.
253 3385 359 3437 habeam
380 3399 454 3451 penes
474 3387 597 3450 antiquos.
621 3389 722 3438 certum
737 3387 804 3437 enim
821 3389 858 3437 est
872 3386 913 3435 hic
932 3398 947 3435 a
966 3383 1121 3434 Theodoreto
1140 3395 1193 3434 ver·

71 3465 132 3516 bum
152 3463 305 3528 emotum,
323 3465 401 3529 accipi
420 3467 445 3515 in
465 3479 537 3516 sensu
559 3453 719 3530 separationis
734 3465 853 3529 partialis,
865 3478 907 3516 seu
918 3463 1001 3528 quoad
1014 3467 1095 3513 torum
1114 3465 1139 3513 et
1152 3462 1193 3512 ha·

72 3546 227 3596 citationem.
246 3545 318 3604 Quod
342 3544 444 3609 quidem
462 3544 620 3597 confirmatur
638 3547 687 3597 alio
709 3546 830 3610 exemplo,
848 3561 899 3609 quo
920 3559 992 3596 sensu
1010 3547 1105 3596 veteres
1119 3556 1195 3606 quan·

72 3626 158 3690 doque
175 3639 263 3677 socan
277 3623 421 3676 dtseotvere
440 3625 571 3689 accipiant,
589 3639 638 3675 non
659 3626 690 3676 ad
709 3625 895 3689 significandam
910 3626 1010 3689 plenam
1025 3623 1132 3686 coniugii
1149 3622 1196 3672 dis·

71 3704 233 3768 solutionem,
245 3704 289 3757 sed
298 3704 331 3754 ad
340 3704 469 3769 partialem
485 3706 589 3767 tantum,
600 3705 716 3755 nimirum
728 3720 757 3755 ex
769 3706 879 3769 patribus
888 3705 987 3755 concilii
998 3703 1138 3768 gangrensis
1150 3702 1194 3766 qut

72 3784 230 3849 insynodica
243 3784 316 3847 epist.
327 3797 372 3835 sua
382 3784 528 3834 atunttnxtn
539 3788 645 3835 veterem
665 3786 817 3836 versionem:
827 3807 839 3830 t
850 3784 922 3835 Unde
932 3786 1079 3844 factumest,
1091 3787 1118 3833 ut
1135 3781 1195 3832 rnul-

74 3867 115 3915 tae
128 3864 247 3915 mulieres
260 3863 524 3926 eosnusuttuanos)
547 3867 654 3926 secutae,
675 3865 766 3914 relictis
782 3865 887 3928 propriis
907 3864 975 3924 viris,
993 3866 1017 3913 et
1029 3863 1089 3923 viri,
1112 3861 1194 3911 uxori·

74 3946 120 3995 bus
143 3943 285 4006 destitutis,
307 3943 446 3994 clnculum
471 3944 608 4006 contuente
626 3944 818 4005 dissolverent,
841 3944 1016 3994 coritinentietn
1037 3943 1195 4007 prolitentes,

73 4039 151 4088 quam
166 4037 225 4074 cum
242 4023 347 4074 retinere
366 4037 415 4074 nen
435 4025 547 4087 possent,
568 4023 735 4074 adultertum
757 4024 940 4075 commiserunt.
961 4044 972 4065 »
988 4027 1038 4073 lem
1061 4035 1119 4071 vero
1137 4034 1196 4083 qua·

75 4119 131 4156 narn
147 4104 245 4155 ratione
263 4103 411 4154 adulterium
429 4106 566 4168 perpetrare
587 4105 742 4169 potuissent,
757 4107 777 4154 st
797 4105 886 4169 prioris
897 4105 1003 4166 contrvgit
1017 4103 1125 4153 solutum
1144 4103 1197 4150 erat

72 4186 218 4236 vinculum?
236 4183 392 4234 celebratum
411 4187 448 4235 eet
468 4187 550 4235 autem
564 4184 611 4235 hoc
630 4185 761 4235 concilium
783 4186 848 4234 cirea
863 4198 903 4234 en.
918 4189 971 4234 eat.
985 4181 1192 4244 inPephtagenta.

75 4268 101 4315 tn
118 4266 219 4317 collect.
231 4264 343 4328 ampliss.
352 4263 441 4314 conat.
452 4267 538 4315 venet.
556 4269 623 4315 175³.
634 4267 694 4314 tom.
709 4267 739 4313 u.
751 4265 799 4314 ent.
814 4269 880 4315 1097.

143 4342 468 4407 (mmmmm
