2796 5064
143 360 210 435 tot
285 382 348 433 ιιι.
365 381 412 433 ur.
428 379 517 430 osor.
532 377 665 427 rursm.
683 376 725 431 ιι
735 375 849 426 mnrss.
866 375 963 426 ιιιι.
980 367 1109 427 cnnmr.
1231 368 1234 374 ·

212 499 368 574 Fatemur
399 496 543 597 pariter,
572 495 600 569 si
634 493 746 582 lubet,
774 492 946 567 Christum
971 493 1016 568 de
1048 493 1251 570 matrimonio

139 613 243 689 etiem
269 629 340 687 reto
366 611 515 685 dixisse:
538 609 632 696 Quod
648 609 737 682 ileos
758 610 947 693 coniunxit,
970 609 1065 682 bomo
1085 637 1154 682 noo
1172 636 1252 709 repc-

139 744 210 815 ret‚·
237 754 353 803 rerum
377 725 612 801 contendimus
637 724 703 799 hoc
728 725 763 797 in
788 750 870 798 casu
894 750 961 799 non
988 725 1186 815 bominem,
1205 725 1254 800 sed

139 844 247 919 lleum
263 842 377 943 ipsum
391 867 562 940 separare,
578 840 669 941 quod
687 840 831 940 ipsemet
841 839 1077 914 coniunxerat.
1090 841 1167 916 Hoc
1177 843 1255 915 enin

139 956 207 1033 sibi
224 956 409 1032 reservavit
423 955 467 1028 nd
490 953 749 1055 promovendam
772 952 1001 1051 evangelicam
1022 955 1256 1055 perfectionem

139 1096 242 1173 qoam
267 1071 343 1170 ipse
366 1069 552 1169 proposuit.

214 1187 360 1260 Rursum
383 1202 417 1259 et
441 1184 526 1258 illud
550 1183 637 1260 ultro
662 1182 879 1259 concedimus
898 1184 935 1256 in
950 1185 1175 1261 matrimonio
1188 1201 1257 1260 rato

140 1298 283 1375 alterum
304 1303 481 1397 coniugem
506 1297 602 1372 alteri
628 1296 759 1373 tradere
783 1299 838 1372 sui
863 1299 1014 1399 corporis
1042 1316 1253 1399 potestatem

141 1414 230 1489 banc
253 1415 344 1489 anim
366 1413 597 1515 complectitur
616 1439 801 1488 consensus
823 1427 983 1501 mutuus,
1004 1440 1077 1514 quo
1095 1415 1256 1516 perficitor

141 1529 318 1628 coniugale
343 1528 475 1604 foedus.
496 1528 558 1604 Ast
573 1530 809 1605 contrahentes
827 1529 914 1603 hanc
931 1529 1100 1631 praebent
1121 1547 1255 1631 potesta
1275 1554 1278 1562 ’

142 1661 209 1722 tem
241 1645 406 1720 adnexam
440 1645 617 1746 priuilegio
643 1644 711 1720 sibi
737 1644 899 1719 divinitus
925 1644 1013 1720 lecto
1043 1646 1255 1722 resiliendia

141 1777 333 1850 contractu,
348 1788 491 1863 eamque
503 1760 683 1836 revocandi
701 1759 879 1860 religiosae
891 1760 1112 1861 perfectionis
1125 1760 1253 1847 intuitu,

142 1901 252 1977 ncqm
276 1875 320 1950 ad
345 1875 410 1952 boc
434 1875 589 1974 indigent
610 1875 749 1950 alterius
774 1900 966 1963 consensu,
997 1901 1079 1950 cum
1104 1876 1256 1979 indepen—

141 1988 259 2065 denter
283 1989 327 2064 ab
351 2015 392 2065 co
412 1991 461 2064 uti
481 1989 618 2065 valeant
634 1990 708 2065 iure
724 2016 807 2076 suo,
828 2016 889 2064 seu
906 1990 972 2064 sibi
991 2016 1012 2063 n
1029 1990 1174 2065 Christo
1188 2017 1256 2066 con·

142 2124 251 2181 cesso.
273 2107 361 2180 Dum
385 2105 476 2180 enim
501 2106 569 2207 ipsi
594 2105 814 2193 contremunt,
835 2104 955 2180 eedem
974 2106 1110 2181 ratione
1136 2132 1206 2207 qua
1227 2131 1257 2180 se

141 2219 294 2319 obligant
317 2237 434 2298 mutuo
459 2221 503 2296 ad
527 2247 648 2310 onere,
675 2247 765 2322 quae
789 2219 1024 2295 huiuscemodi
1051 2235 1165 2296 status
1188 2235 1257 2297 sunt

143 2335 298 2434 proprie,
321 2337 371 2411 sic
392 2335 523 2412 iuribus
548 2336 705 2411 omnibus
729 2335 920 2424 donentur,
947 2362 1038 2436 quae
1063 2362 1107 2411 ex
1132 2336 1198 2411 Dei
1211 2359 1257 2410 ro

143 2447 271 2526 lentate
295 2451 405 2526 eidem
431 2451 562 2527 adnexa
587 2468 687 2540 sunt,
708 2453 794 2527 inter
810 2477 898 2553 quae
914 2465 949 2527 et
963 2451 1053 2525 illud
1073 2468 1256 2528 recensetur

143 2591 211 2665 quo
237 2565 280 2640 de
304 2567 450 2665 agimus.

216 2682 379 2768 Quartum
398 2699 632 2780 argumentum
650 2683 737 2757 redit
755 2683 789 2756 in
808 2682 892 2758 illud
909 2683 1001 2784 quod
1019 2684 1125 2760 modo
1142 2710 1256 2784 expcn-

142 2800 276 2886 dimus,
309 2798 461 2897 adeoque
494 2797 613 2871 eedem
644 2800 753 2898 aptari
777 2798 878 2873 debet
902 2800 1097 2898 responsio.
1127 2800 1254 2874 Pactum

141 2916 231 2990 enim
258 2913 408 2989 solemne
434 2939 474 2987 ac
499 2914 648 2988 solemne
671 2930 784 2990 votum
810 2916 956 2988 induunt
979 2931 1140 2988 naturam
1159 2917 1206 2989 rei
1222 2914 1256 2987 de

141 3056 210 3129 que
234 3045 367 3130 pactum
395 3028 519 3115 initur,
543 3045 643 3128 etque
666 3028 834 3103 obiectum
851 3044 903 3101 est
919 3028 1001 3102 voti.
1019 3030 1057 3101 Si
1075 3030 1180 3127 igitur
1196 3056 1256 3102 mn·

142 3145 334 3219 trimonium
365 3159 473 3217 retum
501 3144 565 3217 hoc
590 3143 783 3243 privilegio,
804 3144 847 3216 de
868 3170 936 3243 quo
956 3143 1187 3233 disserimus,
1213 3144 1256 3216 di-

141 3259 269 3332 uinitus
287 3277 422 3334 auctum
443 3276 515 3348 est,
536 3276 628 3362 patet
646 3277 778 3361 pactum
797 3260 947 3334 solemne
963 3260 1109 3334 minime
1132 3261 1256 3336 efficere

141 3371 300 3447 solutioni
328 3401 348 3447 a
372 3375 443 3448 Deo
468 3375 633 3449 decretae.

213 3488 355 3562 Demum
370 3516 436 3562 non
449 3490 632 3564 abnuimus
651 3493 898 3566 matrimonium
917 3506 1026 3565 retum
1044 3518 1127 3566 vere
1144 3508 1178 3567 et
1194 3515 1257 3592 pro

140 3602 213 3703 prie
243 3620 490 3677 sacramentum
516 3632 613 3693 esse,
641 3624 675 3680 et
699 3634 729 3680 s.
750 3607 974 3704 Augustinum
1000 3607 1068 3680 hac
1093 3606 1139 3681 de
1162 3629 1257 3681 causa

140 3719 333 3817 coniugium
368 3719 629 3795 christianorum
657 3748 737 3821 prae
763 3722 883 3796 ceteris
916 3748 993 3796 esse
1023 3720 1258 3798 indissolubile

140 3833 252 3932 quoed
272 3834 443 3908 vinculum
467 3835 636 3909 docuisse.
658 3836 751 3910 llaec
770 3853 882 3911 temen
906 3836 1097 3912 catholicae
1123 3866 1192 3914 non
1215 3835 1258 3911 cl·

141 3947 259 4021 ficiunt
275 3948 460 4023 doctrinae.
478 3952 545 4024 Nec
566 3952 656 4024 enim
679 3952 744 4026 hoc
764 3968 1013 4026 sacramentum
1030 3953 1185 4054 aliquem
1202 3952 1258 4025 im·

141 4063 254 4162 primit
278 4064 526 4153 characterem,
554 4092 664 4167 neque
689 4067 755 4140 tels
779 4083 831 4140 est
855 4081 892 4139 ut
916 4067 1086 4166 suspendi
1112 4085 1172 4142 aut
1194 4064 1255 4141 tolli

139 4177 241 4250 etiam
266 4179 434 4254 interdum
462 4208 528 4256 non
555 4183 663 4282 possit
686 4184 761 4257 eius
785 4183 937 4256 effectus.
954 4183 1005 4255 llx
1022 4208 1066 4258 eo
1083 4183 1176 4286 quod
1193 4207 1257 4256 ma-

143 4293 334 4368 trimonium
354 4296 426 4371 sive
442 4314 551 4371 retum
565 4298 637 4372 siue
650 4313 919 4373 consummatum
937 4298 983 4374 sit
998 4315 1254 4383 sacramentum,
