2796 5064
291 379 360 433 car.
373 377 417 432 vr.
430 378 472 432 na
486 379 563 434 stes.
577 381 672 433 arar.
686 381 774 446 nan,
789 380 854 434 non
867 379 1028 434 consona.
1046 381 1117 433 aar.
1134 381 1169 434 o.
1201 362 1269 435 tos
1303 400 1310 415 ·

155 516 232 574 sent
254 499 537 575 salmanticenses
559 503 657 598 (29),
678 501 765 575 inter
780 527 867 602 quos
890 501 1015 575 eminet
1035 503 1128 575 card.
1146 502 1271 578 Bellor-

154 616 269 691 minus
291 619 380 714 (30);
400 642 441 690 en
453 615 694 690 recentioribus
708 631 881 716 praestant
897 616 1022 691 Ludov.
1034 617 1160 692 Hahert
1174 620 1267 716 (tt),

152 731 285 806 Dronin
306 734 399 829 (32),
420 731 526 808 collat
545 735 641 831 (33),
662 733 870 831 Lagcdemon
892 734 989 831 (34),
1010 733 1147 834 aliique.

224 848 354 921 Horum
372 847 603 947 theologorum
617 849 805 923 sententiae
821 848 1074 924 fundamentum
1092 865 1145 924 est
1157 849 1192 922 in
1212 848 1273 923 du·

151 961 235 1061 plici
260 963 448 1063 principio,
476 964 567 1064 quod
589 990 666 1038 cum
691 990 721 1037 s.
743 963 870 1038 Thomu
888 965 1106 1038 constituunt.
1128 964 1272 1039 Conten-

149 1077 238 1151 dunt
262 1079 377 1178 itaque
401 1080 596 1178 coniugium
623 1096 731 1154 ratum
756 1080 898 1155 dissolvi
923 1106 964 1154 ex
983 1107 1048 1168 eo,
1073 1080 1164 1180 quod
1187 1077 1272 1156 ratio

148 1193 230 1292 ipsa
242 1193 361 1268 doceat
373 1221 507 1294 semper
525 1194 653 1269 licitum
671 1223 747 1270 csse
760 1195 803 1270 de
823 1213 912 1270 statu
932 1196 1045 1269 minus
1063 1196 1208 1296 perlecto
1226 1195 1271 1270 ad

149 1309 381 1409 perfectiorem
411 1311 577 1398 transire,
606 1311 635 1385 si
664 1311 699 1383 id
727 1312 799 1385 lieri
826 1312 935 1413 possit
968 1312 1097 1412 absque
1130 1311 1270 1386 alterius

148 1423 364 1498 detrimento.
384 1426 455 1499 lam
472 1452 552 1501 vero
569 1444 659 1500 statu
677 1428 825 1526 coniugii
844 1428 1020 1526 perfectior
1032 1442 1083 1502 est
1096 1426 1270 1524 religionis

149 1554 280 1628 status3
308 1541 430 1639 poterit
442 1567 521 1640 ergo
534 1540 577 1614 ab
597 1568 665 1616 uno
678 1542 720 1616 ad
735 1542 838 1617 alium
853 1545 1012 1618 transitus
1026 1543 1118 1630 lieri,
1133 1542 1269 1643 qnando

148 1654 185 1727 id
211 1653 274 1728 liat
295 1655 370 1730 sine
396 1655 499 1731 ullius
525 1657 742 1746 detriment03
763 1685 863 1757 porro
881 1659 1010 1732 nullum
1032 1659 1269 1734 detrimentum

149 1769 222 1870 pati
246 1770 305 1870 qui
323 1770 503 1845 derelictus
520 1787 590 1861 est,
610 1772 824 1848 matrimonio
844 1775 994 1848 nondum
1018 1789 1266 1861 consummato,

147 1899 241 1986 patet
265 1910 307 1959 ex
331 1911 371 1960 eo
396 1886 488 1987 quod
509 1886 641 1962 nullum
661 1888 820 1962 afferatur
839 1888 948 1963 soboli
973 1889 1152 1976 damnum,
1180 1913 1269 1987 quae

147 2025 216 2076 non
235 2002 367 2089 existit;
387 2001 519 2076 nullum
536 2004 654 2093 uxori,
670 2029 759 2103 quac
771 2005 866 2102 virgo
880 2019 1070 2104 permanet,
1086 2029 1149 2077 nec
1165 2003 1269 2078 ullam

147 2114 213 2191 hac
230 2117 275 2191 de
295 2142 399 2192 causa
420 2118 594 2192 infamiam
613 2119 723 2208 subit3
752 2119 891 2193 aliunde
907 2120 963 2193 ius
982 2147 1044 2219 par
1059 2135 1112 2194 est
1128 2119 1164 2193 in
1182 2135 1270 2194 utro·

147 2258 238 2333 que3
268 2233 409 2332 proinde
429 2233 514 2307 nulli
541 2235 577 2310 fit
603 2235 668 2312 hoc
691 2235 848 2310 discessu
874 2235 1010 2309 iniuria.

220 2348 378 2423 Secundo
400 2350 566 2423 evincitur
590 2376 631 2424 ex
656 2378 717 2439 co,
746 2352 837 2451 quod
863 2352 1111 2427 matrimonium
1133 2376 1267 2452 semper

145 2463 183 2536 in
209 2463 373 2562 religione
397 2465 614 2540 contrahatur
639 2466 793 2540 subhac
818 2467 981 2568 implicita
1005 2467 1126 2543 saltam
1151 2465 1268 2542 coodi-

144 2579 258 2667 tione‚
279 2580 346 2654 nisi
363 2581 464 2656 velim
481 2597 560 2655 ante
577 2583 900 2656 consummationem
918 2581 1114 2681 religionem
1133 2580 1266 2679 ingredi

141 2720 186 2769 ac
207 2695 377 2795 profiteri,
406 2711 504 2796 prout
528 2695 564 2768 id
590 2697 674 2769 mihi
696 2696 904 2771 conceditur.

218 2811 276 2884 Sic
294 2828 405 2886 autem
426 2812 564 2886 disserit
581 2840 611 2887 s.
633 2813 803 2886 Thomas:
836 2812 949 2884 «Ante
970 2810 1137 2885 carnalem
1162 2836 1266 2910 copu-

141 2924 213 2999 lam
237 2943 290 3000 cst
316 2927 404 3002 inter
432 2928 594 3027 coniuges
621 2944 750 3001 tantum
776 2927 947 3001 vinculum
979 2924 1176 3026 spiritualc3
1204 2926 1265 3000 sed

141 3057 222 3142 post
244 3042 344 3116 etiam
371 3059 424 3117 est
446 3043 534 3118 inter
558 3070 617 3118 eos
639 3044 809 3117 vinculum
836 3043 981 3117 carnale.
1006 3042 1048 3115 Et
1073 3040 1150 3115 ideo
1178 3041 1267 3115 sicut

140 3172 220 3258 post
245 3156 411 3230 carnalem
430 3158 585 3258 copulam
605 3159 856 3234 matrimonium
875 3157 1014 3232 solvitur
1039 3184 1100 3257 per
1125 3172 1265 3231 mortem

140 3270 335 3362 carnalem;
355 3272 402 3347 ita
418 3301 479 3374 per
496 3273 686 3372 ingressum
705 3274 897 3372 religionis,
917 3272 1089 3346 vinculum
1102 3271 1193 3372 qnod
1211 3290 1264 3347 est

138 3403 219 3461 ante
235 3388 403 3462 carnalem
421 3390 576 3489 copulam
594 3390 738 3464 solvitur
758 3419 765 3462 ε
795 3390 877 3490 quia
895 3388 1012 3486 religio
1030 3403 1082 3463 est
1098 3388 1265 3488 quaedam

138 3527 233 3576 mors
247 3503 445 3603 spiritualis,
460 3531 529 3604 qun
542 3504 666 3605 aliquis
681 3503 795 3579 seculo
808 3503 955 3578 moriens
969 3503 1051 3579 vivit
1064 3505 1133 3577 lleo
1145 3506 1261 3601 (35).»

137 3615 231 3691 Alibi
249 3643 328 3693 vero
345 3618 519 3718 angelicus
528 3622 651 3697 Ductor
660 3620 800 3695 alterum
815 3620 1018 3720 principium
1032 3620 1167 3719 attingit
1180 3619 1263 3695 scri-

212 3867 265 3930 (to)
279 3869 362 3920 Tract.
374 3871 418 3920 lx.
433 3871 471 3920 Dc
487 3872 605 3921 motrtm.
619 3883 673 3934 cap.
687 3872 729 3921 lv.
746 3871 837 3933 puncto
851 3871 896 3920 (ΙΙ.
909 3883 934 3920 n.
952 3877 990 3922 ts.

216 3946 268 4010 (30)
284 3948 338 3998 Lib.
351 3950 384 3999 11.
401 3951 438 4000 Da
457 3950 591 4000 macella
602 3963 655 4014 cap.
670 3952 803 4000 xxxvto.
818 3963 845 3999 n.
862 3957 900 4000 16.

212 4028 266 4091 (³1)
281 4031 484 4094 beneolacem.
500 4032 532 4080 11.
546 4030 569 4094 §.
583 4033 638 4081 vlt.
653 4044 717 4094 resp.
733 4037 755 4081 5.

210 4108 264 4172 (³2)
280 4110 319 4158 De
333 4112 414 4159 mota
429 4112 524 4174 quaest.
538 4113 580 4160 tv.
593 4124 647 4174 cap.
661 4111 705 4160 111.
720 4109 744 4174 §.
758 4112 779 4160 1.
793 4110 864 4174 prob.
879 4112 921 4160 lv.

210 4189 263 4252 (to)
280 4191 317 4238 Dc
331 4192 410 4240 matr.
425 4203 479 4254 cap.
492 4192 523 4244 v.
535 4193 596 4241 sect.
610 4192 641 4239 V.
655 4203 680 4241 n.
694 4194 748 4241 ote.

212 4267 266 4331 (st)
282 4270 320 4319 Dc
335 4273 415 4321 otctr.
427 4272 523 4334 quaest.
535 4273 590 4322 vll.
606 4272 653 4321 art.
667 4278 690 4321 t.
707 4271 766 4321 sect.
781 4273 800 4321 1.
814 4270 894 4322 cunct.
905 4277 927 4321 e.

210 4348 265 4412 (tt)
276 4349 369 4416 suppl.
381 4352 487 4416 quaeat..
501 4358 541 4404 ot.
553 4352 600 4404 art.
615 4358 637 4404 2.
653 4351 679 4403 in
690 4364 759 4416 corp.
