2796 5064
244 355 313 424 sit
388 378 449 427 ιιι.
463 378 509 428 ιιι.
528 377 615 428 sacr.
631 379 762 429 surana.
780 379 819 428 ua
838 378 949 429 ιιιιιιι.
967 378 1063 429 uara.
1080 378 1204 429 aanor.

242 510 295 567 sat
312 493 433 580 multu,
455 494 580 593 inquit,
605 495 638 565 in
661 494 808 567 medium
826 494 1029 569 adduximus
1045 497 1161 591 (rsa).
1183 493 1248 566 Alii
1266 511 1351 593 opta

243 626 377 695 verunt,
400 625 436 681 ut
461 633 568 683 canon
594 608 748 682 adulterii
774 609 948 709 speciatim
971 610 1178 684 mentionem
1204 608 1349 694 fecisset,

243 749 311 822 quo
336 723 500 822 probandi
526 724 559 796 vi
585 725 756 822 gauderet.
785 725 944 798 Nonnulli
970 724 1181 824 interpretati
1200 740 1283 798 sunt
1303 751 1354 824 po

243 838 455 912 stulationem
474 838 609 912 concilii
634 839 773 938 delego
798 838 982 940 imperiali,
1007 855 1045 914 ut
1069 866 1110 913 ea
1134 839 1294 914 illicitum
1310 841 1354 913 di-

242 956 404 1040 vortium,
419 955 550 1029 vivente
563 954 668 1029 altero
684 956 841 1053 coniuge,
862 955 1090 1029 declararetur
1123 955 1205 1029 aliis
1232 974 1355 1056 praeter

243 1068 442 1143 adulterium
458 1072 572 1146 causis
591 1071 729 1157 iactum,
752 1071 795 1143 ad
816 1071 943 1145 abusus
963 1072 1219 1170 praecavendos
1245 1075 1352 1169 (itt).

315 1185 375 1258 Ast
391 1212 431 1258 ex
448 1180 503 1259 his
529 1185 634 1284 ipsis,
655 1211 742 1285 quae
767 1185 930 1260 obiiciunt
945 1185 1134 1260 adversarii
1157 1187 1272 1285 magis
1289 1213 1356 1261 con·

244 1302 394 1374 lirmatur
417 1301 470 1374 ris
490 1301 680 1376 documenti
706 1302 795 1401 quod
820 1327 881 1402 pru
905 1301 1069 1376 catholica
1090 1301 1254 1376 doctrina
1269 1303 1355 1375 exhi-

242 1416 299 1490 bet
322 1417 500 1490 concilium
525 1417 768 1491 milevitanum.

316 1533 448 1606 lltenim
474 1549 604 1606 tautum
628 1533 740 1620 abest,
769 1551 806 1607 ut
836 1534 1015 1632 imperator
1030 1533 1278 1607 Constantinus
1300 1534 1355 1606 hac

242 1648 286 1720 de
310 1674 347 1720 re
376 1665 508 1722 centum
539 1648 617 1747 plus
648 1649 761 1722 minus
788 1663 865 1722 ante
890 1674 998 1723 annos
1022 1646 1132 1746 legem
1160 1648 1294 1734 tulerit,
1325 1667 1356 1721 ut

243 1765 356 1862 potius
375 1780 507 1862 praeter
523 1761 680 1836 adulterii
698 1762 823 1836 crimen
843 1761 958 1862 plures
984 1763 1071 1838 alias
1096 1787 1225 1839 causas
1243 1764 1354 1838 iacien-

243 1879 298 1952 dis
315 1879 468 1954 divortiis
486 1881 711 1977 assignaverit
730 1883 843 1976 (itt).
867 1882 933 1954 Lex
950 1906 1041 1967 vero,
1068 1907 1175 1980 quam
1193 1883 1354 1956 launoius

243 1994 497 2069 assonstantino
518 1995 631 2067 datam
651 2010 900 2083 commemorat,
921 2010 973 2069 est
990 1994 1034 2067 de
1053 1994 1122 2069 aliu
1144 2013 1351 2093 argumento,

244 2111 400 2183 nimirum
420 2111 464 2183 de
486 2110 649 2207 gradibus
672 2109 975 2208 consanguinitatis
992 2125 1026 2184 et
1041 2109 1224 2186 affinitatis
1245 2115 1351 2206 (tor),

244 2224 397 2325 adeoque
413 2225 499 2297 nihil
516 2250 691 2298 commune
715 2224 819 2298 habet
835 2250 911 2298 cum
929 2250 987 2313 eo,
1008 2224 1100 2324 quod
1117 2227 1355 2301 constituemur

245 2356 357 2440 patres
382 2340 568 2412 milevitani
592 2366 668 2413 can.
697 2340 818 2427 xvii,
842 2358 876 2415 et
895 2341 1018 2414 nodum
1045 2341 1120 2441 ipso
1145 2343 1266 2437 mirari
1291 2368 1354 2442 pos

245 2459 289 2528 ait
312 2455 355 2527 de
381 2455 436 2527 his
461 2455 631 2555 patribus,
659 2456 749 2555 quod
775 2455 882 2552 legam
903 2457 993 2529 hanc
1017 2482 1084 2529 non
1109 2456 1281 2541 uiderint,
1306 2471 1354 2528 aut

155 2642 160 2651 ,
245 2572 318 2645 cius
344 2572 506 2645 recordati
532 2598 597 2645 non
629 2572 772 2659 luerint,
808 2574 920 2644 mirari
947 2573 1060 2671 potius
1090 2598 1154 2645 nos
1181 2596 1352 2671 possumus

319 2823 384 2883 (ist)
400 2821 462 2871 ibid.
480 2835 535 2885 pag.
553 2828 606 2872 aaa.
619 2823 661 2871 ubi
677 2821 804 2872 contendit
819 2835 839 2871 s.
853 2821 1015 2884 Augustinum
1034 2832 1105 2870 suern
1126 2820 1272 2872 docuinam
1290 2833 1351 2884 quau

244 2900 399 2952 adstruxerat
417 2904 443 2952 in
460 2903 529 2952 tibris
545 2902 577 2952 ed
592 2902 739 2953 Pollentiam
755 2904 799 2952 aut
816 2904 959 2952 retractasse
975 2903 1017 2950 aut
1033 2901 1120 2951 saltem
1138 2902 1299 2952 emollivisse.
1313 2904 1352 2952 uo

244 2981 393 3031 eontrarium
412 2981 577 3041 ostendimus,
597 2994 676 3044 neque
689 2980 798 3044 proiecto
812 2979 931 3030 eiusmodi
947 2979 1144 3030 retractationem
1160 2981 1281 3030 evincunt
1290 2980 1350 3028 verte

245 3062 387 3112 suuncio
406 3075 470 3124 quae
486 3062 527 3111 hic
544 3075 573 3111 ax
594 3061 721 3123 Augustini
745 3060 789 3111 lib.
804 3062 825 3109 i.
844 3063 869 3110 et
882 3062 913 3109 ιι.
936 3060 1048 3109 Retraet.
1067 3072 1083 3108 a
1098 3060 1214 3109 Luuuoio
1240 3060 1350 3110 adducar·

245 3142 297 3190 tur:
312 3145 397 3192 licen
406 3152 514 3206 propter
520 3142 740 3205 fornicationem,
750 3153 819 3206 quoe
829 3144 857 3190 tn
868 3142 968 3205 stupris
978 3139 1288 3202 continetur,dimittere
1300 3151 1351 3188 ars·

245 3232 315 3281 rem,
335 3221 413 3271 nullo
432 3224 549 3286 quaestio
566 3224 612 3271 est.
631 3223 702 3271 Certe
720 3218 750 3269 de
769 3221 816 3269 hoc
833 3219 910 3270 nulla
931 3222 1049 3284 quaestio
1067 3221 1124 3280 rst,·
1145 3220 1186 3270 ast
1202 3218 1351 3284 quaesitost

245 3298 277 3346 rie
292 3300 407 3349 laculmte
421 3299 526 3350 ducendi
536 3301 637 3350 aiteram
656 3312 757 3349 uxorein
774 3301 828 3361 post
847 3298 936 3362 prioris
947 3298 1131 3360 dimissionem
1145 3298 1215 3361 qnod
1227 3299 1352 3349 comtautrt

247 3378 345 3439 negarit
359 3392 381 3428 s.
392 3380 548 3441 Augustinus.

321 3459 387 3518 (tsi)
403 3459 440 3506 ita
456 3460 514 3507 Batz
528 3461 554 3506 et
571 3458 702 3521 Brnuqueil
722 3457 787 3521 apud
807 3457 950 3520 ltoslovtuy
969 3471 992 3520 p.
1005 3464 1057 3508 ιιι.

323 3538 387 3598 (isai
405 3541 440 3586 En
459 3539 534 3600 legem
547 3551 623 3600 quam
640 3538 816 3588 constantinus
836 3537 917 3587 sanxit
932 3550 972 3586 an.
991 3544 1043 3587 ast.
1056 3549 1107 3600 qua
1124 3541 1208 3589 certas
1228 3540 1263 3589 ob
1279 3548 1350 3588 rausa

246 3621 319 3669 liceat
338 3619 434 3669 libellus
450 3618 557 3681 repudii:
579 3639 591 3662 r
603 3621 631 3668 ιιι
644 3619 746 3682 repudio
763 3618 883 3669 mittendo
899 3631 914 3667 a
930 3618 1037 3668 loanim
1054 3618 1116 3668 hacc
1134 3620 1189 3669 sota
1205 3620 1308 3670 crimine
1323 3618 1349 3664 ir·

247 3700 329 3762 quiri,
343 3701 364 3750 si
378 3699 540 3758 homicidam,
558 3698 595 3747 rel
606 3699 862 3760 medicamentarium,
881 3699 920 3748 vel
930 3698 1115 3762 sepulchrorum
1126 3697 1301 3751 dissolutorem
1311 3709 1349 3746 mr·

248 3781 322 3829 ritum
340 3792 411 3829 suum
433 3792 484 3828 esse
495 3778 648 3841 probaverit,
670 3780 698 3828 ut
711 3780 745 3828 ita
762 3777 862 3828 demum
878 3777 977 3828 laudata
996 3791 1094 3827 ornnem
1115 3791 1187 3829 suam
1208 3779 1290 3831 domm
1304 3777 1349 3827 rari·

224 3861 230 3874 '
246 3861 298 3922 piat
310 3862 367 3909 ...lu
378 3859 492 3909 masculis
501 3859 596 3909 etiamsi
613 3859 740 3921 repudium
752 3860 865 3920 mittunt,
884 3860 944 3908 naec
964 3858 1010 3908 tria
1019 3859 1126 3908 crimina
1136 3860 1228 3923 inquiri
1240 3858 1346 3912 aaran

248 3942 268 3988 si
286 3940 431 3997 moecham,
450 3940 487 3988 vei
500 3939 755 3997 medicamentariam,
775 3940 813 3988 rei
825 3938 1015 3989 conciliatricem
1033 3938 1164 4002 repudiare
1183 3940 1315 3990 voluerit.»
1328 3938 1348 3983 Ιι

246 4020 301 4069 cod.
312 4019 433 4071 Theodos.
447 4017 490 4068 lib.
502 4021 546 4068 iti.
563 4019 601 4068 tit.
614 4021 678 4067 λιιι.
693 4021 730 4067 De
747 4017 865 4081 repudtir
880 4032 937 4068 cum
955 4020 1088 4068 comment.
1112 4020 1132 4068 ι.
1145 4020 1288 4070 Gotholrcd.
1299 4021 1346 4075 ιιι·

247 4099 306 4147 duni
324 4107 389 4149 1665.
405 4103 465 4147 torn.
482 4101 501 4147 i.
520 4112 574 4161 pag.
593 4106 650 4148 tto.

322 4181 387 4238 (ιιι)
403 4182 466 4229 saue
481 4179 605 4228 launoius
625 4179 687 4227 hanc
708 4179 784 4242 legem
795 4178 913 4229 retulerat
930 4180 955 4229 iu
973 4181 993 4228 i.
1006 4183 1068 4242 part.
1085 4180 1124 4230 sui
1135 4182 1257 4232 tractatura
1272 4182 1305 4229 Dc
1317 4186 1344 4224 rt·

247 4259 291 4317 piu
300 4260 348 4304 etr.
366 4260 458 4306 artiii.
470 4265 550 4321 capt.
562 4262 673 4320 pacior.
681 4258 752 4314 Quod
767 4259 788 4306 si
800 4258 876 4319 legem
891 4259 965 4308 etiam
976 4260 1130 4310 ciimtantini
1147 4263 1187 4311 Dr
1198 4260 1344 4312 dicetur

248 4336 304 4385 tulit
322 4339 384 4398 part.
400 4339 442 4386 ιιι.
456 4350 510 4400 pag.
525 4343 579 4388 stt.
592 4337 617 4386 iu
628 4335 704 4386 alium
716 4337 788 4388 tinem
805 4337 830 4386 id
850 4338 979 4402 praestitit.
