2796 5064
139 225 210 297 stt
283 247 345 300 un.
362 247 411 299 ιιι.
427 246 514 299 sscr.
532 247 662 299 rursm.
679 245 719 298 nt
735 245 848 299 rnnns.
865 245 962 299 narn.
978 244 1106 300 cnam.

139 367 223 440 adeo
249 367 284 439 in
301 365 435 441 duobus
452 366 525 439 suis
550 367 593 438 ad
620 365 818 440 Pollentinm
840 364 936 440 libris
960 367 1165 440 contrariam
1181 390 1248 441 sen·

139 483 276 556 tentiam
298 480 510 555 convellsrat.

211 595 383 669 Absonum
399 596 534 668 demum
551 610 604 670 est
619 621 771 670 asserere
787 595 1047 696 postulationem
1065 594 1201 670 concilii
1216 583 1253 667 de

140 708 213 807 lege
238 709 402 809 imperiali
428 735 468 783 eo
494 725 684 808 spectasse,
706 728 743 782 ut
766 710 839 807 lege
858 708 1090 783 declararetur
1106 708 1253 783 illicitum

139 851 214 898 esse
240 825 441 914 divortium,
469 826 612 923 coniuge
637 824 748 899 adhuc
772 825 922 914 vivente;
951 826 1053 926 quasi
1079 850 1203 924 nempe
1218 824 1255 898 ab

139 940 469 1040 actisimperatorum
482 941 760 1039 penderetbonae
772 955 831 1014 aut
843 941 952 1014 malae
964 939 1111 1014 actionis
1125 957 1252 1026 namra,

139 1071 241 1153 atque
264 1055 308 1128 ab
333 1055 498 1156 imperiali
523 1056 752 1130 declaratione
776 1081 831 1129 res
857 1054 974 1154 aliqua
999 1053 1097 1128 licita
1121 1070 1182 1128 aut
1198 1054 1255 1126 illi·

138 1172 206 1244 cita
230 1171 440 1245 decernenda
465 1171 559 1245 soret.
590 1174 691 1245 Porro
716 1171 781 1244 hoc
806 1172 841 1242 in
866 1186 1013 1244 mentem
1043 1170 1166 1243 venire
1195 1195 1255 1243 non

139 1302 268 1386 poterat
291 1285 506 1385 praesulibus
532 1286 756 1372 milevitanis,
785 1285 844 1385 qui
871 1285 963 1357 iuxta
988 1284 1215 1382 coangelicam
1229 1299 1255 1356 et

138 1402 351 1498 apostolicum
359 1400 570 1498 disciplinam
578 1415 761 1473 sanxerunt
775 1423 884 1497 neque
892 1397 1076 1470 dimissum
1086 1395 1132 1470 ab
1145 1422 1252 1481 uxore,

140 1542 250 1615 neque
273 1516 451 1589 dimissam
477 1541 498 1588 a
523 1515 644 1589 marito
668 1514 764 1589 alteri
789 1513 948 1610 coniungi
974 1538 1100 1611 posse,
1131 1513 1193 1586 sed
1217 1513 1254 1585 itu

140 1655 292 1715 manere,
316 1646 373 1703 aut
390 1627 527 1703 sibimet
543 1627 760 1702 reconciliare
776 1626 909 1700 debere.
928 1624 1062 1712 Quibus
1080 1625 1197 1700 verbis
1214 1625 1254 1698 al·

140 1747 261 1820 ludunt
274 1747 316 1819 ad
331 1749 366 1817 1.
388 1745 463 1820 Cor.
484 1746 553 1816 Vll.
573 1748 631 1816 11.
654 1747 771 1845 ltaque
784 1744 1021 1817 unicaetrera
1036 1768 1148 1817 causa
1160 1768 1253 1842 qnare

139 1878 251 1961 patres
264 1862 371 1960 legem
389 1861 483 1933 illam
495 1860 738 1958 efflagitarunt,
754 1859 1001 1959 petieruntque,
1023 1856 1090 1932 suit
1107 1857 1154 1931 ad
1171 1883 1252 1932 cun·

141 1976 360 2050 muniendum
374 1976 549 2050 sanctione
566 1975 732 2074 imperiali
750 1973 840 2074 quod
859 1971 1037 2047 aconcilio
1056 1973 1153 2047 iuxta
1164 1999 1251 2047 euan-

140 2091 282 2188 gelicam
295 2107 328 2165 et
340 2091 557 2190 apostolicam
570 2090 785 2190 disciplinam
799 2089 1018 2164 constitutum
1030 2087 1157 2177 luerat,
1168 2089 1251 2163 adeo

140 2232 207 2306 que
231 2207 275 2280 ad
301 2205 453 2281 eiusdem
472 2207 664 2283 conciliatis
690 2206 875 2284 sanctionis
900 2205 1148 2280 executionem.

602 2442 639 2537 q.
667 2439 778 2511 xxiv.

147 2681 355 2731 Documentnrnm
376 2692 390 2729 e
406 2679 491 2742 primis
506 2679 616 2741 quinque
630 2677 750 2728 ecclesiae
762 2677 851 2731 emulis
867 2677 898 2728 de
910 2676 1133 2730 indissolubilltate
1148 2675 1242 2740 coniugii

256 2760 280 2807 in
297 2770 371 2808 causa
383 2757 518 2820 adulterii,
536 2760 561 2808 et
577 2755 749 2808 difficultatum
772 2769 836 2819 quat
854 2762 1012 2821 opponuntur
1027 2759 1152 2822 aptensis,

215 3016 443 3089 Percurrimus
469 3013 632 3088 hactenus
653 3014 769 3088 maiori
796 3041 863 3115 qua
883 3040 943 3115 per
968 3041 1030 3089 nos
1058 3018 1135 3093 fieri
1154 3017 1248 3119 potuit

142 3128 316 3224 diligentia
334 3131 484 3229 quinque
506 3131 655 3230 priorum
681 3130 869 3205 seculorum
892 3147 1024 3231 patrum
1050 3149 1087 3206 et
1105 3134 1248 3209 concilio

142 3270 213 3315 rum
241 3245 455 3330 testimonia,
484 3245 761 3344 singulorumque
794 3245 959 3345 analysim
986 3246 1199 3322 instituimus
1222 3261 1250 3319 ut

140 3357 321 3455 genuinam
348 3358 498 3456 ipsorum
520 3376 665 3433 mentem
690 3385 958 3458 assequeremur.
987 3362 1088 3435 Nunc
1114 3375 1251 3461 praestat

142 3473 175 3543 in
202 3498 306 3544 unum
323 3471 481 3568 colligere
502 3499 542 3546 ca
566 3475 698 3561 omnia,
719 3501 808 3574 quae
830 3476 1016 3570 praemissa
1038 3495 1142 3565 sunt,
1163 3495 1250 3577 atque

140 3589 256 3661 critica
277 3587 372 3680 laneo
390 3588 529 3676 librare,
555 3606 592 3663 ut
618 3590 696 3662 inde
720 3616 820 3665 verus
845 3590 1070 3665 traditionalis
1097 3592 1250 3666 ecclesiae

141 3729 262 3776 sensus
288 3704 322 3775 in
349 3703 412 3777 hac
437 3702 521 3776 adeo
546 3704 670 3800 agitata
691 3705 888 3804 quaestione
906 3721 1081 3805 appareat.
1104 3705 1202 3792 Quod
1218 3728 1249 3778 eo

140 3817 301 3891 libentius
321 3834 548 3916 praestamus,
569 3817 660 3915 quod
677 3834 784 3892 aetate
809 3818 873 3891 hac
893 3836 1008 3893 nostra
1025 3818 1167 3894 liberior
1183 3845 1249 3893 sen·

139 3933 241 4004 tioudi
256 3933 445 4032 agendique
459 3933 541 4006 ratio
560 3932 649 4006 circa
663 3934 868 4007 matrimonii
888 3933 1149 4009 dissolutionem
1162 3935 1249 4029 longe

141 4047 274 4147 lateque
298 4074 338 4121 ex
363 4048 618 4146 protestantium
645 4049 839 4147 praesertim
866 4073 970 4148 prava
995 4049 1061 4124 hac
1087 4051 1123 4123 iu
1149 4076 1185 4123 ro
1201 4047 1248 4119 do

140 4162 245 4235 ctrina
270 4178 302 4235 et
327 4162 500 4262 exemplo,
528 4163 738 4238 dillundatur
761 4180 794 4238 et
815 4164 1010 4240 invalescat.
1033 4165 1127 4240 Adeo
1144 4184 1180 4240 ut
1196 4187 1246 4235 nec
