2796 5064
150 369 194 437 2d
319 394 378 440 tiu.
401 394 447 441 lll.
471 394 555 442 SECT·
580 396 600 442 Ι.
625 396 661 442 ΒΕ
681 397 774 443 lldl’ll.
792 396 913 445 enatat.
932 397 1075 446 Untrtt'e.

148 508 371 580 adulterinum
395 511 584 606 coniugium
608 511 712 608 prolis
739 512 864 584 honore
888 513 1045 608 dignatus
1063 515 1172 587 luerit.
1194 515 1257 588 Sed

149 624 193 694 ita
229 625 392 696 interdum
419 625 589 699 beneficiis
616 643 719 699 certat
745 655 819 699 cum
847 628 1019 701 hominum
1047 629 1198 716 malitia,
1225 648 1257 703 et

150 738 305 834 indignos
327 767 388 812 sua
410 741 516 837 gratia
543 743 933 841 prosequitur....Paulo
956 760 1033 816 ante
1054 745 1164 817 lloses
1183 772 1260 817 uxo

149 879 218 924 rom
240 854 370 928 vocarit
392 855 488 928 Bilha
513 884 599 956 quae
624 875 734 929 tamen
751 857 860 955 pellem
873 858 939 930 dici
954 859 1143 931 merebatur
1159 862 1257 954 (ldpr

149 985 181 1040 et
207 971 252 1041 ita
278 997 388 1070 porro.
412 972 571 1071 Adeoque
606 973 696 1044 iuxta
722 972 896 1045 Calvinum
924 974 1023 1071 primi
1049 975 1260 1074 patriarchae

151 1082 266 1181 populi
281 1085 362 1171 Dei,
392 1086 449 1185 qui
476 1086 560 1158 adeo
586 1086 678 1159 chari
705 1087 775 1159 Deo
801 1087 934 1159 luerunt
951 1087 985 1158 in
1005 1103 1164 1186 perpetuo
1182 1113 1260 1161 cou-

150 1198 301 1273 tubernio
314 1225 354 1272 ac
366 1201 585 1274 fornicatione
603 1228 663 1274 seu
682 1200 846 1274 adulterio
862 1202 986 1274 versati
1008 1202 1169 1288 luissent,
1190 1230 1262 1300 gra·

150 1314 367 1413 vissimisque
392 1313 621 1388 habitualibus
646 1318 742 1389 noxis
769 1342 808 1392 se¹
831 1316 1150 1401 commaculassent,
1180 1319 1261 1417 quin

151 1447 260 1501 tamen
288 1432 357 1504 Deo
387 1433 514 1530 accepti
541 1459 617 1505 esse
642 1433 834 1504 desiissent.
866 1432 975 1504 lloses
1000 1432 1080 1503 dum
1107 1433 1261 1505 Rachelis

151 1544 307 1618 ancillam
335 1547 433 1619 lacob
465 1574 598 1619 uxorem
622 1549 781 1633 vocavit,
816 1547 955 1646 turpiter
985 1564 1154 1634 errasset,
1187 1574 1260 1620 cum

151 1660 304 1758 pellicem
331 1661 442 1734 dicere
466 1688 540 1733 eam
566 1661 749 1735 debuisset.
766 1663 839 1733 Huc
858 1661 1011 1760 perducit
1028 1678 1176 1762 systema
1194 1665 1262 1761 spi-

152 1776 236 1849 ritus
263 1776 382 1875 privati
408 1778 443 1848 iu
468 1772 711 1875 scripturarum
739 1777 1028 1873 interpretatione,
1056 1793 1156 1875 atque
1183 1779 1263 1849 anti-

151 1892 297 1990 cipatum
324 1891 485 1965 iudicium
503 1894 590 1988 (lt).

225 2010 341 2107 ltaque
367 2035 409 2080 ne
434 2009 468 2079 in
495 2009 659 2081 eiusmodi
689 2010 878 2082 incidamus
905 2008 1073 2094 absurda,
1102 2009 1265 2080 fateamur

152 2149 290 2196 necesse
308 2140 359 2196 est
371 2125 476 2196 Deum
494 2150 596 2224 posse
613 2124 661 2196 illi
680 2125 744 2222 legi
763 2126 923 2221 derogare
941 2150 1001 2197 seu
1014 2122 1057 2195 ab
1069 2150 1109 2196 ea
1126 2124 1265 2222 dispen-

152 2264 249 2324 sare,
277 2239 367 2337 quod
394 2239 540 2338 prolecto
567 2267 633 2312 non
659 2256 796 2340 posset,
826 2241 855 2313 si
881 2240 1073 2340 polygamia
1105 2239 1190 2312 loret
1215 2240 1266 2310 in·

154 2357 297 2428 trinseoe
319 2381 379 2426 seu
398 2372 517 2428 natura
535 2383 597 2429 sua
614 2355 714 2429 mala.
733 2357 901 2453 Distingui
929 2356 1030 2452 igitur
1055 2355 1179 2428 debent
1199 2356 1266 2428 duo

153 2490 404 2572 praeceptorum
431 2473 631 2545 naturalium
650 2500 792 2570 genera,
814 2500 953 2573 quorum
977 2472 1116 2545 alterum
1136 2489 1268 2545 constat

153 2615 193 2660 ex
220 2588 468 2661 universalibus
486 2606 520 2661 et
533 2590 835 2676 communissimis,
857 2614 944 2688 quae
962 2605 1041 2662 sunt
1057 2586 1158 2660 veluti
1176 2588 1268 2685 prin·

153 2705 241 2805 cipia
261 2706 368 2803 prima
387 2705 469 2776 iuris
488 2722 647 2790 naturae;
676 2703 816 2777 alterum
843 2705 1055 2778 constituitur
1074 2730 1114 2775 ex
1132 2702 1267 2776 conclu-

154 2821 329 2906 sionibus,
349 2848 436 2920 quae
461 2848 501 2893 ex
528 2821 645 2919 primis
671 2819 740 2893 illis
767 2820 945 2919 principiis
972 2819 1177 2891 derivantur.
1197 2820 1267 2890 lam

153 2964 232 3010 vero
250 2938 417 3037 principia
434 2936 493 3010 illa
510 2938 620 3036 prima
639 2963 678 3010 ac
696 2937 986 3010 universalissima
1004 2951 1036 3007 et
1053 2935 1096 3007 ab
1110 2933 1267 3007 omnibus

154 3054 305 3125 admissa
325 3054 533 3127 rectitudinis
546 3081 707 3128 ¹normam
726 3080 765 3126 ac
791 3052 939 3149 regulam
966 3052 1013 3123 ita
1037 3040 1264 3133 constituunt,

155 3187 191 3240 ut
215 3168 306 3241 nullo
332 3195 491 3267 umquam
514 3171 547 3240 in
569 3195 651 3242 casu
669 3170 702 3240 in
722 3170 765 3240 iis
784 3168 973 3265 dispensari
995 3166 1124 3264 possit;
1150 3190 1267 3237 secun·

154 3284 249 3356 daria
271 3298 397 3370 autem,
418 3309 505 3381 quae
523 3310 641 3383 nempe
659 3309 698 3355 ex
718 3281 836 3380 primis
855 3279 922 3353 illis
940 3280 1169 3363 deducuntur,
1189 3276 1267 3384 licet

157 3397 302 3494 regulam
339 3399 546 3470 rectitudinis
580 3398 790 3482 contineant,
820 3423 887 3469 non
912 3397 958 3468 ita
983 3410 1062 3468 sunt
1087 3394 1203 3478 firma,
1232 3410 1269 3463 ut

134 3514 293 3585 'mutatis
327 3539 457 3598 rerum,
495 3530 679 3613 temporum
712 3538 752 3584 ac
777 3536 995 3611 personarum
1029 3508 1198 3580 adiunctis
1232 3507 1267 3577 in

158 3628 201 3699 iis
227 3628 416 3727 dispensari
444 3653 509 3701 non
536 3627 644 3725 possit
669 3653 708 3699 ac
733 3652 774 3698 ea
799 3625 941 3709 mutari,
971 3649 1036 3696 non
1061 3621 1199 3720 quidem
1225 3618 1268 3692 ab

158 3742 371 3830 hominibus,
397 3744 456 3816 sed
479 3770 498 3815 a
519 3744 588 3815 Deo
613 3741 697 3839 legis
723 3758 861 3813 naturae
880 3756 1025 3811 auctore.
1048 3737 1095 3807 dd
1124 3736 1265 3834 primum

229 3951 278 4009 (te)
296 3948 357 3997 tbld.
369 3949 394 3997 in
405 3963 458 4012 cap.
472 3951 557 3998 xxiv.
569 3950 593 3997 et
605 3950 680 3997 xxx.
695 3950 782 3996 Gener.

231 4028 280 4090 (tt)
297 4031 332 4075 De
350 4027 487 4090 polygamla
506 4027 699 4090 patriarcharum
715 4021 1266 4080 crmattn.retroirieroarerrmzirrumpi.

156 4123 209 4160 sec.
218 4123 273 4171 pag.
282 4107 472 4169 resseqqeuit.
482 4106 612 4157 seldenum
624 4106 647 4154 in
658 4108 722 4155 orus
733 4119 756 4168 p.
765 4109 818 4155 tto.
831 4106 955 4165 Vesperrrs
964 4104 1144 4164 orontnounus
1152 4112 1206 4162 pag.
1217 4103 1266 4147 trs.

158 4194 182 4239 et
197 4197 247 4240 159.
260 4189 348 4238 Patrio.
361 4187 454 4250 Delong
466 4187 490 4235 in
504 4185 586 4235 libello
598 4185 692 4246 anglice
704 4184 769 4233 odito
781 4198 821 4233 on.
838 4187 904 4233 17³7.
915 4185 940 4232 et
951 4194 1035 4230 roruso
1047 4193 1087 4229 an.
1101 4183 1168 4230 1739.
1181 4178 1266 4228 cuittt.

161 4269 313 4333 defectione
335 4280 405 4330 upon
427 4266 565 4330 polypomy
581 4265 636 4316 end
653 4265 696 4314 tlte
712 4266 927 4327 onrourrrqement
945 4264 1020 4323 otveri
1036 4263 1061 4309 to
1079 4259 1136 4309 that
1154 4260 1270 4322 practice

161 4353 186 4399 tri
199 4350 240 4400 thr
250 4350 393 4411 rcrtplrtres
407 4345 439 4406 os
449 4346 491 4397 the
502 4345 547 4396 old
560 4348 707 4396 testament.
