2796 5064
254 393 324 443 cnr.
339 392 384 442 ιι.
401 392 441 442 na
455 391 534 442 nrss.
546 390 642 442 uara.
653 392 736 455 narr,
749 391 813 443 uon
826 393 987 445 consultu.
1000 394 1072 444 aar.
1083 393 1131 446 ιιι.
1187 375 1256 446 tto

137 508 276 609 ligitur,
301 508 393 608 quod
418 507 574 608 loquatur
599 507 641 582 de
666 535 707 582 eo
731 509 823 610 quod
848 511 1041 610 contingere
1064 515 1254 603 consuevit,

137 653 209 702 non
226 641 339 700 autem
358 624 401 699 de
418 652 501 699 casu
520 625 762 725 exceptionali‚
783 627 973 703 cuiusmodi
991 643 1042 702 est
1063 629 1257 728 coniugium

137 757 250 816 ratium
276 755 312 815 et
335 766 402 814 non
427 756 713 829 consummatum,
735 740 903 841 siquidem
932 768 1071 818 necesse
1095 760 1254 833 nonest,

135 873 176 931 ut
202 883 279 930 cum
305 856 497 955 coniugium
516 873 625 930 ratum
647 855 843 931 dissolvitur
869 856 1042 955 religionis
1063 884 1180 948 causa,
1199 859 1258 960 qui

136 989 254 1047 manet
279 973 314 1045 in
339 972 455 1046 seculo
479 972 719 1047 continentiam
744 971 955 1072 profiteatur,
976 989 1014 1046 ut
1029 973 1101 1047 vult
1117 974 1260 1074 Eegber·

137 1104 213 1175 tus,
242 1087 303 1160 sed
336 1101 445 1187 potest
477 1087 582 1160 alium
608 1086 674 1161 sibi
707 1087 884 1185 coniugem
913 1087 1018 1162 libere
1047 1115 1254 1190 comparare.

137 1202 184 1276 Ut
207 1201 359 1276 omittam
385 1217 501 1276 notum
529 1201 676 1301 prolecto
702 1203 809 1276 luisse
838 1203 998 1303 episcopo
1029 1202 1255 1296 eboracensi,

136 1317 232 1418 quod
259 1316 382 1392 lactum
409 1317 517 1392 luerat
541 1318 656 1392 seculo
678 1319 734 1392 vix
762 1334 913 1393 anteacto
938 1319 982 1392 ab
1011 1319 1151 1418 angliae
1181 1346 1259 1420 rege

135 1432 299 1530 Ecglrido
320 1437 409 1530 (tt).

214 1548 313 1636 Quod
328 1549 358 1623 si
372 1551 555 1650 episcopus
563 1552 761 1625 veronensis
770 1550 813 1624 de
821 1577 888 1651 quo
903 1577 1013 1626 sermo
1023 1567 1075 1626 est
1086 1552 1120 1624 in
1135 1578 1209 1652 cap.
1220 1555 1255 1626 Ἰ.

135 1667 196 1740 Ec
217 1664 368 1765 publico,
390 1665 429 1739 de
452 1693 594 1740 convers.
617 1670 783 1766 coniupot.
804 1668 1148 1743 excommunicatione
1172 1669 1260 1743 mul·

138 1782 224 1856 tavit
253 1781 460 1880 coniugem,
492 1808 582 1883 quae
607 1782 755 1857 nondum
785 1799 1017 1857 consummato
1046 1783 1259 1858 matrimonio

136 1896 337 1996 religionem
355 1897 488 1995 ingredi
510 1899 746 1987 constituerat,
767 1925 828 1999 per
844 1899 1065 1998 ignorantiam
1084 1899 1120 1972 id
1137 1900 1260 1974 iecisse

136 2011 306 2087 dicendus
331 2028 402 2101 est,
432 2013 574 2114 eiusque
599 2014 799 2088 sententiam
825 2013 1015 2089 Alexander
1036 2015 1096 2089 lll.
1118 2015 1262 2090 irritavit

135 2127 343 2201 contrarium
369 2128 527 2202 sanciens
547 2131 637 2225 (80).
659 2128 788 2203 Exinde
806 2145 898 2229 patet
917 2128 1002 2201 nihil
1021 2130 1093 2204 siae
1114 2155 1155 2203 ex
1172 2130 1261 2204 Scri-

138 2256 241 2342 ptura
266 2243 339 2317 sire
361 2269 403 2317 ex
429 2243 610 2318 traditione
634 2245 760 2344 opponi
788 2270 910 2346 posse,
939 2246 1030 2347 quod
1060 2245 1260 2320 catholicam

134 2354 327 2431 doctrinam
354 2357 513 2433 infirmet.

213 2470 391 2572 Reliquum
417 2473 520 2572 igitur
543 2490 597 2551 est
620 2491 658 2548 ut
681 2501 723 2550 ea
747 2475 989 2564 dissolvamus,
1010 2501 1100 2575 quae
1117 2475 1261 2575 pseude-

135 2586 351 2663 blaldonatus
370 2614 445 2663 cum
463 2588 540 2662 aliis
559 2589 736 2664 catholicis
753 2589 913 2690 opposuit
929 2589 1128 2690 deprompta
1142 2616 1182 2663 ex
1201 2615 1262 2664 na·

136 2721 217 2778 tura
240 2703 349 2805 ipsius
375 2704 578 2778 matrimonii
605 2732 645 2779 ac
663 2705 884 2793 sacramenti,
904 2704 1031 2805 quibus
1050 2704 1260 2778 adnectimus

136 2845 230 2920 quae
253 2845 294 2892 cx
319 2820 440 2894 iisdem
466 2818 615 2893 lontibus
642 2847 663 2893 a
688 2821 906 2895 novatoribus
932 2835 1161 2895 arcessuntur.

215 2934 331 3035 ltaque
354 2936 570 3010 verissimum
595 2964 672 3012 esse
698 2937 841 3010 latemur
870 2936 1120 3011 matrimonium
1153 2949 1260 3008 ratum

136 3079 160 3126 a
185 3068 420 3125 consummato
445 3067 566 3125 notura
592 3079 658 3126 non
684 3053 841 3139 differre;
863 3070 897 3127 at
922 3081 962 3127 ex
979 3052 1097 3126 divina
1118 3050 1263 3151 disposi-

137 3168 232 3242 tione
255 3167 417 3242 disleruut
440 3169 552 3268 quoad
578 3169 726 3268 effectos.
747 3169 923 3268 Siquidem
952 3167 1147 3264 coniugium
1178 3165 1284 3243 fide-7

135 3283 222 3356 lium
239 3301 507 3358 consummatum
528 3285 575 3357 ita
593 3283 829 3358 indissolubile
845 3300 915 3372 est,
935 3300 973 3357 ut
989 3282 1083 3356 nullo
1100 3308 1262 3383 umquam

136 3401 174 3472 iu
194 3424 275 3473 casu
294 3400 368 3473 eius
389 3399 559 3473 vinculum
582 3400 736 3499 abrumpi
755 3401 878 3501 possit,
899 3399 1063 3500 quamdiu
1081 3399 1167 3473 alter
1182 3426 1264 3474 con·

136 3515 256 3612 iugum
279 3515 314 3586 in
334 3515 421 3589 vivis
439 3531 502 3588 est.
519 3515 641 3589 Contra
658 3541 738 3589 vero
756 3515 1006 3588 matrimonium
1025 3531 1134 3589 ratum
1152 3515 1262 3587 locum

137 3628 279 3730 praebet
303 3630 540 3714 dissolutioni,
566 3631 612 3703 ita
637 3631 708 3705 Deo
732 3630 885 3719 volente,
907 3631 949 3704 ed
968 3631 1148 3732 perfectius
1166 3628 1263 3701 insti-

136 3760 249 3818 tutum
274 3744 536 3819 consectandum
566 3746 600 3817 in
627 3746 769 3820 solemni
805 3746 983 3844 religiosae
1012 3747 1102 3821 vitae
1135 3742 1263 3842 proles-

136 3861 250 3935 sione.
280 3859 379 3947 Quod
403 3859 560 3961 quidem,
582 3876 618 3933 ut
636 3861 792 3961 superius
818 3863 1059 3963 exposuimus,
1081 3860 1125 3932 ab
1142 3857 1264 3933 extrin-

135 4002 219 4052 seco
243 3977 421 4078 provenit,
450 4003 511 4051 seu
537 4004 558 4050 a
580 3977 753 4052 voluntate
777 3978 906 4053 divina.

211 4191 265 4255 (79)
279 4192 311 4244 at
321 4191 369 4244 boc
382 4193 409 4244 in
419 4193 549 4258 hypothesi
559 4193 591 4245 de
600 4193 705 4259 genuina
715 4194 862 4247 collectione
874 4206 1011 4258 οιιιοιιιιιιι,
1020 4203 1086 4256 quae
1094 4189 1143 4242 nub
1152 4189 1264 4255 Eegbertl

134 4271 294 4324 ὠοιιωιιιίι
304 4272 404 4323 nomine
413 4273 601 4324 circumfertur:
615 4286 673 4326 narn
684 4275 709 4326 et
719 4273 766 4326 boc
777 4287 844 4326 nunc
852 4286 868 4325 ι
877 4272 969 4325 criticis
984 4274 1094 4336 negetur.

146 4373 151 4381 ‚
213 4347 266 4413 (ιιι)
277 4349 331 4402 ιιι).
343 4351 387 4401 111.
397 4350 528 4403 Decretct.
540 4351 581 4403 ut.
596 4357 635 4404 ta.
