2796 5064
235 276 304 350 est
377 296 747 350 anniuersarium.
769 295 809 349 ιιι
826 294 938 350 ruens.
959 294 1056 349 mm.
1074 295 1203 350 emur.

233 417 361 504 faveat,
390 431 428 490 ut
452 416 564 517 potius
587 414 687 515 longa
709 414 899 491 seculorum
916 417 1004 491 serie
1021 415 1067 489 ab
1084 431 1198 489 aetate
1220 431 1346 516 aposta

234 531 301 607 lica
326 531 498 632 perpetuis
524 529 737 605 documentis
761 547 891 606 constet
915 530 1078 605 ecclesiae
1103 530 1293 604 doctrinam
1318 547 1348 605 et

236 647 365 748 praxim
391 672 469 721 esse
493 645 542 718 illi
569 647 755 720 sententiae
779 672 919 746 prorsus
941 647 1160 720 contrariam.

309 763 372 836 His
403 762 632 852 documentis,
667 763 714 836 uti
741 791 781 836 ex
808 764 961 837 instituta
992 763 1109 836 critica
1138 790 1261 837 eorum
1289 764 1352 838 dis

236 880 395 954 cessione
421 894 539 978 patet,
559 905 626 952 non
652 877 746 952 aliud
771 879 954 953 adversarii
982 905 1155 979 opponere
1180 895 1350 980 potuemnt

116 1035 119 1044 ·
236 1021 339 1095 quam
366 993 570 1094 sophisticas
595 994 850 1082 cavillationes,
870 1010 972 1096 atque
988 995 1109 1082 etiam,
1130 1009 1172 1068 ut
1187 994 1347 1080 vidimus,

237 1109 404 1185 violentas
429 1109 599 1183 interdurn
624 1125 658 1183 et
681 1109 848 1183 absurdas
874 1108 1189 1207 interpretationes,
1223 1134 1350 1209 quaea

237 1225 408 1298 communi
435 1250 540 1298 sensu
565 1221 758 1298 abhorrent.
780 1223 829 1296 Ex
854 1223 1094 1297 medicantem
1113 1249 1201 1298 aevo
1223 1222 1351 1322 college

239 1354 318 1411 runt
341 1337 409 1413 huc
428 1337 576 1439 illucque
592 1352 757 1439 quotquot
775 1353 954 1437 potuerunt
970 1338 1176 1412 documenta
1193 1354 1233 1411 ut
1248 1338 1348 1412 lucum

239 1453 406 1552 imperitis
423 1453 589 1540 lacerent3
610 1451 670 1525 sed
688 1478 776 1552 quae
794 1453 857 1526 rite
874 1478 1041 1553 perpensa
1057 1450 1350 1552 deprehenduntur

241 1570 431 1656 antidea,
460 1587 519 1644 aut
547 1570 662 1647 critice
686 1568 809 1654 dubia;
841 1585 943 1670 atque
971 1569 1142 1666 exegetice
1171 1570 1348 1643 examinata

242 1711 380 1761 sensum
406 1685 568 1773 fundunt,
597 1685 655 1788 qui
682 1711 757 1759 cum
783 1681 950 1758 catholica
973 1684 1115 1758 veritate
1132 1686 1289 1785 apprime
1309 1709 1348 1758 eo

243 1798 386 1887 haeret,
421 1825 577 1902 quaeque
606 1799 642 1872 id
667 1798 759 1900 quod
789 1797 973 1872 adversarii
1002 1798 1215 1872 contendunt
1244 1799 1284 1872 de
1311 1798 1348 1871 la-

243 1913 368 1988 cultata
393 1914 513 1989 iterum
540 1914 689 1989 nubendi
715 1929 792 2016 post
816 1913 994 1992 dimissam
1015 1913 1207 1989 adulteram
1230 1931 1287 1989 aut
1307 1913 1348 1985 di·

244 2029 388 2102 missum
408 2030 613 2118 adulterum,
642 2028 835 2104 nullatenus
859 2029 1014 2129 probant.

317 2142 366 2217 Ac
392 2171 429 2218 re
454 2170 536 2219 sane
559 2171 660 2232 vera,
690 2145 720 2219 si
746 2144 824 2218 talis
842 2144 963 2219 luisset
982 2170 1106 2218 sensus
1124 2158 1198 2218 tum
1218 2162 1348 2218 tertuum

234 2256 425 2344 Matthaei,
455 2275 525 2332 tum
551 2258 693 2359 apostoli
720 2257 834 2344 Pauli,
855 2257 989 2360 qualern
1008 2258 1065 2333 isti
1087 2259 1312 2346 contendunt;
1326 2256 1348 2329 si

247 2370 325 2445 talis
350 2372 536 2446 exstitisset
561 2372 696 2447 traditio
714 2400 734 2447 a
752 2371 904 2472 patribus
930 2388 1087 2473 accepta,
1109 2390 1144 2446 et
1162 2401 1225 2474 per
1245 2397 1350 2447 manus

246 2486 446 2575 decurrens,
477 2488 510 2559 in
539 2516 573 2562 re
597 2514 686 2588 quac
710 2488 795 2561 adeo
814 2488 987 2561 hominum
1005 2488 1186 2588 cupiditati
1209 2515 1250 2562 ac
1271 2488 1351 2559 liber·

246 2604 306 2677 tati
334 2603 438 2691 lavet,
467 2620 501 2678 et
526 2605 559 2674 in
578 2629 680 2702 quam
699 2603 782 2677 adeo
802 2602 966 2702 proclives
984 2604 1018 2676 in
1038 2619 1086 2677 tot
1108 2632 1223 2677 rerum
1248 2605 1351 2678 adiun-

249 2719 313 2793 ctis
340 2718 476 2817 plurimi
504 2719 733 2818 reperiuntur;
756 2719 790 2790 in
810 2747 845 2792 re
862 2719 915 2791 cui
943 2718 1033 2816 leges
1059 2717 1179 2792 civiles
1205 2747 1266 2793 seu
1284 2717 1352 2817 poli·

248 2833 353 2921 ticac,
382 2847 420 2907 ut
444 2834 581 2934 saepius
607 2833 780 2908 innuimus
813 2835 915 2908 immo
944 2849 977 2907 at
1006 2833 1249 2933 patefecimus,
1276 2830 1351 2906 baud

249 2974 368 3048 parum
395 2948 570 3036 favebant,
600 2949 660 3049 qul
685 2949 756 3021 fieri
783 2950 966 3049 potuisset,
1000 2966 1037 3022 ut
1066 2977 1135 3022 non
1167 2949 1353 3024 haberemus

251 3063 361 3162 potius
387 3064 587 3137 contrariam
614 3065 814 3138 sententiam
839 3080 872 3137 et
899 3065 1027 3164 praxim
1053 3064 1176 3165 pleno,
1198 3082 1236 3139 ut
1253 3068 1294 3138 ita
1314 3064 1354 3135 di-

251 3201 346 3262 cam,
376 3193 477 3277 atque
500 3179 682 3250 exundanti
709 3179 804 3253 alveo
833 3208 894 3279 per
922 3179 1037 3253 secula
1067 3180 1207 3277 singula
1236 3180 1278 3253 ad
1306 3203 1355 3250 nos

252 3318 362 3390 usquo
380 3290 637 3367 decurrentem?
654 3295 689 3367 Si
709 3322 774 3368 non
800 3295 866 3368 alia
891 3295 1062 3370 doctrinae
1080 3295 1270 3370 catholicae
1290 3321 1355 3392 sup

253 3421 403 3506 poterent
427 3406 642 3495 documenta,
672 3410 723 3482 vel
751 3411 862 3509 ipsum
882 3409 990 3482 solum
1009 3411 1135 3483 lactum
1155 3411 1256 3487 nobis
1278 3435 1356 3513 prae·

252 3519 346 3593 beret
371 3521 445 3594 eius
472 3521 685 3597 ineluctabile
702 3541 947 3622 argumentum.

325 3636 384 3709 Vix
417 3639 506 3710 enim
540 3640 626 3713 inter
656 3642 760 3714 seculi
791 3642 873 3713 xvi.
896 3659 1071 3715 novatores
1104 3643 1262 3718 doctrina
1289 3644 1356 3715 haec

254 3751 458 3840 obtinuerat,
480 3771 516 3826 ut
533 3754 624 3829 illico
642 3758 754 3855 praxis
772 3756 1008 3830 dissolutionis
1022 3757 1066 3830 ob
1081 3758 1285 3834 adulterium
1297 3782 1357 3831 con·

256 3868 421 3964 iugiorum
442 3868 539 3967 longe
558 3869 690 3970 lateque
711 3898 814 3970 penes
834 3872 926 3970 ipsos
943 3871 1069 3945 dillusa
1088 3873 1151 3947 sit:
1175 3877 1209 3948 in
1229 3875 1358 3947 tribuna·

258 3980 347 4057 libus
365 3985 437 4058 sive
454 3985 693 4077 ecclesiasticis
712 3987 783 4060 sive
801 3988 956 4061 civilibus
970 4015 990 4061 a
1003 3989 1179 4066 iudicibus
1192 3990 1356 4093 quotannis

259 4097 453 4173 innumerae
471 4127 575 4199 prope
592 4101 635 4173 de
652 4101 806 4175 divortiis
830 4102 893 4175 hac
919 4104 961 4176 de
988 4130 1092 4178 causa
1112 4106 1357 4206 pronunciantur

258 4214 453 4287 sententiae.
484 4216 576 4289 ldem
603 4216 724 4289 diedo
751 4219 897 4315 graecis,
927 4245 1031 4317 penes
1061 4247 1151 4320 quos
1178 4222 1221 4296 ab
1246 4220 1355 4318 aliquot
