2796 5064
140 357 210 430 stt
282 377 344 430 ern.
360 375 408 429 ur.
425 372 511 428 scor.
528 373 658 427 mrem.
673 374 713 426 nr
727 373 839 427 morse.
854 375 951 427 unm.
966 361 1094 429 unnmr.

139 496 291 572 mulieris
307 495 463 570 virosi.»
487 494 557 567 iam
574 518 654 567 vero
677 518 843 593 quaenam
858 491 911 565 lex
927 493 1039 568 extitit
1060 492 1240 593 praeterci-

138 611 260 698 uilem,
288 635 376 708 quae
400 635 466 683 non
499 608 704 708 permitteret
726 607 859 680 mulieri
883 608 975 707 quod
1010 607 1097 682 viris
1121 610 1241 708 permit-

139 726 230 801 tebet
256 724 382 822 (tini
403 724 552 798 Profecto
578 724 733 797 Christus
759 723 861 796 liare.
890 723 932 794 X.
960 724 997 795 in
1032 725 1107 823 pari
1137 725 1241 797 condi·

139 842 231 917 tione
254 841 426 915 constituit
442 856 512 915 tum
537 841 645 914 uirum
663 856 733 913 tum
760 838 952 926 mulierem,
973 856 1075 939 prout
1098 841 1241 940 aequalia

139 955 214 1031 iure
230 955 364 1055 utrique
382 953 498 1028 tribuit
515 953 549 1026 in
562 954 721 1051 coniugio
733 952 914 1053 Apostolus
932 953 1058 1028 1.(101.
1075 954 1148 1026 vii.
1166 956 1200 1026 3.
1213 956 1238 1024 i.

139 1068 234 1144 Hane
259 1067 564 1168 interpretationem
583 1067 736 1167 pluribus
761 1067 905 1141 adstruit
929 1066 1087 1141 eruditus
1112 1068 1163 1141 vir
1179 1068 1241 1140 Fer

140 1183 311 1259 dinendus
335 1183 379 1257 de
403 1182 563 1257 Mendozu
579 1183 692 1279 (122).
710 1181 785 1268 Qua
801 1181 930 1281 posita,
949 1182 1061 1256 omnis
1085 1181 1241 1256 evanescit

140 1293 333 1370 difficultas.

625 1509 662 1608 p.
691 1510 774 1582 xiv.

589 1715 625 1764 De
639 1727 660 1762 ι.
672 1713 816 1778 Epiphanio.

214 1873 300 1948 Dum
314 1887 561 1973 oppugnatores
580 1869 765 1945 catholicae
779 1852 951 1945 doctiinae
966 1871 1011 1944 de
1027 1896 1059 1944 s.
1073 1870 1241 1972 Epiphanii

142 1987 338 2063 auctoritate
366 1987 534 2074 exultent,
564 1985 655 2084 quod
674 1984 809 2058 tandem
841 1983 1025 2085 aliquando
1054 2001 1242 2061 assertorem

141 2125 225 2175 suae
243 2101 428 2175 sententiae
451 2099 541 2174 nacti
561 2100 697 2187 inerint,
717 2126 784 2173 non
810 2101 908 2198 pauci
932 2099 1092 2175 catholici
1117 2103 1244 2202 scripto

142 2240 198 2288 res
221 2230 280 2288 aut
300 2215 446 2289 fatentur
468 2229 585 2315 operte
604 2240 682 2288 eum
708 2214 772 2286 hac
789 2213 825 2286 in
851 2241 886 2288 re
910 2216 1100 2289 averitatis
1127 2217 1245 2290 tramite

141 2326 348 2416 declinasse,
370 2345 429 2403 aut
452 2327 572 2405 seitem
597 2343 789 2429 corruptum
806 2354 883 2403 esse
904 2345 1048 2418 textum,
1071 2331 1133 2431 qui
1154 2357 1194 2406 ex
1214 2353 1245 2403 eo

142 2443 293 2518 ailertur.
319 2442 440 2518 Verum
469 2470 531 2518 nec
556 2443 682 2517 habent
706 2441 754 2516 illi
781 2444 915 2544 dequo
938 2442 1091 2518 exultent
1122 2446 1246 2545 sibique

142 2558 378 2649 blandiantur,
406 2585 467 2633 nec
489 2559 545 2634 isti
571 2586 640 2660 quo
661 2585 691 2633 s.
721 2559 852 2632 Patrem
879 2558 1024 2634 debeant
1050 2561 1245 2635 adversariis

141 2673 277 2762 cedere,
293 2689 351 2749 aut
368 2690 557 2775 corruptum
583 2700 660 2749 esse
689 2690 814 2749 textum
843 2675 988 2748 causari.
1006 2674 1108 2761 Quod
1120 2693 1160 2750 ut
1170 2677 1246 2751 erin

143 2815 274 2878 cemus,
303 2791 399 2890 prius
419 2791 511 2864 iuxta
537 2789 730 2864 methodum
755 2815 858 2891 quam
884 2791 1049 2865 hactenus
1071 2793 1244 2875 tenuimus,

141 2905 309 3002 integrum
326 2906 400 2980 eius
418 2921 540 2980 tentum
561 2930 766 3005 promemus,
787 2905 909 2979 deinde
925 2905 1085 3007 analysin
1107 2908 1245 2982 eiusdem

142 3020 374 3109 instituemus,
402 3038 438 3095 ut
462 3021 627 3095 sinceram
649 3021 723 3094 eius
753 3019 937 3095 doctrinam
959 3046 1035 3095 cum
1063 3023 1244 3121 evangelice

143 3151 175 3208 et
199 3135 385 3236 apostolica
409 3137 545 3211 omnino
570 3137 759 3210 consentire
784 3135 1015 3210 ostendamus.

217 3360 282 3421 (121)
295 3359 362 3410 ‘reiis
389 3363 442 3412 eret
462 3363 500 3412 iex
520 3361 612 3421 Iulio,
633 3372 696 3424 quae
715 3361 754 3411 ius
781 3358 911 3410 accusandi
932 3371 1024 3409 uxores
1042 3358 1188 3421 adulteres,
1205 3372 1243 3410 etr

142 3451 191 3502 qne
205 3437 344 3491 dimittendi
367 3441 461 3491 maritis
483 3441 622 3502 concessit,
640 3440 759 3490 uxoribus
780 3453 838 3490 vero
856 3439 987 3489 accusandi
1009 3440 1114 3491 meritos
1134 3440 1244 3491 adulteret

144 3518 303 3582 introgerit,
319 3522 348 3569 ut
370 3519 528 3584 imperotores
545 3523 650 3571 Severus
666 3521 692 3570 et
707 3517 844 3570 Antoninus
864 3518 1040 3583 rescripserunt
1057 3519 1090 3571 sd
1111 3520 1243 3572 cmisnnu

143 3597 184 3660 (in
200 3598 226 3649 ir.
241 3600 258 3649 1.
276 3613 299 3649 c.
310 3600 341 3649 sd
360 3601 438 3663 legem
457 3601 544 3651 iulium
555 3604 593 3651 De
603 3600 707 3661 adult.)
718 3620 730 3644 r
744 3600 845 3651 Publico
857 3598 958 3662 iudicio,
970 3598 1098 3663 inquiunt,
1110 3614 1160 3651 non
1173 3588 1246 3650 mnae

142 3678 258 3730 mulieres
275 3679 391 3731 adulterii
409 3681 586 3744 emanationes,
603 3680 717 3744 quamvis
737 3680 769 3731 de
787 3679 943 3731 matrimonio
954 3692 999 3730 suo
1011 3679 1107 3730 violato
1119 3681 1203 3745 quaeri
1215 3691 1244 3727 re

144 3755 199 3819 ilnt,
220 3757 259 3807 lex
274 3757 337 3808 iulis
356 3758 474 3820 declaret,
493 3771 558 3822 quse
575 3772 632 3808 cum
648 3759 765 3810 musculis
788 3758 842 3808 iure
863 3757 944 3808 meriti
964 3757 1099 3808 amonuit
1118 3758 1246 3808 tumultuin

142 3834 279 3901 detulisset,
290 3850 339 3888 non
354 3837 420 3888 idem
440 3838 554 3888 loominis
575 3838 730 3902 privilegium
747 3836 868 3888 detulit.»

211 3917 277 3979 (122)
291 3921 330 3968 De
346 3917 456 3969 concilio
469 3917 634 3970 illiberitano
645 3917 825 3982 confimondo
835 3916 872 3969 od
880 3917 1031 3968 clementum
1046 3919 1116 3969 viii.
1134 3918 1190 3970 111111
1199 3920 1245 3968 tre

144 3996 188 4048 lib.
204 3997 409 4049 1111111111.
429 4012 484 4062 cap.
503 4001 556 4051 xx.
575 3999 604 4049 in
615 3998 723 4050 collect.
740 4010 813 4048 ntus.
826 4010 898 4050 cone.
909 3997 1014 4061 hispan.
1024 3997 1096 4049 card.
1110 4001 1147 4050 De
1157 3997 1244 4061 Aguirrt

146 4076 206 4125 tom.
224 4077 244 4126 1.
261 4088 316 4139 pig.
335 4082 467 4140 1191111111.

215 4157 317 4206 Necesse
338 4155 440 4219 proinde
454 4160 553 4208 nonest
573 4161 602 4208 ut
619 4171 676 4208 cnm
696 4157 822 4219 Gratiano,
842 4158 913 4207 Petro
930 4155 1091 4220 Lombtrdo,
1113 4154 1244 4208 suumin

144 4231 249 4295 aliisque
268 4246 422 4286 recurramus
442 4237 475 4286 nd
498 4237 571 4287 huius
598 4238 682 4288 textus
699 4235 906 4298 depravationem.
927 4235 977 4299 ipsi
998 4235 1066 4287 enim
1090 4250 1134 4300 pro
1152 4233 1243 4299 genuino

144 4322 166 4359 1.
183 4311 303 4363 Ambrosii
323 4314 388 4364 foetu
405 4315 449 4365 iios
468 4316 656 4365 commentarios
675 4314 820 4366 habuerunt.
