2796 5064
157 397 228 447 car.
244 394 291 447 ur.
307 395 723 460 nrn1ss.uurr.nan‚non
739 396 901 449 corsuna.
912 397 984 449 ιιι.
1001 398 1050 450 ιιι.
1105 377 1173 450 tot

56 516 304 589 Armentarium
330 529 363 586 et
388 514 582 603 Paulinam,
612 516 669 588 ubi
698 516 943 590 Armentarium
967 515 1018 589 ad⁴
1038 542 1177 618 servam

56 632 139 704 dum
171 630 395 705 continentiae
423 646 538 702 votum
570 656 638 730 quo
669 658 707 705 se
735 631 960 705 obstrinxerat
992 630 1173 719 hortatur,

55 761 147 820 vetat
171 761 284 818 autem
303 743 386 817 illud
405 748 551 832 servare,
573 745 602 818 si
620 746 694 821 eius
710 773 796 819 uxor
813 773 913 820 suum
931 774 999 821 nou
1017 747 1178 847 praebeat

56 887 256 947 assensum,
284 859 469 932 adiiciens:
490 861 605 932 «Nam
629 877 663 933 et
684 860 838 933 vovenda
863 860 944 934 talia
969 889 1038 935 non
1059 871 1175 935 sunta

55 975 267 1071 coniugatis,
287 973 354 1046 nisi
381 1002 421 1047 ex
442 1000 610 1048 censensu
635 990 667 1049 et
691 975 862 1049 voluntate
886 976 1129 1049 communibit
1146 975 1178 1050 si

56 1095 285 1190 praepropere
314 1087 438 1161 sactum
465 1089 583 1175 suerit,
611 1090 721 1186 magis
745 1104 797 1162 est
820 1089 1019 1187 corrigenda
1044 1090 1179 1165 temeri-

56 1221 129 1291 tas,
165 1229 268 1304 quam
300 1202 524 1301 persolvenda
558 1203 742 1302 promissio
771 1205 885 1297 (85).»
906 1203 1030 1277 Eadem
1056 1203 1179 1303 repetit

56 1346 89 1394 s.
104 1320 204 1391 Pater
228 1318 264 1389 in
287 1317 388 1416 e'pist.
404 1317 447 1390 ad
465 1317 636 1392 Ecdiciam
658 1320 747 1414 (86);
766 1335 836 1392 tum
853 1344 895 1391 ex
912 1344 941 1394 s.
960 1317 1116 1415 Gregorio
1129 1317 1174 1390 Μ.

55 1436 92 1507 in
118 1434 177 1507 cit.
200 1432 344 1532 epistola
372 1431 415 1505 ad
440 1433 689 1520 Theoctistam,
722 1448 824 1532 atque
849 1459 890 1507 ex
914 1446 943 1508 s.
964 1433 1090 1509 Basilio
1119 1432 1178 1532 qui

55 1550 231 1623 disserens
248 1550 292 1621 de
309 1547 527 1622 admittendis
541 1548 584 1623 ad
599 1549 819 1650 profitendam
836 1550 939 1624 vitam
958 1576 1077 1623 monaz-
1127 1575 1178 1623 sm

57 1667 108 1739 ita
133 1665 271 1738 scribit:
291 1664 431 1764 «Atque
448 1665 472 1736 ii
491 1665 590 1738 etiam
609 1666 668 1765 qui
687 1666 902 1740 matrimonio
926 1665 1114 1752 coniuncti,
1135 1663 1179 1738 ad

56 1779 255 1855 huiusmodi
281 1779 371 1853 vitae
394 1806 502 1876 genus
535 1780 719 1867 accedunt,
756 1779 982 1878 interrogandi
1009 1796 1107 1867 sunt,
1134 1806 1180 1854 co

55 1910 170 1970 mutuo
186 1921 342 1968 concensu
362 1894 398 1968 id
415 1896 560 1995 efficiant
576 1922 616 1969 ex
629 1894 780 1995 Apostoli
800 1912 989 1996 praecepto.
1005 1895 1110 1980 Nam,
1127 1896 1181 1967 in·

56 2011 153 2113 quit,
173 2013 228 2084 sui
242 2012 386 2109 corporis
399 2025 589 2108 potestatem
606 2038 670 2084 neo
688 2012 794 2097 babet,
816 2012 934 2112 sieque
950 2011 1009 2110 qui
1028 2009 1176 2097 accedit,

55 2152 172 2202 coram
199 2125 354 2226 pluribus
375 2127 518 2201 testibus
536 2126 749 2227 rocipiendus
766 2125 983 2213 est....Quod
1002 2127 1032 2199 si
1050 2125 1181 2199 dissen-

55 2243 121 2316 tiat
145 2239 250 2314 altera
274 2266 376 2341 pars,
405 2257 655 2342 repugnetque,
681 2241 773 2341 quod
801 2241 915 2317 minus
945 2240 1091 2315 sollicita
1115 2241 1178 2327 sit,

56 2354 228 2457 quomodo
249 2355 381 2455 placeat
397 2356 488 2443 Deo,
508 2357 543 2427 iu
560 2372 705 2431 mentem
722 2357 835 2430 veniat
852 2356 938 2431 illud
949 2355 1101 2455 Apostoli
1120 2354 1180 2456 qui

60 2472 167 2546 dicit:
195 2471 238 2545 Io
259 2499 340 2571 pace
364 2487 473 2545 cutem
496 2475 625 2546 vocavit
648 2499 706 2545 nos
723 2473 811 2547 Deos
828 2476 942 2568 (tute
963 2499 1025 2546 nec
1049 2498 1116 2546 non
1141 2497 1182 2544 ex

56 2587 215 2664 conciliis
239 2614 279 2662 ac
306 2588 449 2662 summis
475 2586 713 2688 pontificibus,
745 2614 888 2686 quorum
918 2587 1051 2660 decreta
1078 2585 1185 2662 relatu

56 2717 141 2777 suut
170 2727 191 2776 a
223 2701 382 2775 Gratiano
415 2728 520 2776 causa
549 2701 681 2776 xxvlt
708 2726 745 2800 q.
768 2703 803 2774 2.
831 2717 864 2775 et
892 2701 926 2775 in
949 2699 1181 2775 Decretolibus

56 2817 121 2890 lib.
137 2816 198 2890 111.
216 2817 267 2890 tit.
284 2817 417 2889 xxxlt.
438 2820 526 2914 (88).
952 2828 955 2834 ·

133 2932 224 3007 Licet
240 2948 370 3022 autem,
392 2949 492 3033 prout
510 2932 634 3007 dicitur
651 2934 687 3006 in
705 2934 802 3007 tertia
818 2931 1035 3019 difficultate,
1056 2944 1183 3004 utrum-

56 3073 127 3149 que
151 3049 346 3146 coniugium
372 3065 443 3123 tum
470 3065 595 3137 ratum,
617 3065 688 3124 tum
705 3064 973 3123 consummatum
997 3046 1110 3147 quoad
1126 3071 1183 3123 os·

57 3163 204 3237 seutiam
230 3164 450 3251 conveniant,
473 3191 513 3238 ac
537 3164 672 3265 utrique
696 3165 808 3264 aptari
831 3163 952 3237 debeat
977 3161 1182 3236 matrimonii

57 3276 235 3366 definitio,
249 3278 352 3378 ‘quod
377 3278 413 3351 in
438 3294 600 3378 perpetua
624 3280 715 3353 vitae
739 3278 983 3353 consuetudine
1009 3277 1183 3352 retinenda

58 3393 248 3480 consistat,
269 3420 329 3494 pro
346 3393 480 3467 diverse
504 3412 615 3468 tamen
639 3394 753 3468 stadio
770 3394 931 3468 maiorem
943 3393 1002 3468 uel
1018 3392 1181 3468 minorem

62 3505 220 3581 obtinent
252 3505 442 3581 firmitatem
472 3535 513 3582 ex
544 3507 606 3580 Dei
638 3508 873 3609 dispositione.
904 3507 957 3580 Ad
986 3535 1063 3582 eum
1092 3507 1183 3581 enim

57 3620 220 3710 modum,
241 3647 309 3722 que
325 3624 417 3696 Deus
435 3624 473 3696 in
487 3623 592 3698 veteri
614 3623 707 3721 iege,
729 3623 969 3699 nonobstante
994 3621 1074 3696 data
1098 3619 1183 3694 deii·

57 3738 206 3826 nitiene,
231 3737 405 3812 constituit
425 3754 463 3812 ut
482 3739 733 3814 matrimonium
753 3750 1040 3824 consummatum,
1063 3733 1183 3810 adde·

59 3851 171 3928 terius
195 3852 321 3927 malum
345 3853 535 3943 uitandum,
560 3854 702 3930 dissolui
727 3870 845 3955 posset
870 3880 931 3954 per
954 3849 1104 3925 libellum
1129 3867 1182 3930 ro?

133 4111 187 4176 (tt)
203 4112 280 4177 Epist.
290 4113 418 4166 ed.b{aur.
427 4116 546 4166 cxxvtt.
560 4128 586 4165 n.
597 4123 620 4167 o.

134 4190 188 4254 (ts)
203 4193 281 4257 Epist
292 4195 411 4247 chth.
423 4208 449 4246 ιι.
461 4202 484 4248 9.
496 4198 521 4247 et
534 4203 570 4247 ιο.

133 4270 185 4334 (87)
202 4271 317 4336 decolat
323 4273 417 4337 suctos
429 4277 569 4328 tractatae.
577 4278 663 4328 Inter.
673 4278 728 4328 xtt.
740 4233 934 4341 oppidanus.
946 4242 1006 4324 toni.
1016 4274 1048 4323 ΙΙ.
1061 4283 1116 4336 pag.
1128 4274 1182 4323 tot.

132 4350 184 4413 (aa)
197 4353 226 4404 ln
236 4353 340 4406 Decreta
350 4356 460 4408 Gratiani
477 4356 526 4410 tc.
536 4363 648 4422 tcaput
662 4357 694 4409 ad
705 4354 955 4411 annuentium
970 4366 1030 4408 vero
1043 4356 1184 4421 ctp.t.t.t.
