2796 5064
320 356 388 406 civ.
402 355 425 404 r.
438 355 482 403 oe,
497 351 669 404 notrorum
689 355 894 403 stammam.
910 356 979 403 nar.
998 356 1042 403 vv.
1192 334 1235 401 53

139 474 224 571 prior
242 499 264 545 a
280 471 416 545 Christo
434 471 576 545 Domino
603 469 775 568 repudiata
799 487 862 543 est.
880 471 975 555 Quod
994 487 1030 543 ut
1046 473 1238 544 evincamus

137 587 323 660 doctrinam
344 584 598 671 exhibebimus,
619 585 756 682 quaein
777 585 883 657 sacris
902 585 978 657 novi
997 584 1138 657 foederis
1157 587 1240 658 litte

139 704 180 774 ris
197 703 406 786 continetur;
426 701 659 774 exhibebimus
677 716 882 773 constantem
896 700 1057 774 ecclesiae
1079 728 1235 786 sensum,

139 843 174 889 ac
199 817 337 891 demum
361 816 512 889 eiusdem
537 832 732 915 perpetuam
760 815 899 914 praxim,
927 842 1014 913 quae
1039 816 1136 887 nobis
1166 844 1240 912 ger-

140 955 268 1002 manam
295 930 484 1003 divinorum
514 930 722 1003 oraculorum
754 929 1002 1025 intelligentiam
1035 931 1236 1028 suppeditat.

205 1045 310 1116 Porro
335 1042 413 1115 licet
436 1043 590 1117 Christus
615 1043 776 1116 Dominus
801 1043 927 1115 directe
951 1043 1067 1114 llatth.
1087 1045 1173 1114 lllll.
1202 1049 1235 1117 3.

139 1183 231 1254 mqq.
252 1155 583 1231 indissolubilitatem
601 1157 725 1231 vinculi
743 1157 931 1253 coniugalis
948 1173 1071 1230 statuat
1084 1186 1143 1256 per
1160 1161 1241 1234 abo

139 1272 285 1344 litiouem
311 1270 415 1343 libelli
442 1274 594 1370 repudii,
622 1289 764 1345 attamen
791 1273 904 1368 negari
936 1275 1052 1370 nequit
1079 1276 1240 1350 unitatem

138 1390 236 1461 etiam
260 1389 465 1461 matrimonii
484 1391 655 1475 statuisse,
677 1404 842 1487 quatenus
859 1390 1050 1487 coniugium
1074 1394 1240 1466 revocavit

140 1503 177 1575 ad
192 1503 399 1601 primaevam
413 1530 508 1577 suam
522 1504 761 1590 conditionem,
778 1503 905 1577 scilicet
921 1506 964 1578 ad
982 1507 1238 1604 monogamiam,

138 1643 223 1716 quae
249 1617 339 1690 iuter
364 1633 614 1716 protoparentes
627 1619 701 1716 luit
717 1617 906 1691 constituta.
922 1619 1028 1692 Verba
1045 1619 1168 1693 Christi
1191 1623 1242 1694 sic

141 1759 175 1805 se
191 1731 337 1806 babent:
353 1734 446 1805 «Non
464 1733 612 1829 legistis,
633 1733 713 1831 quia
723 1733 783 1832 qui
798 1733 876 1805 lecit
889 1733 1056 1807 homiuem
1069 1734 1112 1806 ah
1126 1735 1238 1820 initio,

140 1847 328 1922 masculum
352 1864 385 1920 et
409 1847 587 1920 foeminam
621 1847 698 1920 lecit
728 1845 811 1920 eos‘l
833 1862 867 1920 et
895 1847 996 1919 dixit:
1019 1850 1154 1947 Propter
1179 1850 1243 1923 hoc

140 1963 281 2037 dimittet
299 1963 400 2037 homo
417 1972 544 2062 patrem
557 1979 591 2036 et
608 1979 763 2048 matrem,
780 1980 812 2036 et
824 1963 1019 2038 adhaerebit
1035 1966 1127 2038 uxori
1146 1992 1239 2053 suae,

141 2096 171 2152 et
192 2095 294 2152 erunt
316 2079 436 2152 dunin
454 2105 650 2152 carneuna.
672 2079 872 2177 Itaqueiam
891 2106 956 2152 non
975 2097 1054 2153 suut
1070 2081 1157 2167 duo,
1183 2082 1242 2155 sed

141 2221 203 2267 uua
227 2221 319 2268 caro.
350 2194 446 2279 Quod
472 2221 551 2291 ergo
566 2196 657 2268 Deus
673 2195 865 2281 coniunxit,
887 2195 987 2269 homo
1010 2223 1075 2269 uon
1094 2215 1238 2295 separet.

142 2310 259 2383 Dicunt
282 2309 334 2382 illi
355 2311 590 2409 (pharisaei):
612 2311 700 2396 Quid
718 2337 796 2407 ergo
815 2313 946 2411 Moyses
969 2314 1140 2386 mandavit
1161 2314 1243 2386 dare

142 2429 285 2503 libellum
314 2430 443 2529 repudii
468 2449 502 2505 et
524 2429 718 2504 dimittere?
735 2431 789 2502 hit
813 2429 899 2515 ittis;
921 2430 1079 2527 quoniam
1111 2431 1243 2529 Moyses

144 2546 181 2617 ad
203 2547 365 2620 duritiam
392 2548 503 2622 cordis
526 2548 628 2621 vestri
655 2547 806 2647 permisit
829 2544 925 2618 vobis
941 2546 1108 2619 dimittere
1125 2572 1243 2621 uxores

144 2677 286 2736 vestras:
316 2661 361 2734 ab
385 2663 481 2735 initio
505 2679 614 2736 autem
641 2689 706 2735 nou
733 2661 795 2733 luit
812 2661 873 2734 sic.
894 2661 975 2733 Dico
992 2675 1101 2732 autem
1123 2661 1240 2747 vobis,

144 2775 216 2873 quia
241 2776 448 2874 quicumque
472 2776 636 2849 dimiserit
660 2801 795 2847 uxorem
825 2800 940 2860 suam,
969 2773 1035 2846 uisi
1067 2772 1111 2846 ob
1128 2775 1244 2847 'lurni-

143 2890 325 2974 otonem,
345 2906 378 2962 et
395 2890 495 2963 aliam
521 2891 670 2976 duxerit,
693 2889 904 2975 moechatur,
928 2888 1041 2986 etqui
1068 2888 1242 2961 dimissam

143 3002 290 3090 duxerit,
319 3005 547 3078 moechatur.»
1260 3091 1262 3096 Ι

209 3118 303 3204 Quid
329 3119 396 3191 sibi
419 3118 499 3192 velit
522 3136 555 3193 et
579 3146 646 3220 quo
672 3135 800 3218 spectet
825 3120 883 3192 illa
908 3119 1059 3218 exceptio
1083 3119 1126 3191 de
1143 3119 1246 3193 lorni-

142 3232 272 3305 cutioue
303 3258 367 3305 suo
397 3232 469 3306 loco
498 3235 737 3333 expendemus.
760 3235 895 3306 luterim
927 3261 966 3307 ex
1000 3248 1069 3306 toto
1092 3249 1245 3308 contextu

144 3363 230 3442 putet
248 3346 420 3420 Christum
437 3349 481 3420 ad
501 3349 700 3447 primaevam
727 3350 967 3422 institutionem
985 3349 1174 3444 coniugium
1194 3376 1245 3424 re-

142 3486 296 3547 vocasse,
329 3462 363 3532 in
392 3488 461 3557 qua
490 3463 624 3537 nonnisi
657 3490 743 3536 uuus
773 3465 831 3535 uni
866 3465 1063 3539 coniunctus
1093 3465 1178 3550 luit,
1212 3477 1246 3536 et

144 3592 313 3671 praeterea
329 3602 392 3673 per
408 3579 592 3675 posteriora
604 3578 706 3650 verbu
721 3578 951 3666 constituisse,
967 3597 1004 3653 ut
1020 3577 1246 3680 primordialis

143 3688 198 3760 illa
211 3690 379 3764 institutio
391 3690 567 3792 deinceps,
585 3691 677 3764 nulla
692 3693 887 3785 interposita
899 3695 1128 3781 excusatione,
1149 3716 1246 3768 secus

141 3829 179 3876 ac
204 3805 240 3875 in
267 3803 341 3902 lege
366 3809 513 3879 mosaica
536 3807 718 3893 acciderat,
748 3808 892 3905 perfecte
917 3826 1117 3897 servaretur,
1147 3809 1194 3880 ita
1210 3823 1247 3878 ut

141 3918 234 3992 nullo
250 3945 411 4019 umquam
429 3921 463 3991 in
482 3948 583 4007 casu,
603 3949 646 3995 ne
665 3922 892 3996 fornicationis
910 3923 1063 4022 quidem,
1085 3924 1136 3996 las
1157 3937 1247 3994 esset

140 4033 212 4106 viro
221 4035 309 4107 duas
322 4050 380 4106 aut
392 4034 505 4134 plures
519 4063 639 4109 uxores
653 4036 788 4121 habere,
802 4036 873 4110 sive
885 4037 1025 4109 dimissa
1038 4037 1110 4110 sive
1122 4051 1247 4109 retenta
1282 4041 1284 4044 ⁴

140 4148 291 4222 adultera
316 4176 440 4236 uxore,
461 4151 612 4251 adeoque
628 4151 833 4251 quicumque
851 4151 883 4224 id
903 4167 1077 4226 attentaret
1098 4178 1134 4224 sc
1155 4174 1245 4222 reum

140 4261 297 4337 adulterii
323 4264 550 4338 constitueret.
