2796 5064
181 418 184 425 .
238 357 310 430 318
385 379 447 430 nm.
464 378 512 429 ιιι.
529 376 616 429 sncr.
633 378 763 429 mrnns.
780 377 820 429 nr
833 373 945 429 rnntss.
963 377 1060 430 narn.
1077 377 1200 430 omrsr.

309 498 343 570 f.
373 495 536 583 Quamvis
550 495 586 567 in
599 494 753 592 allegatis
770 495 974 569 testimoniis
991 495 1222 570 Theodoretus
1239 513 1343 598 aperte

237 611 394 713 loquatur
412 610 456 684 de
470 610 616 709 repudio,
636 610 680 682 de
695 609 851 683 solutione
867 611 1088 698 matrimonii,
1112 611 1157 684 de
1171 611 1345 686 divulsione

236 727 368 826 copulae
392 727 591 824 coniupolis,
613 725 656 798 de
681 726 907 824 diremptione,
929 753 1017 826 quae
1032 753 1153 815 voces,
1174 743 1215 800 ut
1239 745 1346 803 notam

235 857 308 929 est,
336 842 372 913 in
396 867 461 915 usu
487 840 646 941 loquendi
672 856 803 941 patrum
834 867 941 940 aeque
970 841 1113 939 intelligi
1144 858 1288 942 possunt
1310 843 1347 917 de

237 956 460 1031 dissolutione
484 956 630 1057 perfecta
655 982 693 1029 ac
717 956 760 1029 de
784 957 996 1057 imperfecta3
1025 984 1213 1058 numquam
1243 974 1346 1032 tamen

237 1071 335 1147 docet
357 1096 458 1172 posse
473 1072 596 1159 virum,
616 1072 700 1144 citra
717 1069 931 1160 adulterium,
951 1073 1053 1145 alium
1075 1072 1201 1147 ducere
1217 1101 1345 1148 uxorem

237 1203 315 1288 post
337 1186 503 1262 eiusmodi
522 1185 717 1287 repudium,
740 1186 960 1276 solutionem,
981 1187 1211 1263 divulsionem
1231 1204 1289 1263 aut
1302 1189 1348 1261 di·

237 1303 468 1403 remptionem.
490 1303 587 1390 Quod
612 1318 724 1377 tamen
752 1323 889 1378 neeesse
918 1304 1022 1392 foret,
1048 1319 1087 1376 ut
1110 1305 1143 1377 is
1174 1303 1344 1402 saffmgsri

237 1420 504 1494 adversariorum
531 1419 619 1492 thesi
646 1419 714 1492 diei
740 1417 887 1492 deberet.

312 1535 374 1608 llis
400 1532 664 1621 animadversis,
686 1532 729 1606 ad
755 1549 864 1608 textus
890 1533 1089 1608 Theodoroti
1114 1534 1344 1636 expendendos

240 1648 308 1722 iam
333 1647 537 1722 accedimus.

311 1765 430 1865 ltaque
454 1764 497 1837 ad
515 1763 660 1865 primum
682 1761 773 1863 qisod
798 1763 932 1850 attinet,
954 1763 1190 1838 Theodoretus
1216 1765 1345 1838 affirmat

239 1906 360 1955 noram
392 1877 500 1978 legem
538 1904 658 1953 vocare
682 1879 881 1952 adulterium
908 1881 1034 1974 (itt),
1062 1880 1248 1981 repudium
1278 1879 1346 1953 citra

239 1993 505 2080 fornicationem,
527 2008 694 2094 quatenus
713 1991 843 2066 adulter
860 1992 1005 2065 efficitur
1021 2007 1092 2065 tum
1110 1993 1174 2094 qui
1192 1993 1280 2067 eitra
1295 1993 1347 2066 lor-

240 2107 422 2182 nicationis
447 2133 583 2181 causam
608 2134 746 2181 uxorem
770 2107 926 2194 dimittit,
953 2122 1025 2180 tom
1054 2107 1114 2209 qui
1145 2134 1347 2210 quacumque

243 2223 286 2297 de
310 2248 414 2297 causa
437 2222 615 2296 dimissam
640 2222 753 2310 ducit,
773 2237 820 2295 ut⁴
835 2237 926 2324 patet
949 2249 990 2295 ex
1013 2222 1128 2297 verbis
1154 2223 1348 2324 evangelicis

243 2339 288 2412 sb
320 2339 395 2438 ipso
427 2336 599 2412 adductis:
633 2354 664 2410 et
697 2339 756 2438 qui
778 2336 948 2410 dimissam
971 2335 1125 2423 decerit,
1152 2341 1345 2420 moechetur,

242 2479 331 2553 quae
356 2468 525 2553 postrema
548 2452 649 2527 verba
679 2453 848 2526 launoius
876 2452 1009 2538 omisit;
1037 2466 1096 2525 aut
1126 2468 1297 2553 quatenus
1319 2452 1347 2522 in

240 2593 345 2643 causa
363 2584 414 2643 ast
433 2569 485 2641 vir
502 2568 592 2668 quod
610 2595 693 2641 uxor
716 2568 800 2641 eitra
818 2567 1068 2641 fornicationem
1086 2565 1249 2657 dimissa,
1270 2565 1346 2641 adul·

241 2699 334 2757 toret.
363 2686 431 2756 Nec
455 2699 565 2756 tamen
590 2683 709 2757 exinde
735 2683 888 2782 sequitur
913 2707 979 2754 nen
1006 2681 1075 2755 fore
1098 2681 1293 2757 adulterum
1313 2706 1353 2753 ex

242 2815 353 2873 mente
388 2797 612 2885 Theodoreti,
640 2797 699 2898 qui
739 2798 772 2868 in
802 2823 885 2871 casu
919 2797 1179 2885 fornicationis,
1213 2797 1347 2872 adxdtera

241 2915 400 3002 dimissa,
428 2914 530 2988 aliam
555 2914 703 3001 duxerit,
739 2927 798 2986 aut
821 2914 880 3013 qui
906 2913 970 2985 hae
993 2911 1036 2985 de
1059 2939 1168 2987 causa
1185 2913 1346 2987 dimissam

241 3029 415 3103 mulierem
445 3028 591 3102 duceret.
626 3028 696 3101 Hoc
726 3054 823 3128 porro
851 3042 941 3100 esset
970 3026 1239 3115 ostendendum,
1271 3023 1345 3129 quod

242 3158 353 3217 tamen
379 3169 419 3216 ex
442 3143 554 3217 verbis
580 3143 776 3216 Theodoreti
803 3141 987 3215 adversarii
1014 3167 1081 3215 non
1106 3141 1277 3215 efficiunt.

315 3259 382 3328 Nec
406 3255 511 3328 alium
537 3284 673 3330 sensum
699 3256 903 3357 praeseferre
927 3255 1067 3328 alterum
1093 3270 1225 3328 textum
1256 3256 1346 3355 liquet

242 3397 283 3445 ex
306 3372 466 3445 orationis
492 3373 590 3458 serie,
606 3387 640 3445 et
663 3399 703 3445 ex
729 3373 772 3443 iis
799 3398 887 3472 quae
911 3385 1028 3471 postea
1046 3369 1201 3444 subiicit.
1224 3370 1343 3443 Etenim

244 3486 439 3559 immediate
463 3503 541 3586 post
566 3487 709 3584 allegata
733 3486 851 3571 rerba,
881 3487 927 3559 ita
962 3486 1180 3586 prosequitur
1209 3483 1345 3587 cyrensis

242 3601 394 3701 praesul:
414 3603 588 3688 «Deinde,
609 3629 685 3675 oum
703 3602 870 3675 dixissent
895 3602 1064 3702 pharisaei
1084 3616 1236 3675 veterem
1254 3601 1344 3698 legem

245 3717 389 3791 iussisse
405 3718 478 3790 dari
504 3717 654 3791 libellum
672 3718 818 3817 repudii,
839 3718 1075 3817 interpretatus
1093 3731 1147 3789 est
1167 3714 1343 3811 (Christus)

244 3831 312 3905 illis
337 3859 476 3932 scopum
502 3833 597 3929 legis.
626 3832 716 3904 Dixit
741 3834 847 3906 enim:
871 3834 919 3904 Ob
950 3832 1107 3904 duritiam
1125 3830 1235 3904 cordis
1262 3824 1345 3901 nutri

245 3947 344 4046 lepem
370 3950 450 4022 leuc
476 3952 606 4047 scripsit
630 3951 739 4022 uobis:
758 3951 800 4022 ab
828 3952 920 4022 initio
947 3965 1054 4021 autem
1078 3949 1271 4030 creationis,
1290 3967 1343 4015 mt-

242 4065 368 4136 sculum
393 4080 422 4135 et
446 4066 619 4162 foeminum
643 4066 720 4163 [ecit
745 4066 819 4137 illos
847 4066 943 4138 Deus.
972 4065 1111 4162 Propter
1137 4063 1196 4136 loc
1221 4062 1342 4133 dimittet

314 4320 378 4382 (tlt)
393 4322 484 4371 Graece
497 4321 562 4371 enim
583 4311 764 4382 ιιιμοιχείαν·
