2796 5064
141 366 185 438 11
303 389 363 439 ιιι.
385 388 432 438 ιιι.
455 387 540 438 sacr.
563 387 586 436 ι.
603 386 640 436 on
659 387 753 437 ιιιτιι.
772 387 895 437 annisi.
915 385 1060 439 entrare.

137 503 309 578 conducero
334 529 491 588 urorum,
520 505 580 575 uni
607 507 678 593 viro
703 519 827 587 creato,
856 492 980 577 multas
1005 505 1246 580 conformasset

138 620 323 693 mulieres:
362 645 451 692 nunc
483 644 562 691 vero
586 635 620 690 et
643 619 821 692 creationis
846 633 879 691 et
904 619 1089 693 sanctionis
1121 621 1245 707 modo,

135 759 236 806 uuam
256 736 317 805 uui
336 749 489 832 perpetuo
512 734 666 830 coniuupt'
684 749 714 804 et
735 758 910 830 numquam
934 733 1077 808 rescindi
1099 748 1251 833 oportere

140 847 313 945 perdocuit
327 845 465 943 (1111).»
479 849 527 919 Ex
547 847 672 946 quibus
693 863 782 946 patet
799 873 828 919 s.
843 848 890 919 lo.
905 847 1147 946 Chrysostomo
1163 847 1250 922 hane

139 964 274 1037 stetisse
291 980 454 1050 mentem,
476 964 582 1037 solam
602 963 693 1036 illam
716 963 941 1063 polygamiam
962 964 1098 1037 vetitam
1123 964 1247 1050 luisse,

138 1103 225 1175 quae
252 1079 465 1152 induceretur
494 1078 536 1150 ad
565 1077 744 1152 divortium
772 1103 832 1152 seu
857 1077 1033 1176 repudium
1058 1077 1249 1152 laciendum

139 1192 260 1288 prioris
286 1193 426 1279 uxoris,
453 1191 604 1291 adeoque
633 1192 780 1266 laesione
811 1192 901 1265 illius
933 1191 1017 1265 iuris
1047 1191 1139 1289 quod
1169 1191 1252 1267 haec

139 1309 354 1407 acquisierat.
371 1309 443 1382 Non
462 1308 528 1383 sibi
548 1309 689 1408 proinde
705 1308 921 1396 contradicit,
941 1334 1017 1380 cum
1037 1307 1157 1381 scribit
1173 1309 1251 1382 olim

138 1423 363 1523 polygamiam
398 1424 505 1498 luisse
538 1424 738 1524 permissum
767 1424 834 1496 illis
860 1424 993 1511 verbis,
1025 1450 1114 1523 quae
1146 1450 1253 1523 nuper

57 1607 58 1617 .
139 1539 330 1612 attulimus:
350 1538 466 1624 «Quia
489 1540 655 1638 principia
671 1556 787 1625 erant,
813 1541 1008 1637 permissum
1028 1539 1095 1637 suit
1110 1542 1249 1634 (too).»

211 1655 266 1727 Sic
290 1655 390 1727 etiam
414 1680 443 1726 s.
461 1654 667 1750 Augustinus
693 1654 873 1750 legitimam
892 1678 953 1754 pro
972 1653 1030 1725 illa
1051 1668 1160 1727 aetate
1178 1679 1254 1753 pro·

140 1768 311 1842 nunciavit
335 1768 580 1868 polygamiam,
609 1793 697 1867 quae
722 1769 765 1841 de
790 1793 959 1841 consensu
991 1767 1114 1865 prioris
1138 1769 1253 1842 uxoris

138 1883 253 1970 lieret,
281 1900 319 1955 ut
350 1881 446 1956 liberi
472 1900 586 1956 essent
610 1884 743 1982 utrique
768 1881 1016 1981 quodammodo
1042 1907 1249 1957 communes.

141 2000 192 2071 lin
211 1999 284 2072 eius
309 1997 428 2071 verba:
449 1998 581 2071 «Plana
607 1999 721 2072 uxoris
749 1997 918 2072 voluntate
945 1997 1108 2070 adhibere
1132 1997 1250 2083 aliam,

140 2112 231 2186 unda
256 2138 450 2186 communes
474 2112 535 2184 filii
558 2130 739 2186 nascantur
763 2113 865 2185 unius
889 2110 1126 2185 commixtione
1143 2137 1184 2184 ac
1201 2138 1253 2185 se·

139 2228 246 2314 mine,
272 2226 412 2301 alterius
437 2245 549 2301 autem
575 2229 647 2302 iure
663 2253 702 2301 ac
720 2245 900 2328 potestate,
921 2225 1011 2325 opud
1024 2227 1178 2324 antiquos
1193 2253 1254 2326 po·

140 2357 204 2414 tres
221 2342 273 2416 fas
291 2360 365 2416 erat
386 2344 525 2438 (101).»
541 2342 666 2415 liadem
685 2343 812 2414 ratione
833 2340 913 2413 alibi
940 2341 1029 2413 idem
1051 2365 1081 2412 s.
1095 2341 1194 2413 Pater
1210 2341 1255 2415 lo·

139 2457 435 2557 quiturrllullam
460 2457 560 2532 lucob
579 2458 702 2555 legitur
723 2459 861 2557 petiisse
886 2472 1017 2556 praeter
1041 2482 1163 2543 unam,
1194 2481 1255 2529 nec

140 2599 224 2646 usus
245 2573 401 2675 plurimis
419 2573 486 2647 nisi
505 2573 693 2671 gignendae
711 2573 816 2672 prolis
833 2572 963 2658 ollicio,
988 2570 1156 2667 coniugali
1182 2572 1255 2644 iure

140 2690 287 2776 ¹ser'trato,
316 2706 353 2763 ut
378 2715 486 2788 neque
511 2688 576 2762 hoc
601 2689 744 2774 laceret,
778 2690 846 2760 uisi
875 2714 992 2760 ueoree
1022 2689 1091 2759 eiua
1116 2686 1153 2757 id
1183 2687 1256 2784 fieri

139 2805 362 2904 flagitassent,
384 2831 466 2904 quoe
486 2808 627 2903 corporis
645 2807 713 2877 ciri
728 2807 783 2877 sui
799 2804 958 2876 Mbebant
977 2804 1155 2900 legitimam
1163 2815 1254 2898 pote·

139 2935 254 2993 statem
274 2924 388 3016 (tot).
403 2951 420 2991 u
437 2921 531 2993 Unde
555 2946 634 2995 vero
664 2920 854 2993 habuerunt
878 2944 1020 3003 uxores,
1054 2943 1114 2989 seu
1142 2904 1254 3015 potius

141 3036 233 3132 prior
250 3063 334 3109 uxor
350 3037 449 3111 lacob
469 3037 555 3109 hanc
576 3036 759 3133 legitimam
787 3035 906 3107 habuit
932 3049 1126 3133 potestatem
1153 3059 1255 3132 super

139 3175 260 3249 corpus
277 3152 373 3239 eius,
394 3153 460 3225 nisi
479 3152 511 3224 vi
530 3151 615 3248 legis
643 3152 676 3222 in
704 3151 823 3222 Genesi
853 3149 1099 3247 promulgatae:
1128 3148 1254 3220 Aditur·

139 3265 222 3336 rabit
254 3269 353 3337 ucori
375 3293 477 3349 cuce,
506 3282 537 3337 et
562 3280 656 3337 erunt
679 3265 742 3336 duo
759 3266 794 3335 in
813 3290 907 3336 corne
933 3265 1027 3335 unc?
1048 3265 1090 3334 Et
1110 3264 1249 3336 iterum:

143 3379 341 3453 «Obcdiens
364 3381 568 3476 (Abraham)
592 3380 745 3476 coniugi,
766 3406 854 3478 quae
874 3405 955 3452 suae
982 3377 1165 3451 sterilitatis
1183 3403 1255 3450 cre·

140 3496 226 3569 didit
251 3522 327 3569 esse
353 3496 530 3582 solatium,
553 3497 580 3569 si
608 3495 807 3569 foecundum
834 3494 976 3567 ancillae
1001 3509 1150 3577 uterum,
1170 3520 1255 3592 quo-

142 3611 228 3682 niam
254 3626 373 3684 natura
391 3636 456 3682 non
476 3627 620 3708 poteret,
649 3608 820 3683 voluntate
845 3609 967 3681 laceret
993 3633 1088 3680 suum
1112 3610 1251 3701 (109).»

202 3855 277 3913 11θό)
293 3855 354 3904 tun
366 3853 791 3904 111111.1111111111.ιι.1.ιᾱ.11111111
804 3860 869 3902 teet.
878 3851 1004 3901 etl.autern
1013 3853 1090 3901 llaur.
1099 3852 1254 3900 1101111111.

211 3934 277 3994 (loe)
294 3934 367 3983 Hom.
384 3936 447 3983 tvl.
464 3936 488 3982 in
505 3937 592 3984 Graes.
608 3934 624 3983 l.
637 3947 659 3982 c.

211 4014 276 4073 (tttt)
294 4015 331 4061 De
349 4012 416 4062 bono
431 4011 564 4076 conlucet.
575 4026 630 4076 cap.
640 4015 693 4062 xv.
705 4026 729 4061 ιι.
744 4016 778 4062 17.

212 4093 278 4153 (108)
296 4094 332 4140 De
343 4094 419 4141 cluit.
434 4095 494 4154 oet,
506 4092 547 4141 lib.
557 4095 620 4141 XVI.
631 4105 688 4155 eep.
699 4092 832 4141 xxxvttt.
845 4103 869 4139 n.
883 4098 905 4141 1.

213 4170 358 4232 (10911111.
375 4184 431 4235 cap.
443 4174 517 4222 xxv.
529 4174 596 4221 Haec
617 4173 704 4222 melius
723 4170 858 4222 deehravit
875 4183 896 4221 s.
913 4173 1002 4220 uector
1022 4170 1066 4220 lib.
1082 4172 1159 4221 111111.
1178 4171 1255 4220 cont.

142 4251 284 4313 Faustum,
305 4264 328 4300 c.
342 4251 560 4302 miseriores:
574 4252 656 4309 «Quis
668 4253 733 4301 enim
750 4249 828 4299 nescit
847 4263 947 4300 uxorem
965 4250 1053 4299 marito
1068 4252 1195 4312 tamquam
1212 4249 1256 4298 do·

140 4329 207 4378 mino
218 4329 307 4380 debere
318 4331 425 4381 serrtre?
437 4331 484 4383 sed
497 4330 564 4393 quotl
579 4329 610 4380 ad
626 4329 735 4381 membra
755 4329 865 4392 corporis
886 4328 987 4392 attinet,
1005 4327 1096 4391 qulbus
1113 4340 1187 4378 serus
1204 4327 1257 4391 ipse
