2796 5064
226 350 295 422 tta
370 368 498 422 imin.
514 367 602 418 soor.
618 365 750 417 nurum.
767 365 808 417 no
824 365 937 418 unnim.
953 365 1050 416 nura.
1068 364 1195 417 cuman.

223 490 280 564 uix
305 487 446 563 mannis
469 499 642 583 compotes
666 509 726 559 eus
753 509 831 558 esee
855 485 993 571 sinunt,
1021 484 1082 584 qui
1110 482 1182 558 illis
1207 483 1284 558 duci
1306 510 1335 558 se

224 599 429 704 potiuntur?
445 600 481 672 Si
504 624 604 674 aures
628 599 808 674 occludunt
830 598 1004 684 consiliis,
1032 599 1198 685 monitis,
1225 600 1335 688 minis,

226 718 431 821 mundoque
462 715 564 789 otiam
588 714 721 813 legibus
746 714 858 816 ipsis?
875 715 910 786 Si
936 738 976 787 ex
1002 715 1130 814 impetu
1149 728 1269 812 agant,
1289 740 1340 787 noo

227 833 431 932 resipiscant
459 831 526 905 nisi
553 846 732 931 postquam
758 831 794 903 in
821 855 956 905 naseam
976 856 1013 904 se
1029 829 1119 904 ultro
1142 829 1342 904 iniecerunt?

230 949 347 1033 Nonne
368 971 464 1047 pene
495 946 661 1020 innumeri
690 945 817 1046 ubique
849 962 1011 1019 terrarum
1048 968 1154 1019 caeco
1183 944 1343 1019 eiusmodi

225 1087 345 1137 umore
368 1059 569 1135 insaniunt?
587 1062 676 1159 Ergo
700 1086 743 1134 ne
767 1059 938 1135 debebunt
961 1059 1075 1134 omnia
1100 1058 1149 1133 ab
1178 1059 1238 1133 his
1271 1060 1343 1134 inita

228 1176 369 1252 dissolvi
395 1176 575 1275 coniugia,
604 1192 641 1249 ut
672 1175 767 1251 loous
799 1175 897 1249 detur
927 1174 1137 1275 prudentiori
1171 1172 1344 1250 electionil

228 1292 367 1367 amedu
383 1291 475 1365 haud
493 1317 571 1365 raro
586 1306 743 1390 parentes
762 1291 856 1390 ipsos
874 1290 910 1362 in
929 1288 1030 1390 culpa
1045 1314 1146 1377 esse,
1162 1289 1259 1391 quod
1272 1290 1345 1364 inle

229 1408 307 1483 licia
323 1406 482 1504 coniugia
494 1406 661 1480 ineantur.
678 1406 851 1480 Interdum
863 1406 954 1478 enim
967 1405 1135 1505 impedire
1148 1404 1230 1481 illos
1248 1432 1344 1480 nexus

228 1522 425 1620 coniugales
449 1521 668 1608 adnituntur,
695 1521 755 1621 qui
781 1521 916 1595 beatum
941 1521 1066 1595 exitum
1098 1520 1286 1608 haberent,
1314 1547 1344 1595 ae

229 1637 321 1712 lilios
345 1652 404 1711 aut
428 1635 517 1711 lilias
540 1662 624 1710 suaa
649 1636 704 1709 siu
721 1637 835 1710 minus
851 1653 993 1734 cogant,
1013 1634 1217 1736 pertrahunt
1233 1637 1344 1712 sellem

230 1751 275 1826 ad
301 1751 490 1850 iungendos
507 1750 646 1850 nuptias
662 1777 740 1825 cum
758 1751 828 1826 illis
844 1778 932 1852 quos
950 1751 1090 1826 nollent.
1110 1752 1237 1826 Verum
1258 1779 1346 1854 prae

229 1867 343 1943 talem
366 1867 457 1968 opud
482 1883 639 1968 pamntes
664 1866 849 1942 identidem
873 1866 979 1954 tituli,
1003 1866 1165 1953 divitiae,
1186 1866 1344 1952 honores,

230 1983 469 2081 cognationes,
497 1980 690 2070 clientelae,
713 1981 849 2082 aliaque
877 1982 911 2054 id
937 2007 1045 2081 genus
1069 1980 1202 2069 multa,
1229 1983 1345 2083 quibus

231 2097 287 2186 lit,
314 2113 352 2170 ut
377 2096 438 2171 filii
463 2097 567 2171 velint
592 2096 719 2185 nolint,
746 2097 893 2171 debeant
915 2097 1039 2172 ducere
1064 2122 1132 2170 non
1167 2123 1259 2199 quos
1288 2099 1344 2198 ipsi

231 2228 401 2314 optarent,
422 2213 483 2287 sed
500 2239 589 2313 quos
606 2228 764 2313 parentes
780 2212 1046 2315 praeelegerunt.
1057 2212 1185 2287 Felicia
1198 2240 1244 2288 ne
1259 2229 1346 2287 erunt

233 2326 398 2401 eiusmodi
429 2326 622 2401 connubia?
645 2327 699 2399 Nil
727 2327 853 2401 minus.
879 2327 946 2401 Sed
970 2327 1083 2426 potius
1113 2352 1154 2402 se
1184 2327 1346 2403 eiusmodi

233 2441 394 2538 onningen
413 2466 575 2541 persaepe
594 2455 710 2514 mutuo
730 2458 981 2541 prosequuntur
997 2441 1093 2525 odio;
1116 2442 1151 2514 in
1174 2442 1268 2517 rixas
1285 2469 1347 2542 poc

236 2572 354 2658 petuas
380 2574 413 2630 et
434 2557 623 2631 simultates
648 2574 844 2656 erumpunt;
866 2558 988 2630 exinde
1005 2581 1083 2631 vero
1104 2557 1267 2658 disrupta
1286 2585 1348 2631 ma·

233 2674 408 2761 trimonia,
430 2674 506 2747 lites
531 2690 564 2747 et
590 2699 677 2772 quae
704 2699 778 2745 eam
805 2688 993 2773 sequuntur
1018 2670 1107 2744 mala
1133 2675 1344 2770 gravissima.

234 2789 275 2861 Et
301 2807 410 2863 tamen
436 2790 502 2888 ipsi
530 2805 705 2888 parentum
723 2789 932 2874 auctoritati,
953 2804 1118 2862 eteorum
1137 2815 1287 2888 quorum
1305 2792 1348 2861 in·

237 2922 359 2979 tererat
384 2903 528 2977 consilio
552 2903 703 2977 obsecuti
730 2919 819 2977 sunt.
841 2905 1009 3002 Ergone,
1031 2904 1153 2977 iterum
1178 2907 1343 2986 sciscitor,

235 3019 404 3093 debebunt
428 3019 541 3093 omnia
567 3018 650 3092 haec
676 3020 833 3116 coniugia
859 3021 984 3119 pariter
1006 3020 1221 3094 dissociari?

314 3135 429 3234 Neque
463 3133 547 3206 illud
580 3134 799 3207 omittendum
833 3151 884 3208 ost
921 3134 1087 3208 interdum
1128 3153 1292 3235 parentes
1322 3154 1349 3208 et

236 3272 378 3346 sponsos
410 3247 533 3348 decipi.
566 3247 696 3320 Etenim
728 3275 793 3321 non
821 3249 960 3334 desunt,
993 3249 1050 3349 qui
1082 3267 1119 3321 ut
1150 3249 1196 3321 ad
1222 3267 1349 3350 optatas

237 3365 434 3464 perveniant
451 3364 606 3463 nuptias,
629 3364 735 3437 malas
750 3381 818 3437 turn
833 3365 995 3465 physicas
1017 3383 1087 3436 tum
1106 3365 1256 3438 morales
1275 3392 1352 3465 qua·

237 3477 348 3550 litotes
369 3478 416 3550 ita
437 3478 652 3552 dissimulent
669 3506 709 3552 ao
726 3496 856 3575 tegant,
879 3497 916 3551 ut
938 3478 1030 3551 nullu
1048 3479 1181 3552 ratione
1200 3497 1349 3579 pateant,

236 3593 344 3665 donec
370 3591 470 3664 linem
503 3618 599 3664 suum
631 3594 754 3664 luerint
783 3595 948 3677 assecuti,
979 3620 1017 3666 ac
1048 3593 1231 3665 recedendi
1264 3594 1352 3666 nulla

235 3709 306 3797 via,
328 3725 361 3783 et
378 3708 482 3808 pedes
501 3709 654 3806 alaqucc
676 3709 866 3781 retrahendi
886 3708 999 3781 nullus
1020 3709 1118 3781 detur
1135 3708 1247 3783 locus.
1265 3711 1353 3782 Tunc

237 3850 422 3911 moerores,
453 3824 616 3922 gemitus,
645 3839 797 3922 questus.
821 3823 973 3895 Attamen
999 3824 1034 3893 hi
1063 3849 1184 3896 omnes
1211 3849 1355 3897 commo·

236 3940 399 4013 nitionem
421 3941 663 4026 erasmianam,
689 3939 801 4038 quoad
823 3938 897 4010 eius
920 3938 991 4010 lieri
1019 3938 1138 4036 potuit,
1166 3937 1354 4012 executioni

237 4057 459 4142 mandarunt,
491 4083 553 4129 noo
577 4072 688 4128 tamen
718 4054 905 4155 quidquam
929 4054 1154 4152 proiecerunt.
1183 4052 1351 4154 Numquid

238 4185 271 4241 et
288 4171 362 4243 istis
381 4169 554 4257 omnibus,
583 4170 641 4268 qui
668 4185 756 4241 certe
774 4169 871 4266 pauci
892 4195 958 4241 non
977 4183 1075 4254 sunt,
1096 4167 1153 4240 via
1172 4166 1354 4267 aperienda

216 4281 409 4367 -divortiis,
435 4302 470 4356 ut
495 4282 634 4356 feliciori
663 4282 795 4355 loedere
817 4309 854 4355 se
876 4277 1104 4378 coniungant?
1127 4279 1222 4366 Quid
1248 4282 1279 4355 si
1307 4304 1353 4352 so
