2796 5064
144 357 214 429 too
266 377 328 431 un.
350 377 399 429 ru.
420 375 506 428 arur.
527 376 658 428 aarum.
679 376 719 427 na
738 376 851 429 mnrss.
872 376 967 428 utra.
981 374 1109 429 ceurae

139 522 175 571 re
191 500 264 594 (it)
280 496 311 570 ri
326 522 403 569 eam
421 495 573 570 criminis
591 495 644 569 sui
664 495 849 594 poeniteat,
878 519 1023 592 cumque
1045 519 1087 567 aa
1114 491 1253 567 moonci-

140 611 239 700 liari3
266 619 463 710 sequeretur
486 610 580 685 iuxta
605 609 911 708 interpretationem
939 632 1044 706 quam
1078 607 1253 706 impugna-

140 741 238 812 mus,
263 724 385 798 dehere
403 725 512 798 virum
536 725 571 797 in
596 724 819 799 concubinatu
845 747 999 822 pergere,
1020 737 1203 821 postquam
1218 747 1253 795 se

140 866 217 915 cum
230 841 418 915 concubine
431 840 661 914 reconciliavit.
670 839 847 939 privilegio
860 865 920 912 seu
934 838 998 911 iuri
1012 837 1079 911 sibi
1092 863 1116 909 a
1125 837 1255 913 Christo

142 955 222 1030 dato
240 957 466 1042 renuncians3
489 957 579 1057 quod
601 981 702 1056 quam
722 955 905 1028 absurdum
925 953 969 1027 sit
986 976 1086 1025 nemo
1102 968 1179 1039 est,
1197 951 1253 1051 qui

141 1099 208 1148 non
230 1074 354 1147 videat.
372 1075 537 1146 Rursum:
558 1099 635 1146 cum
659 1099 700 1145 en
726 1071 809 1145 iuris
834 1069 986 1144 canonici
1010 1069 1251 1168 dispositione,

141 1189 171 1261 si
193 1189 246 1262 air
268 1189 391 1289 pariter
415 1188 449 1260 in
475 1187 648 1262 moechiae
672 1186 838 1282 flagitium
863 1184 1069 1271 incurrerit,
1095 1211 1167 1258 non
1189 1210 1256 1257 am·

140 1303 232 1405 plius
250 1304 359 1404 possit
379 1304 545 1377 actionem
571 1301 696 1376 hahere
719 1299 881 1374 adversus
897 1325 1033 1374 uxorem
1051 1299 1251 1384 adulteram,

140 1417 201 1492 aad
225 1418 255 1491 ai
281 1419 457 1493 convivam
481 1430 633 1490 teneatur
657 1415 746 1510 (77);
772 1429 968 1514 sequeretur
991 1411 1119 1511 pariter
1141 1411 1253 1486 haciu

139 1533 343 1633 hypothesi,
369 1528 404 1607 in
429 1531 696 1606 adversariorum
721 1528 907 1616 sententia,
938 1527 1252 1603 concubinariosiu

140 1675 198 1722 rea
222 1647 466 1748 consuetudine
492 1671 707 1746 perseverare
730 1644 864 1719 dehere.

214 1762 352 1836 Possem
372 1786 492 1857 urgere
515 1762 701 1833 omme
723 1757 952 1855 theologorum
976 1757 1251 1843 consensionem

141 1903 218 1950 nam
236 1893 400 1978 quotquot
417 1877 489 1951 sive
505 1874 698 1950 scholastici
724 1874 802 1948 sive·
820 1871 967 1970 theologi
984 1873 1124 1972 positivi
1142 1899 1183 1947 ac
1199 1895 1252 1971 pe

98 2033 100 2036 >
140 1991 275 2081 lemici,
303 2009 341 2065 ut
369 2008 511 2078 vocant,
548 1991 677 2091 antiqui
709 2015 749 2063 ac
782 1990 983 2063 recentiores
1017 1988 1254 2063 adstruxerunt

140 2107 341 2181 catholicam
372 2107 557 2181 doctrinam
582 2107 626 2179 de
649 2106 722 2180 iure
747 2131 814 2205 quo
840 2105 961 2179 lruitur
984 2130 1064 2204 pars
1095 2105 1253 2181 innocens

141 2218 330 2294 dimittendi
348 2220 595 2322 inperpetuum
621 2245 759 2295 uxerem
784 2218 987 2307 adulteram,
1007 2217 1254 2318 profitendique

139 2334 243 2407 vitam
270 2333 483 2432 religiosam,
511 2349 570 2407 aut
595 2333 803 2434 suscipiendi
833 2359 904 2408 sac.
929 2333 1089 2419 ordines,
1123 2330 1251 2407 etiamsi

138 2474 275 2523 uxorem
300 2449 442 2523 admissi
468 2450 586 2548 flagitii
613 2450 782 2550 poeniteat
802 2449 1003 2548 veniamque
1024 2463 1140 2547 petat,
1162 2463 1253 2547 quot·

139 2581 241 2665 quot,
270 2564 430 2664 inquam,
460 2581 539 2638 suut
571 2566 630 2664 qui
664 2565 902 2638 adstruxerunt
925 2563 1013 2637 hanc
1036 2562 1248 2647 doctrinam,

140 2678 183 2751 ad
200 2705 305 2751 unum
323 2705 458 2765 omnes,
480 2679 613 2752 nemine
640 2705 777 2776 prorsus
804 2693 958 2778 excepto,
978 2677 1173 2751 innituntur
1188 2703 1252 2752 rer·

140 2792 196 2868 his
214 2793 339 2868 Christi
357 2793 474 2867 hlatth.
489 2795 527 2866 V.
543 2810 575 2867 et
591 2795 676 2866 xlx.
690 2794 769 2868 Nisi
784 2795 822 2866 oh
838 2795 1102 2895 [multationem
1123 2807 1251 2891 eccepto

140 2936 240 2984 cauco
256 2912 494 3010 fornicationis.
511 2912 639 2985 Horum
659 2927 820 2985 constans
840 2925 1073 3008 argumentum
1093 2908 1162 2984 hoc
1184 2924 1247 2983 est:

139 3025 191 3099 Eu
206 3025 332 3099 Christi
358 3025 430 3124 lege
456 3025 534 3098 licet
548 3028 622 3099 viro
642 3025 808 3099 dimittere
833 3041 990 3111 uxorem,
1012 3025 1047 3096 in
1066 3050 1174 3099 causa
1191 3025 1250 3098 lor·

139 3141 339 3228 nicationis,
359 3167 421 3214 seu
437 3141 612 3228 adulterii,
633 3141 676 3213 ah
694 3167 800 3241 eaque
819 3168 855 3213 se
873 3166 1050 3239 separare:
1073 3141 1171 3241 atqui
1190 3165 1249 3213 non

139 3271 249 3353 potest
265 3282 339 3327 eam
358 3257 525 3329 dimittere
547 3272 605 3328 aut
629 3257 671 3328 ah
697 3283 736 3328 ca
761 3283 799 3328 se
824 3282 981 3355 separare
1002 3255 1115 3355 quoad
1139 3257 1251 3329 vincu-

138 3367 230 3457 lum;
259 3396 338 3466 ergo
364 3386 473 3468 potest
505 3397 579 3442 cam
611 3370 796 3457 dimittere,
830 3397 935 3470 seque
958 3369 1001 3442 ah
1026 3396 1068 3444 ea
1095 3395 1249 3470 separare

138 3483 250 3584 quoad
273 3500 380 3556 torum
398 3501 431 3557 et
447 3484 740 3558 cohabitationem.
763 3485 833 3559 Boc
857 3503 908 3558 est
933 3501 1171 3580 argumentum
1189 3487 1251 3558 ine

139 3595 317 3685 luctahile,
338 3624 406 3698 quo
423 3625 538 3671 omues
557 3600 609 3671 usi
629 3617 725 3686 sunt,
746 3615 779 3671 et
796 3600 907 3673 adhuc
926 3614 1065 3672 utuntur
1090 3599 1248 3675 adversus

139 3728 317 3785 novatores
343 3712 386 3784 ad
414 3714 694 3811 propugnandum
712 3713 889 3786 camvill.
908 3738 994 3786 sess.
1010 3714 1124 3786 xxiv.
1142 3713 1248 3789 conci·

211 3892 260 3952 (76)
277 3893 349 3940 iuxta
361 3891 469 3954 phrasim
483 3892 618 3954 capitular.
630 3892 712 3942 caroli
729 3891 977 3954 sammonicum
992 3905 1056 3955 quae
1074 3890 1152 3943 verbe
1166 3891 1248 3955 pariter

138 3967 259 4020 hahentur
277 3970 353 4020 relata
371 3984 401 4020 ex
416 3985 486 4021 conc.
499 3972 624 4034 parisiensi
638 3972 663 4021 iu
675 3970 796 4021 addition,
808 3971 865 4021 libri
883 3973 926 4021 111.
941 3971 1085 4022 eorumdem
1096 3972 1179 4035 cupit.
1193 3985 1214 4022 o.
1226 3976 1245 4020 t.

140 4066 153 4092 ι
161 4050 192 4098 at
200 4048 268 4111 quod
280 4051 330 4098 nisi
339 4048 629 4113 ccurosorntcutionis‚
641 4053 670 4100 ut
680 4050 799 4099 Dominus
809 4049 857 4113 ait,
868 4062 917 4098 nou
925 4049 958 4100 sit
969 4063 1032 4099 uror
1040 4048 1203 4112 dimittenda,
1211 4045 1247 4098 ned

135 4130 227 4191 potius
243 4128 423 4179 sustinenda.»

212 4207 263 4269 (77)
279 4208 318 4258 ct.
330 4210 432 4259 Decret.
445 4211 545 4272 Gregor.
557 4211 599 4259 lx.
610 4208 652 4259 iih.
662 4210 704 4259 iv.
713 4209 752 4258 tit.
762 4215 800 4260 iit.
811 4211 849 4259 De
862 4208 1022 4274 diuortrap.
1030 4212 1054 4260 i.
1062 4212 1089 4262 et
1099 4217 1123 4263 t.
1134 4210 1160 4262 cl
1168 4207 1242 4261 tihi.

140 4285 179 4336 ut.
192 4292 229 4338 te.
241 4289 279 4338 De
292 4285 564 4339 eratanostrae
576 4289 651 4339 eham
659 4287 760 4341 herard
772 4301 814 4352 op.
826 4289 852 4340 et
861 4287 909 4340 loc.
920 4288 964 4339 cit.
