2796 5064
144 350 212 421 llo
300 371 363 420 sm.
380 368 427 420 111.
444 368 531 420 secr.
548 368 679 420 inmas.
695 370 734 419 na
750 368 863 422 morsa.
880 370 977 422 uara.
995 371 1120 423 cnmsr.

213 489 310 575 Quod
336 488 471 562 demum
497 487 655 560 adiicitur
679 487 723 560 ab
747 487 984 586 Evangelista,
1013 513 1081 564 non
1107 504 1258 564 summa

139 603 274 678 Christo
298 603 489 703 appositam
515 602 620 676 luisse
644 602 869 701 fornicationis
893 605 1143 703 exceptionem,
1165 606 1260 679 reial-

141 719 222 793 litur
247 745 287 792 ex
312 718 389 817 ipsa
417 717 578 792 orationis
602 719 712 805 serie,
740 735 776 792 et
798 718 842 792 ab
867 720 1019 792 unanimi
1042 736 1196 793 veterum
1220 747 1259 793 ac

140 835 363 909 recentiorum
385 834 603 934 interpretum
620 859 808 937 consensu;
836 835 919 934 quin
937 861 1023 935 opus
1042 835 1087 909 sit
1104 835 1259 934 pluribus
1292 850 1297 859 '

139 950 317 1048 gratuitam
342 949 509 1023 eiusmodi
534 949 754 1023 assertionem
780 951 950 1050 persequi.

100 1114 103 1119 -
213 1064 301 1138 llinc
317 1065 417 1138 etiam
435 1063 601 1137 immerito
621 1065 736 1137 Pottus
761 1078 795 1137 et
818 1063 1021 1140 Eichornius
1044 1083 1262 1139 autumarunt

140 1205 227 1280 quae
253 1179 369 1253 llatth.
398 1180 435 1250 V.
468 1181 526 1251 32.
562 1177 738 1276 leguntur,
767 1205 787 1252 a
812 1179 946 1254 Christo
970 1180 1063 1254 dicta
1085 1207 1166 1254 esse
1196 1181 1262 1255 alio

140 1312 307 1394 tempore,
332 1320 409 1369 cum
434 1293 593 1367 nimirum
614 1295 645 1368 ci
671 1294 904 1393 quaestionem
925 1297 1114 1395 captiosam
1144 1322 1261 1396 propo

140 1410 291 1485 ruissent
307 1409 497 1510 pharisaei,
518 1407 594 1482 coll.
616 1408 733 1482 llatth.
754 1409 841 1481 lllll.
864 1411 898 1482 3.
920 1435 1035 1510 seqq„
1056 1411 1261 1486 Matthaeum

140 1551 219 1601 vcro
233 1541 369 1624 propter
386 1524 573 1622 argumenti
593 1524 850 1599 similitudinem
868 1526 1059 1625 praeceptis
1077 1542 1160 1600 ante
1175 1527 1260 1601 datis

35 1646 38 1657 '
140 1666 181 1715 ea
207 1639 287 1714 huic
308 1639 382 1715 loco
408 1640 615 1714 adiunxisse.
645 1640 707 1711 llis
731 1639 896 1713 calculum
917 1666 1015 1715 suum
1036 1640 1165 1716 adiecit
1180 1642 1261 1715 Kai-

142 1753 229 1829 noel.
260 1754 365 1840 Quasi
391 1779 512 1854 nempe
537 1753 693 1827 Christus
724 1752 778 1826 bis
810 1755 928 1826 eadem
961 1752 1005 1826 de
1035 1780 1072 1828 re
1095 1755 1262 1830 disserere

141 1869 345 1968 nequiverit3
363 1869 430 1943 imo
447 1894 513 1942 non
527 1869 650 1942 desunt
662 1870 721 1969 qui
736 1869 938 1942 arbitrentur
954 1868 1158 1969 pharisaeos
1170 1897 1260 1945 occu·

141 1985 270 2058 sionem
281 2000 438 2083 captasse
456 1983 663 2084 proponendi
683 1983 775 2057 illam
788 1984 1020 2083 quaestionem
1034 1985 1157 2058 llatth.
1174 1987 1256 2058 xlx.

107 2189 115 2204 ·
140 2126 182 2174 cx
206 2099 269 2188 iis,
298 2126 385 2198 quae
410 2101 446 2172 in
464 2100 550 2175 miro
571 2099 629 2175 illo
654 2125 808 2174 sermone
834 2099 869 2172 in
895 2115 1006 2175 monte
1031 2099 1192 2176 Christus
1207 2127 1258 2175 as·

142 2239 257 2314 presse
282 2214 465 2313 protulerat
485 2217 578 2312 (84).
1237 2294 1242 2311 x

222 2329 264 2401 Et
289 2327 373 2402 haec
401 2328 444 2403 dc
470 2329 642 2403 authentia
675 2347 709 2406 et
737 2332 927 2430 integritate
955 2331 1079 2406 horum
1110 2348 1255 2407 textuum

142 2444 305 2519 adversus
331 2443 507 2519 liberiores
532 2461 685 2520 auctores
714 2448 804 2521 dicta
834 2447 1015 2522 sufficiant.
1049 2448 1150 2535 Quae
1174 2449 1257 2524 enim

143 2560 305 2635 hactenus
323 2561 547 2636 disseruimus
573 2578 643 2635 tum
663 2591 703 2637 ex
728 2564 881 2652 criticos,
902 2579 974 2638 tum
999 2591 1040 2637 en
1063 2564 1257 2641 hermeneu-

142 2677 228 2754 ticae
244 2679 394 2753 lontibus
407 2678 519 2779 palam
539 2679 666 2753 iaciunt
684 2696 793 2755 textus
812 2680 905 2767 illos,
926 2697 964 2754 ut
981 2697 1153 2779 prostant,
1174 2699 1257 2757 utro·

141 2818 208 2896 que
233 2792 267 2864 in
296 2791 370 2868 loco
393 2794 529 2868 omnino
555 2794 746 2868 retinendos
771 2821 873 2882 esse,
901 2820 962 2867 neo
991 2793 1169 2869 immutari
1196 2794 1256 2870 ullo

141 2908 241 2983 modo
263 2909 386 2983 debere
409 2925 468 2983 aut
489 2936 590 3009 posse
620 2910 663 2984 ob
692 2910 872 2984 nonnullas
902 2908 1141 2999 difficultates,
1179 2934 1256 3010 quoe

146 3024 175 3099 si
202 3024 379 3126 quidpiam
404 3025 574 3114 valerent,
607 3041 719 3100 actum
749 3025 806 3099 rix
831 3052 898 3100 nou
925 3041 1016 3100 esset
1039 3025 1084 3101 de
1112 3024 1255 3101 universi

143 3139 213 3213 lere
246 3141 329 3214 Novi
358 3141 561 3215 Testamenti
593 3141 685 3228 lida,
712 3141 926 3243 genuinoque
955 3140 1112 3216 lectione.
1148 3143 1256 3215 Plures

143 3255 234 3327 enim
256 3273 335 3330 sunt
359 3272 468 3331 textus
497 3258 532 3329 in
562 3283 648 3357 quos
675 3257 834 3345 eaedem,
856 3258 923 3332 imo
953 3257 1164 3358 quandoque
1186 3256 1257 3331 rali-

143 3369 255 3442 diorcs
280 3368 495 3445 difficultates
520 3372 630 3469 urgeri
649 3387 812 3471 possent,
841 3372 925 3471 quin
951 3387 1062 3445 tamen
1088 3371 1257 3473 quidpiam

144 3484 371 3558 innovandum
390 3485 453 3573 sit,
479 3502 577 3584 prout
600 3514 621 3560 a
646 3514 714 3562 non
733 3488 854 3586 paucis
873 3486 1002 3586 passim
1020 3487 1256 3561 recentioribus

146 3601 409 3698 protestantibus
436 3601 560 3675 lactum
585 3629 662 3676 esse
696 3604 852 3676 novimus
874 3601 1003 3700 ingenti
1034 3603 1124 3676 sacri
1158 3619 1257 3677 textus

144 3713 354 3790 detrimento.
371 3716 464 3789 Adeo
482 3743 596 3791 verum
610 3734 662 3792 est
677 3719 752 3792 sine
765 3717 971 3794 auctoritatis
984 3743 1165 3817 supremae
1179 3719 1257 3821 prin·

145 3830 237 3930 cipio
265 3832 352 3904 nihil
378 3833 512 3905 firmum
540 3835 747 3910 consistere!

223 4081 275 4144 (tt)
291 4083 357 4134 Inter
374 4097 437 4148 quos
455 4089 493 4136 est
509 4087 540 4135 ol.
563 4087 642 4137 urach
657 4087 682 4136 in
698 4100 739 4150 op.
752 4086 794 4137 cit.
808 4089 851 4137 Du
869 4085 974 4136 dicorce
994 4084 1062 4136 dora
1079 4085 1108 4138 lo
1119 4094 1254 4150 amcam

146 4171 201 4222 1¹¹⁸·
219 4167 245 4211 ar
259 4173 311 4223 aaa
