2796 5064
145 383 190 453 ’ὅ
313 405 373 454 uut.
396 404 443 453 ΙΙΙ.
465 403 550 454 SBGT.
572 404 594 452 1.
617 404 656 453 DE
676 403 771 454 ΙΔΊἯ.
790 403 913 452 center.
935 405 1078 454 UNITATE.

143 525 276 623 tiaeque
301 521 484 595 remedium
506 521 623 594 baberi
640 521 784 594 valeant.
804 522 975 594 Praeterea
998 549 1099 596 casus
1118 551 1185 597 non
1205 528 1254 598 in·

144 639 332 739 frequentes
361 653 563 724 occurrunt,
591 637 626 709 in
652 637 775 736 quibus
800 638 843 709 ad
869 663 1046 712 commune
1081 641 1252 717 societatis

143 752 268 826 bonum
295 751 488 852 polygamin
505 751 710 835 conducere,
731 751 904 824 autetiam
924 752 1089 826 interdum
1109 755 1152 826 ad
1172 754 1255 827 illud

143 865 362 940 obtinendum
390 866 581 938 necessaria
606 866 744 938 omnino
767 865 932 938 uideatur.

216 980 346 1054 Exinde
370 979 491 1053 iactum
509 995 561 1052 est
577 996 613 1052 ut
630 979 775 1076 theologi
800 1005 840 1051 ac
865 980 949 1053 iuris
975 981 1138 1054 naturalis
1156 983 1254 1081 periti

146 1123 211 1171 non
233 1096 370 1170 infimae
390 1109 488 1171 notae
513 1096 547 1167 in
570 1095 682 1168 vanas
706 1095 934 1168 concesserint
956 1097 1153 1170 sententias.
1172 1099 1254 1170 Nam

144 1210 353 1298 Bumodus,
391 1209 603 1296 Gemonios,
643 1209 845 1295 Caietanus,
887 1209 1097 1296 Abulensis‚
1131 1210 1257 1311 aliique

146 1354 212 1401 non
239 1326 336 1427 pauci
362 1327 452 1426 apud
478 1327 628 1400 Sancbee
644 1328 733 1422 (49);
750 1354 789 1399 ex
808 1326 1048 1399 recentioribus
1070 1353 1149 1400 vero
1171 1328 1257 1401 Sim·

145 1459 257 1519 monet
276 1446 365 1539 (50),
380 1443 554 1541 Sardngna
570 1445 659 1540 (51),
675 1442 832 1516 Scbwurz
849 1444 938 1538 (52),
953 1442 1054 1515 biner
1068 1446 1159 1538 (153),
1172 1445 1256 1517 bier-

146 1559 194 1633 lin
223 1562 296 1656 (bi)
324 1557 500 1632 docuerint
528 1573 680 1632 naturae
700 1558 763 1630 iuri
791 1557 880 1631 baud
908 1584 1093 1657 repugnare
1119 1560 1257 1659 polyga-

145 1676 266 1762 miam,
286 1690 346 1747 aut
361 1673 480 1748 saltem
507 1699 573 1746 non
598 1674 682 1747 satis
707 1673 741 1745 id
767 1673 889 1747 evinci.
911 1672 1019 1773 Atque
1036 1674 1079 1747 ad
1097 1674 1132 1746 id
1152 1675 1257 1749 fiden-

145 1792 212 1865 tius
246 1789 465 1864 asserendum
491 1790 687 1864 auctoritate
714 1806 853 1864 utuntur
878 1805 1067 1863 sanctorum
1099 1805 1254 1890 petrum,

146 1906 324 2005 Augustini
339 1907 550 2006 praesertim,
566 1908 624 2006 qui
640 1906 781 2006 loquens
798 1907 841 1979 de
859 1906 956 1980 Iacob
974 1924 1118 2005 quatuor
1136 1932 1257 1980 uxores

146 2023 290 2097 habente
322 2040 436 2124 aperte
461 2022 593 2096 scribit:
614 2022 791 2109 «Quando
815 2048 889 2095 mos
913 2036 1002 2108 erat,
1033 2022 1160 2095 crimen
1192 2048 1257 2096 non

145 2155 216 2212 erut
231 2141 345 2234 (bb),»
360 2139 577 2239 Hieronymi,
598 2139 656 2238 qui
677 2139 774 2213 docet
792 2139 977 2238 antiquitus
1002 2136 1094 2210 nulla
1116 2137 1190 2235 lege
1207 2140 1257 2211 in·

146 2252 317 2328 terdictam
335 2253 443 2328 fuisse
459 2258 548 2350 (bu),
565 2271 599 2329 et
619 2254 760 2329 aliorum
773 2256 832 2355 qui
847 2255 934 2328 idem
949 2255 1109 2340 sentiunt,
1126 2254 1151 2324 ii
1164 2280 1257 2354 prae

144 2370 263 2469 cipue,
278 2370 337 2470 qui
350 2369 590 2470 impugnarunt
610 2371 824 2445 manichaeos
842 2370 947 2469 legem
966 2386 1109 2444 veterem
1128 2395 1148 2442 a
1167 2370 1258 2469 prin·

146 2483 234 2584 cipio
257 2483 345 2559 mulo
369 2484 481 2557 datam
506 2500 739 2572 autumantes,
763 2510 803 2558 eo
828 2485 928 2558 ctiam
953 2510 993 2558 ex
1018 2484 1144 2582 capite,
1166 2483 1256 2584 quod

146 2599 371 2700 polygamiam
397 2600 446 2673 uti
472 2599 597 2674 licitam
628 2602 833 2700 permitteret
850 2604 938 2696 (57).

219 2716 256 2789 ld
275 2716 373 2790 etiam
397 2717 595 2790 confirmant
613 2743 653 2791 ex
671 2717 913 2791 consuetudine
934 2717 1032 2814 longe
1049 2716 1181 2815 lateque
1200 2742 1259 2814 per

146 2833 321 2906 universas
344 2831 413 2906 sere
430 2847 546 2930 gentes
564 2833 751 2934 antiquitus
774 2852 907 2933 recepta
924 2834 967 2906 de
984 2832 1138 2933 pluribus
1156 2832 1256 2904 simul

146 2945 312 3021 ducendis
338 2947 510 3022 uxoribus.
533 2950 582 3022 De
602 2948 757 3022 hebraeis
776 2949 866 3022 enim
889 2947 983 3020 nulla
1005 2963 1056 3022 est
1071 2947 1254 3032 dubitatio;

149 3061 395 3158 praetermissis
417 3062 585 3162 siquidem
601 3064 799 3163 patriarchis
814 3122 821 3151 ,
838 3064 971 3163 Moyses
984 3079 1154 3161 tamquam
1167 3062 1211 3132 de
1224 3087 1259 3133 re

147 3174 246 3271 vulgo
265 3175 414 3248 admissa
427 3176 576 3275 loquitur
588 3178 668 3250 dum
682 3178 789 3274 legem
804 3177 898 3252 tulit:
915 3179 970 3249 «Si
985 3176 1139 3248 habuerit
1154 3175 1256 3248 bomo

218 3434 268 3493 (ts)
286 3433 338 3482 Lib.
351 3435 405 3483 vn.
417 3433 482 3497 disp.
495 3441 534 3484 8⁰.
547 3449 572 3483 n.
586 3442 608 3483 5.

220 3515 270 3574 (6ο)
286 3514 354 3577 uuo.
367 3516 408 3564 Ν.
421 3518 467 3564 ert.
476 3516 520 3565 111.

220 3594 270 3655 (61)
287 3597 323 3644 De
335 3595 444 3644 mutum.
454 3597 672 3646 commotu!
684 3609 736 3660 seq.

220 3675 270 3735 (62)
286 3677 332 3738 op.
344 3673 387 3724 ctt.
399 3676 461 3738 pert.
475 3675 508 3725 u.
520 3675 559 3726 tlt.
571 3677 591 3724 1.
605 3675 750 3727 Dtcendum
763 3685 786 3726 s.

220 3755 269 3818 (66)
287 3757 423 3806 Dissertat.
436 3768 484 3806 sur
495 3755 523 3806 tu
530 3755 678 3820 potynumte
695 3756 741 3808 des
758 3757 924 3821 patriarches
940 3761 1030 3807 contre
1042 3756 1122 3819 Baete
1132 3757 1141 3817 (
1151 3757 1194 3818 qni
1207 3756 1259 3805 rin·

148 3835 226 3886 «licius
246 3834 343 3886 Caluini
355 3837 495 3900 susceperat
505 3835 524 3899 ).
534 3837 650 3888 Journal
661 3836 694 3888 de
705 3840 825 3888 Tre'coux
838 3851 878 3887 an.
893 3841 961 3888 1766.
972 3837 1028 3886 luil.
1042 3845 1065 3888 2.
1078 3839 1140 3900 part.
1153 3850 1177 3900 p.
1191 3845 1257 3887 1691.

219 3917 271 3980 (st)
285 3918 332 3980 Op.
345 3915 388 3967 cit.
401 3919 528 3982 Apparet.
544 3917 642 3968 emdtt.
659 3917 706 3968 loc.
717 3918 758 3968 cit.

220 3997 273 4060 (65)
286 3997 340 4047 1.(6.
358 3999 435 4048 xxss.
454 4000 533 4048 contr.
549 4000 667 4048 faustum
688 3999 794 4048 manich.
806 4011 828 4048 c.
840 4001 880 4049 47.
892 4000 917 4048 et
930 4003 968 4049 te.
984 4001 1009 4048 et
1027 3998 1101 4059 alibi,
1118 3997 1260 4061 pruoeerttm

139 4077 183 4127 tib.
195 4077 240 4127 111.
255 4079 292 4128 Dc
305 4075 428 4128 doctrino
438 4077 584 4130 ctrtsttuno
595 4092 618 4129 c.
634 4083 671 4129 12.
684 4078 940 4131 ao.etlib.xv1.1)e
954 4079 1028 4129 ctvtt.
1042 4080 1103 4139 Det,
1113 4091 1137 4128 c.
1147 4084 1184 4127 66.
1197 4090 1224 4126 n.
1235 4084 1258 4127 6.

221 4156 271 4218 (66)
287 4157 364 4221 Epist.
379 4159 463 4208 thx.
476 4157 513 4208 ud
533 4161 672 4210 oceanum.
685 4172 710 4208 n.
722 4166 745 4209 6.
758 4158 798 4210 ed.
809 4158 914 4209 vallars.

221 4237 271 4301 (67)
287 4239 353 4290 luter
371 4251 436 4302 qnos
454 4240 545 4290 eminet
559 4239 728 4291 mororum
745 4241 840 4303 emeat.
852 4247 891 4292 66.
907 4240 931 4290 in
951 4242 1039 4290 cenes.
1056 4239 1155 4302 dequo
1176 4240 1261 4302 postea

149 4320 432 4370 sarmentorum
447 4321 473 4370 in
487 4322 626 4385 Appnrutu
644 4319 786 4372 merrtem
805 4323 867 4385 part.
882 4323 913 4371 u.
927 4334 981 4384 cap.
996 4323 1015 4370 Ι.
1027 4334 1052 4382 q.
1066 4327 1089 4369 6.
1102 4333 1126 4369 n.
1140 4324 1179 4370 27.
