2796 5064
150 370 193 439 st
317 392 377 441 ιιιι.
396 392 442 441 ιιι.
464 392 548 442 sacr.
566 394 587 441 ι.
610 393 648 441 ιιι
673 393 767 442 nuru.
788 393 909 444 cunrsr.
931 393 1078 446 currere.

147 510 236 582 mine
261 525 444 581 sanctorum
470 512 713 580 nouusimorum
736 510 872 581 dierum
899 513 958 584 lsti
981 534 1061 586 vero
1086 512 1259 586 owiseimr'

147 626 253 696 sancti
267 650 307 696 ex
326 623 508 724 prophetae
525 650 585 697 seu
604 625 769 723 praesidis
789 627 840 697 sui
860 626 957 699 venia
982 642 1065 715 tres,
1087 645 1249 727 quatuor,

148 755 205 810 aut
231 737 344 836 plures
369 739 495 811 ducunt
519 736 664 824 uxores,
685 739 865 837 repudiant
888 758 946 814 aut
962 741 1141 816 immutant
1157 761 1254 843 prout

149 853 232 952 ipsis
258 851 403 924 libuerit.
426 853 497 925 Hac
521 853 564 924 de
588 878 688 925 causa
713 852 941 926 difficultatem
960 855 1140 928 maximam
1158 883 1255 956 expe

147 966 278 1039 riuntur
301 968 336 1038 in
363 984 453 1040 secta
482 967 695 1065 propaganda
721 994 822 1067 penes
844 968 1023 1064 gubernio,
1051 995 1141 1068 quae
1164 971 1253 1043 eius·

147 1081 236 1155 modi
255 1082 449 1155 scandalum
468 1083 609 1155 tolerare
634 1082 763 1154 nolunt.

218 1198 286 1268 lam
312 1197 414 1269 ulad
442 1224 511 1270 reru
537 1198 752 1282 accedamus,
780 1213 911 1296 praeter
936 1197 1164 1298 polygamiam
1190 1200 1251 1273 lon

145 1310 266 1382 malem
291 1311 524 1384 simultaneam
550 1312 583 1383 vi
610 1312 707 1384 cuius
732 1336 799 1383 uno
824 1309 1010 1409 eodemque
1027 1327 1179 1410 tempore
1201 1315 1253 1386 vir

144 1452 232 1498 unus
250 1424 362 1524 plures
382 1426 481 1500 simul
501 1452 620 1499 uxores
640 1427 776 1511 retinet,
798 1424 902 1498 altera
921 1425 1160 1522 distinguenda
1182 1443 1249 1512 est,

144 1566 219 1612 cum
237 1541 384 1613 secunda
402 1542 534 1613 ducitur
551 1566 634 1612 uxor
648 1539 751 1638 priori
770 1537 883 1611 adbuc
895 1538 1040 1626 vivente,
1057 1539 1117 1612 sed
1131 1541 1253 1640 perdi-

143 1655 283 1728 vortium
303 1655 494 1755 repudiata,
511 1670 567 1727 aut
579 1654 734 1749 coniugio
754 1651 875 1752 quavis
894 1652 937 1725 de
952 1678 1055 1726 causa
1071 1652 1248 1729 dissoluto.

216 1770 286 1840 lam
311 1794 390 1841 vero
414 1769 505 1868 prior
530 1768 741 1867 polygamia,
773 1768 803 1840 si
828 1766 999 1866 excipias,
1031 1783 1069 1840 ut
1084 1767 1249 1853 diximus,

143 1881 371 1967 mormonitas,
393 1880 511 1952 nullibi
529 1880 619 1979 apud
639 1896 859 1980 protestantes
880 1879 1026 1953 obtinet:
1043 1897 1078 1954 at
1090 1881 1253 1980 posterior

144 2022 247 2096 penes
273 1996 406 2069 eosdem
433 1996 620 2069 communis
646 2011 716 2080 est,
736 1995 837 2067 immo
861 1995 961 2068 etiam
984 1994 1072 2094 apud
1099 1995 1176 2070 illos
1198 2023 1253 2070 cu·

144 2109 284 2184 tholioos
310 2108 450 2210 populos
470 2108 504 2180 in
522 2109 646 2208 quibus
663 2109 755 2206 viget
771 2108 824 2181 lex
842 2107 884 2180 de
902 2108 1113 2183 matrimonio
1136 2110 1249 2196 civili,

143 2241 180 2298 ut
206 2225 241 2294 in
267 2223 376 2321 primo
401 2222 486 2296 libro
511 2222 731 2296 ostendimus.
753 2223 837 2294 Nam
863 2221 979 2295 eadem
1004 2223 1157 2309 ratione,
1185 2250 1252 2323 qua

143 2337 253 2412 civilis
270 2337 372 2410 codex
390 2337 500 2410 sancit
516 2336 765 2409 matrimonium
788 2334 906 2421 civile,
937 2336 1044 2410 sancit
1065 2338 1168 2410 etiam
1190 2337 1252 2412 sub

143 2453 232 2526 datis
250 2451 498 2525 conditionibus
517 2450 662 2547 coniugii
681 2449 955 2537 dissolutionem,
972 2451 1124 2552 adeoque
1141 2452 1173 2527 is
1193 2453 1250 2552 qui

143 2567 285 2666 priorem
299 2565 475 2667 coniugem
490 2565 696 2665 repudiavit,
709 2566 741 2637 vi
757 2565 908 2639 eiusdem
921 2565 1006 2662 legis
1020 2564 1119 2638 aliam
1128 2567 1251 2640 ducere

142 2685 267 2782 potest,
297 2679 398 2779 priori
424 2680 534 2753 adhuc
560 2681 758 2778 superstite;
780 2698 813 2752 et
830 2679 894 2752 hac
912 2680 1040 2755 ratione
1057 2680 1249 2781 polygamia

142 2795 340 2870 simultanea
365 2795 455 2895 apud
481 2796 575 2893 ipsos
601 2795 802 2868 christianos
829 2796 1010 2869 invehitur.

214 2909 324 2997 Quum
343 2910 444 3007 igitur
461 2910 604 2983 dicimus
621 2909 847 3010 polygamiam
865 2910 1098 2983 simultaneam
1118 2911 1152 2983 in
1178 2911 1252 3009 lege

141 3025 334 3122 evangelica
346 3024 505 3099 abolitam
517 3052 604 3112 esse,
617 3026 660 3099 de
672 3042 812 3125 utraque
826 3025 1036 3126 polygamiae
1048 3052 1163 3126 specie
1175 3026 1251 3101 heic

142 3140 306 3215 recensita
322 3139 542 3226 disserimus;
563 3140 729 3238 siquidem
749 3165 813 3212 non
833 3140 944 3213 minus
963 3140 1126 3240 posterior
1145 3167 1249 3239 quam

142 3362 313 3422 excreverant,
325 3359 382 3409 iude
392 3360 482 3410 luerint
493 3373 535 3423 per
546 3361 596 3410 viru
605 3361 714 3423 expulsi,
726 3361 757 3411 ad
768 3365 858 3412 elatum
869 3363 912 3424 qui
925 3361 1030 3412 illluols
1040 3361 1140 3426 diclbrr,
1150 3375 1178 3414 se
1187 3376 1252 3415 reue·

142 3443 248 3505 perunl,
263 3439 307 3490 ubi
322 3440 408 3490 urbem
423 3440 584 3491 aedificarunt
595 3454 669 3504 quam
680 3443 791 3492 Nuuooo
804 3441 968 3504 appellarunt,
981 3455 1045 3505 quae
1053 3443 1104 3493 cilo
1112 3444 1250 3494 numereril

140 3520 280 3585 quindecim
296 3520 375 3570 millis
389 3520 523 3570 incolarum
534 3519 566 3570 ed
578 3533 667 3571 noram
676 3520 805 3571 henosion
815 3535 846 3570 ex
857 3521 932 3572 variis
941 3522 1065 3572 Americee
1073 3521 1194 3587 stulibus,
1204 3535 1250 3573 uec

140 3613 190 3650 nou
200 3613 230 3650 ex
241 3600 340 3662 Augila,
352 3600 434 3650 scotia
443 3603 468 3650 et
477 3600 593 3650 Hibernia
604 3601 709 3663 aliisque
723 3601 783 3651 iocis
797 3601 931 3651 acciturum
940 3599 971 3650 ad
981 3600 1039 3651 novi
1047 3601 1171 3665 Evangelii
1180 3615 1248 3666 prse-

138 3679 295 3730 dieulionem.
893 3683 897 3692 ·

212 3759 335 3809 Hactenus
353 3760 470 3822 Iosephus
487 3761 565 3810 smilis
583 3760 608 3810 iu
623 3760 698 3811 citata
713 3760 824 3824 epistola.
842 3759 965 3810 Nonnulla
982 3761 1105 3822 praetereo
1122 3760 1197 3824 puolo
1212 3762 1249 3811 iu·

140 3837 215 3888 serius
228 3838 273 3887 huc
287 3838 396 3888 desecta
412 3838 549 3889 innuamus.
570 3840 669 3889 inter-im
687 3841 839 3903 compertum
850 3840 888 3889 erl
898 3840 1001 3902 primurn
1015 3840 1134 3903 originem
1149 3841 1249 3891 utten-

139 3920 270 3982 lnrumque
287 3919 401 3968 fraudum
418 3932 446 3968 ae
462 3919 617 3982 illusionum,
634 3920 708 3970 luisse
725 3919 915 3982 manuscriptam
929 3919 1036 3969 fabulum
1047 3919 1190 3981 (Romanas)
1202 3920 1250 3970 sub

138 3999 211 4049 initio
222 3998 297 4048 buius
307 3998 398 4048 saoeuli
413 4012 427 4048 a
443 3999 555 4049 ministro
570 4001 718 4062 protesleute
734 3999 857 4062 ingeniose
871 3998 1019 4048 eleboralam
1039 4010 1102 4061 quae
1111 3999 1136 4048 ln
1149 3998 1249 4061 losepbi

138 4077 221 4129 smiln
237 4091 325 4128 munus
343 4078 453 4140 devenit,
468 4079 494 4127 in
507 4091 557 4141 que
572 4078 655 4128 decem
667 4078 775 4128 tribuum
786 4078 860 4128 lsrael
872 4078 898 4126 in
908 4078 1045 4128 Americurn
1056 4077 1198 4139 emigratio,
1208 4091 1249 4129 ea·

140 4171 195 4209 rum
206 4157 399 4220 ridssiludines,
412 4157 536 4221 inlinique
549 4159 649 4207 eventus
663 4158 753 4209 biblico
768 4158 940 4221 prophetarum
957 4156 1021 4220 stylo
1037 4155 1248 4207 describebantur.

140 4238 178 4286 (il.
191 4239 297 4302 Harpen
315 4241 375 4288 llere·
394 4236 510 4299 moulldy
527 4229 670 4299 liooozine.
686 4239 744 4287 llew
760 4236 826 4286 Yorlr
847 4244 913 4287 18⁵3.
926 4237 966 4286 sol
986 4239 1027 4286 Vl.
1046 4235 1097 4285 Tire
1112 4237 1249 4286 nmo

126 4329 194 4379 nte·
208 4321 261 4367 sor.
