2796 5064
141 347 211 418 tto
261 366 326 420 ιιι.
345 368 396 422 ιιι.
416 364 505 418 onor.
525 365 656 418 mrrm.
678 367 719 418 nr
736 366 849 419 trous.
870 367 966 419 mre.
982 367 1108 421 onum.

141 487 278 576 tierent,
307 483 476 562 connubia
500 483 548 557 ita
571 483 661 557 inter
683 509 723 558 se
747 499 1001 573 contraxerant,
1021 501 1060 559 ut
1076 483 1123 559 iis
1144 482 1254 561 iioeret

141 600 285 676 divortia
303 603 423 676 faeere.
441 601 508 688 Qui
525 613 697 699 praeterea
709 599 866 674 observat
880 600 1068 676 sententiae
1080 601 1187 700 Hugii
1203 601 1254 675 nd·

138 716 268 790 versari
291 716 521 790 auctoritatam
540 740 570 788 s.
581 712 777 812 Augustini,
792 713 853 814 qui
870 714 988 788 scribit
1008 742 1065 815 ap.
1082 716 1248 789 LXXXIX.

141 830 343 906 «Ambobus
369 831 496 931 quippe
520 827 715 903 christianis
736 827 813 930 (qui
830 827 961 904 scilieet
976 847 1011 904 et
1025 856 1068 904 ex
1090 830 1256 905 iudaismo

139 960 174 1020 et
192 971 234 1019 ex
258 944 443 1045 gentilitate
466 960 546 1019 suot
571 943 746 1017 christiani
772 941 899 1039 effoeti)
925 942 1092 1019 Dominus
1125 971 1257 1043 praeoe-

139 1060 191 1161 pit
210 1087 252 1135 ne
273 1061 456 1161 quisquam
482 1059 630 1133 dimittat
654 1085 792 1134 uxorem
820 1074 960 1159 excepta
981 1083 1091 1134 eausa
1119 1059 1258 1136 iorniea·

141 1174 243 1250 tionis
259 1177 376 1271 (17).»

213 1289 312 1377 Quod
324 1289 355 1364 si
368 1289 500 1364 Marcus
512 1304 546 1362 et
558 1289 665 1363 Lucas
683 1288 818 1363 silentio
834 1288 1079 1389 praeterierunt
1089 1288 1256 1390 exeeptis·

139 1430 218 1479 uem
234 1404 274 1476 de
291 1430 393 1477 eausa
405 1402 644 1504 (mirationis,
665 1429 732 1476 non
751 1401 829 1478 ideo
846 1402 881 1476 id
898 1402 1024 1477 suetum
1040 1419 1115 1492 est,
1132 1419 1174 1478 ut
1184 1400 1256 1501 ling

139 1519 357 1620 suspicatur,
387 1519 479 1619 quod
503 1517 690 1592 Matthaeus
722 1517 756 1590 in
785 1517 928 1616 gratiam
955 1516 1256 1618 palaestinensium

139 1635 334 1735 scripserit,
357 1633 416 1708 alii
442 1659 522 1708 uero
546 1634 590 1708 ad
616 1632 819 1708 erudiendos
837 1632 1002 1731 gentiles,
1023 1659 1065 1709 ao
1082 1649 1256 1734 propterea

139 1747 311 1823 diversam
336 1748 522 1823 doctrinam
549 1747 680 1822 iudaeis
706 1749 876 1823 oonversis
902 1747 960 1822 iile
984 1748 1203 1849 proposuerit
1217 1747 1256 1822 ab

139 1889 198 1951 ea,
218 1890 321 1964 quam
339 1863 398 1938 alii
416 1864 484 1938 duo
507 1881 754 1965 proposuerunt
777 1863 933 1961 gentibus
957 1862 1185 1938 ohristisnam
1208 1888 1256 1937 re·

140 1977 298 2076 ligionem
325 1979 511 2080 professis;
541 1977 603 2053 sed
627 1978 670 2052 ob
697 1977 843 2053 rationes
867 2004 955 2078 quas
978 1977 1075 2078 ipsos
1099 1978 1206 2054 Marci
1226 1992 1256 2052 ot

142 2093 250 2167 Lucae
274 2109 383 2168 textus
408 2093 634 2193 expendentes
659 2092 820 2193 deinceps
845 2093 1038 2167 afferemus.

214 2207 315 2294 Quod
339 2208 475 2281 demum
504 2216 636 2307 speeta't
662 2208 707 2282 ad
734 2210 842 2307 lttgeri
874 2207 1122 2307 expositionem
1153 2223 1255 2283 textus

138 2321 257 2396 Matth.
277 2324 380 2412 xlx„
396 2322 567 2396 Christum
588 2322 745 2397 videlicet
766 2323 810 2397 ad
831 2338 975 2396 mentem
1001 2321 1254 2423 pharisaeorum

139 2438 358 2538 respondisse
381 2456 419 2513 ut
439 2440 652 2539 interpretem
677 2440 762 2537 legis
787 2439 975 2526 mosaicae,
996 2438 1083 2511 nihil
1101 2439 1253 2512 addimus

140 2555 183 2628 iis
208 2581 297 2655 quae
322 2556 390 2628 iam
416 2555 587 2629 attulimus
613 2555 694 2627 dum
720 2555 918 2628 sententiam
946 2553 980 2625 in
1007 2555 1186 2652 superiore
1201 2580 1254 2657 pu·

140 2671 309 2770 ragrapho
333 2669 470 2745 allatam
494 2671 759 2771 expenderemus
781 2699 789 2758 ;
824 2669 993 2768 siquidem
1025 2670 1148 2744 eadem
1178 2670 1253 2744 haee

139 2787 304 2889 expositio
329 2803 379 2863 est
399 2813 440 2862 ao
465 2786 523 2861 itta
547 2813 636 2887 quae
652 2787 787 2862 aMotta
802 2785 952 2860 etNaohi
977 2786 1170 2884 excogitata
1194 2802 1248 2861 ost.

633 3007 671 3106 a.
700 3007 752 3080 iv.

177 3202 328 3267 Bnpeudttur
341 3204 440 3255 iliorum
451 3204 570 3269 placitum
586 3205 630 3268 qui
647 3217 733 3256 vocem
752 3195 861 3270 πορνεία
878 3205 1006 3269 exponunt
1016 3203 1048 3256 de
1061 3205 1221 3258 [omiottionr

373 3286 412 3334 vet
427 3283 519 3347 ttrgitto
535 3287 592 3336 aute
607 3285 696 3335 initum
711 3285 895 3336 matrimonium
910 3286 1016 3350 patrato.

213 3467 277 3555 Oui
306 3470 351 3543 ita
376 3471 528 3545 sentiunt
551 3497 665 3544 vooem
690 3456 856 3567 μοιχεία
881 3496 969 3571 quae
992 3469 1253 3545 adotoriumr's

139 3583 279 3683 gnificat
303 3587 422 3661 sedulo
447 3585 659 3684 distinguunt
675 3613 696 3660 a
712 3613 794 3661 voce
817 3571 974 3686 πορνεία
999 3611 1089 3685 quae
1112 3587 1253 3688 sommo·

86 3714 92 3725 '
141 3703 258 3773 tionem
283 3701 430 3789 indioat,
451 3728 605 3802 quaeque
622 3703 657 3774 in
675 3729 794 3802 pressa
820 3727 882 3776 sua
908 3699 1159 3799 significatione
1177 3727 1253 3778 non-

139 3816 206 3888 nisi
232 3833 324 3890 oxtra
349 3817 565 3914 coniugium,
594 3844 654 3891 seu
686 3818 772 3892 inter
802 3844 964 3917 personas
990 3816 1122 3892 solutas
1148 3817 1251 3893 loeum

139 3930 264 4006 habere
291 3948 414 4032 potest.

212 4048 262 4120 lta
279 4073 358 4121 vero
371 4047 406 4119 hi
422 4074 517 4120 suam
535 4049 839 4150 interpretationem
856 4065 1048 4149 exponunt:
1073 4049 1162 4124 Loca
1181 4050 1252 4123 Mat·

141 4159 230 4234 thaei
254 4163 304 4236 sio
329 4162 422 4236 reddi
448 4161 593 4250 debent,
614 4180 651 4237 ut
668 4190 790 4238 sensus
814 4163 967 4239 litteralis
993 4164 1053 4238 sit:
1084 4166 1196 4240 lesum
1220 4163 1248 4233 in

211 4313 261 4375 (⁴7)
278 4314 383 4365 Kuioott
398 4315 539 4364 comment.
555 4318 581 4365 tn
600 4314 693 4372 ΜΝ.
707 4317 734 4367 T.
748 4314 838 4366 tutor.
848 4315 879 4365 ad
893 4328 948 4379 rap.
962 4317 992 4365 V.
1007 4321 1045 4367 tt.
1057 4321 1096 4368 tr.
1107 4315 1198 4394 κιαι.
