2796 5064
268 395 1098 449 nummorumrumcuunrssnurnmrn.
1183 375 1255 447 267

131 515 237 588 matri
264 514 415 614 pemiait
438 513 530 587 oobr's
554 512 714 586 dimittere
746 539 866 586 umores
896 528 1045 600 oestrus,⁸
1073 513 1256 615 praecipua

132 644 247 703 autom
273 628 360 727 legis
380 645 518 728 proptor
542 627 701 701 duritiam
727 627 839 703 cordis
866 627 964 716 latae,
984 645 1018 701 et
1036 631 1258 728 praestantis-

133 745 222 818 sima
248 772 330 844 pars
359 745 394 816 in
421 745 496 818 istis
523 744 741 844 proponitur:
770 745 817 818 Ab
843 747 937 818 initio
964 760 1072 818 autom
1101 773 1165 818 oon
1189 748 1257 846 fuit

132 864 193 936 tic.
211 863 257 934 Et
276 863 310 933 in
333 887 419 936 novo
441 861 580 962 quidem
600 878 799 935 testamento
820 861 986 961 quasdam
1010 862 1131 936 horum
1150 862 1257 936 instar

132 978 267 1051 sancita
293 993 391 1050 sunt:
423 976 585 1064 Quoniam
608 978 738 1077 Moyses
764 977 808 1050 ud
840 977 998 1049 duritiam
1024 978 1258 1051 cordisvestri
1336 1066 1340 1071 ,

129 1096 284 1193 pennisit
299 1095 390 1167 cobis
408 1093 569 1166 dimittere
586 1121 705 1167 umores
723 1109 848 1167 uestras
858 1123 869 1179 ,·
890 1121 967 1167 nam
986 1095 1085 1193 quasi
1106 1122 1167 1194 pro
1184 1122 1258 1168 cor·

131 1209 184 1283 dis
196 1237 317 1284 corum
331 1210 456 1283 duritie
470 1210 505 1282 id
519 1211 724 1284 infirmitatis
738 1211 847 1308 gratia
860 1212 1022 1310 scriptum
1036 1228 1105 1284 ost:
1119 1213 1258 1311 Propter

133 1325 383 1423 fornicationem
407 1340 517 1397 cutem
540 1327 762 1423 uuusquisque
790 1352 885 1398 suom
908 1352 1045 1398 uxorem
1070 1327 1206 1411 habeut,
1227 1342 1258 1399 ct

134 1466 348 1538 unaquaequo
367 1466 464 1513 suum
487 1442 596 1512 uirum
618 1440 754 1512 habeut:
775 1456 808 1513 ct
830 1440 935 1512 iilud:
965 1441 1071 1514 Uxori
1088 1442 1142 1513 vir
1167 1441 1258 1514 debi-

138 1569 203 1626 tum
223 1554 361 1642 reddat,·
376 1557 530 1628 similiter
542 1571 650 1629 cutem
662 1570 693 1628 et
704 1583 791 1629 uuor
802 1558 885 1629 viro.
903 1556 966 1630 His
983 1557 1097 1656 itaque
1113 1556 1257 1630 subiun-

133 1670 244 1769 gitur:
269 1671 340 1745 Hoc
362 1686 472 1744 cutem
496 1671 567 1745 dico
592 1671 768 1744 secuudum
787 1671 1047 1769 indulqcntium,
1063 1699 1255 1746 consecun-

132 1784 208 1858 dum
232 1787 420 1884 imperium.
444 1785 533 1871 Quin
558 1802 592 1859 et
613 1785 716 1859 itlud:
736 1786 860 1858 Mulier
878 1787 1022 1884 aliiqatu
1046 1801 1111 1871 cst,
1135 1802 1256 1885 quanto

133 1917 272 2001 tompore
293 1904 431 1974 circius
452 1903 557 1974 uiuit:
580 1902 666 2000 quod
686 1904 719 1975 si
736 1902 903 1975 dormierit
923 1904 977 1975 vir
1001 1905 1089 1987 cius,
1118 1903 1257 1976 liberato

132 2033 189 2103 cst,
207 2019 265 2089 cui
283 2018 356 2090 vult
375 2019 496 2102 nubat,
522 2033 647 2090 tautum
667 2021 703 2090 in
715 2020 867 2103 Domino,
887 2045 947 2118 pro
961 2019 1085 2093 duritie
1097 2020 1210 2094 cordis
1224 2036 1258 2093 et

131 2131 328 2207 infirmitate
351 2133 442 2234 apud
461 2132 600 2207 Paulum
615 2125 713 2208 nobis
728 2133 856 2233 potiora
870 2134 959 2206 dona
973 2135 1112 2221 sectari,
1130 2151 1163 2207 ot
1173 2134 1256 2208 boa-

129 2249 234 2323 tiores
249 2249 337 2323 effici
353 2248 543 2323 nolentibus
556 2249 683 2324 dictum
697 2266 759 2322 cst.
770 2251 839 2322 lam
849 2276 928 2324 vcro
941 2267 1056 2325 contra
1065 2251 1258 2350 Scripturas

130 2360 259 2462 icgcm,
277 2363 409 2436 mulieri
426 2363 559 2438 vivente
575 2363 647 2438 viro
666 2364 792 2437 nubere
810 2364 948 2463 quidam
967 2366 1132 2439 ecciesiae
1151 2381 1258 2439 recto·

130 2505 185 2552 ros
212 2478 458 2579 permiserunt,
487 2495 625 2577 agentes
645 2496 760 2553 contra
778 2479 813 2551 id
831 2479 922 2579 quod
941 2481 1105 2579 scriptum
1128 2496 1199 2568 cst,
1221 2482 1256 2554 in

128 2620 199 2696 qno
227 2594 278 2668 sic
304 2593 465 2669 habetur:
493 2597 616 2668 Mulier
636 2596 777 2694 adipata
804 2611 871 2680 cst,
896 2612 1017 2695 quanto
1046 2613 1182 2694 tempore
1203 2599 1257 2670 uir

128 2711 201 2783 cius
215 2711 320 2793 vicit,
342 2727 375 2784 et
392 2725 507 2784 contra
525 2710 633 2784 illud:
653 2711 765 2808 Ipitur
787 2713 913 2783 uiuente
935 2713 1007 2784 uiro
1024 2713 1142 2783 mulier
1160 2737 1257 2783 uoca-

131 2824 223 2898 bitur
250 2825 421 2911 adultero,
447 2828 479 2899 si
502 2828 603 2926 [uerit
633 2854 705 2900 cum
736 2827 803 2899 clio
830 2828 924 2911 uiro;
952 2853 1018 2900 non
1044 2825 1182 2899 omnino
1207 2842 1258 2898 ta-

130 2967 211 3014 mon
233 2941 309 3014 sine
329 2943 478 3030 rationo,
503 2942 587 3016 hacc
605 2947 695 3016 enim
716 2957 833 3016 contra
852 2941 958 3038 legem
981 2941 1080 3014 initio
1100 2940 1201 3014 latam
1224 2958 1257 3014 et

130 3056 315 3157 scriptam,
345 3059 388 3130 ad
421 3058 559 3131 vitanda
585 3058 721 3158 peiora,
750 3056 861 3132 alieno
885 3056 1025 3131 arbitrio
1049 3083 1176 3130 morem
1202 3083 1257 3154 gc

131 3187 246 3244 rentes
270 3198 330 3244 eos
354 3172 552 3273 permisisse
578 3171 763 3246 verisimile
788 3188 878 3245 cst.»

208 3287 332 3360 «Dicat
346 3314 426 3362 vero
445 3288 587 3363 sortasse
612 3288 770 3362 iudaicus
791 3286 961 3388 quispiam
979 3287 1052 3374 vir,
1073 3314 1112 3361 ex
1132 3287 1176 3361 iis
1193 3287 1253 3388 qni

130 3403 352 3502 sospitatoris
370 3404 478 3477 nostri
497 3403 668 3478 doctrinae
682 3403 841 3501 refragari
856 3404 992 3490 audent,
1011 3406 1122 3476 lesum
1142 3402 1255 3503 ipsum

129 3543 208 3592 cnm
228 3518 334 3590 dixit:
358 3519 472 3590 Omnis
491 3520 550 3616 qui
570 3518 732 3590 dimiserit
752 3544 887 3590 umorem
902 3544 1016 3602 suom,
1035 3533 1169 3616 eccepto
1191 3519 1213 3616 s
1244 3561 1258 3574 ·

129 3635 308 3709 nicationis
332 3660 451 3719 causo,
469 3637 552 3734 facit
578 3661 649 3707 cam
674 3636 851 3717 moechari,
882 3634 1115 3732 repudiandae
1140 3634 1255 3706 uxoris

129 3767 331 3853 potestatem
346 3752 465 3825 iecisse
480 3751 570 3823 haud
585 3777 684 3824 secus
700 3776 739 3822 ac
751 3752 889 3850 Moysen
905 3809 913 3836 ‚
934 3777 1034 3850 quem
1054 3777 1114 3849 pro
1131 3749 1256 3822 duritie

129 3867 246 3942 cordis
260 3867 375 3967 popuii
392 3869 498 3966 legem
514 3866 632 3940 tuiissc
645 3867 747 3938 dixit:
763 3884 796 3939 ot
810 3866 905 3939 iilud:
917 3867 1004 3952 Quia
1016 3867 1202 3965 foeditatem
1220 3868 1254 3937 iu

129 4009 169 4056 cc
185 3985 333 4067 inuenit,
352 3983 442 4056 idem
457 4009 533 4055 asse
546 3983 635 4054 dicet
647 4008 687 4054 ac
702 3982 931 4054 fornicationis
949 4007 1104 4067 causam,
1120 3995 1255 4078 proptor

131 4124 235 4200 qnam
263 4098 337 4172 iure
360 4099 483 4171 mulier
507 4125 527 4170 a
551 4099 624 4172 viro
659 4099 826 4196 repudiari
862 4098 996 4196 possit:
1026 4121 1141 4169 verum
1174 4095 1255 4168 huic

132 4216 406 4316 respondendum
424 4231 496 4304 ost,
518 4214 649 4288 etiamsi
667 4213 810 4311 exlegis
836 4213 994 4285 mandato
1019 4210 1140 4283 mulier
1162 4210 1255 4283 adul·

133 4331 205 4404 torii
234 4356 293 4406 rea
317 4329 491 4431 lapidibus
523 4327 767 4415 mandauit,
795 4353 862 4401 non
888 4329 935 4400 ita
961 4326 1150 4400 foeditatem
1177 4350 1253 4399 esse
