2796 5064
223 382 292 435 cur.
308 382 357 435 ur.
374 381 415 434 nu
427 384 524 436 seusu
538 385 631 435 runo.
648 384 730 435 oruc.
749 384 862 435 rumss.
880 383 975 434 ιιιιιι.
991 384 1062 434 rur.
1080 385 1104 434 1.
1159 358 1227 433 ιιι

180 499 273 575 llaec
290 500 406 601 itaque
425 516 505 575 sunt
521 527 551 575 s.
569 500 751 601 Epiphanii
765 501 867 575 verba
885 501 1024 574 Haeres.
1041 502 1122 572 Llll.
1143 530 1160 570 ι
1178 503 1228 574 lta
1320 521 1323 525 ·

115 613 259 713 prolecto
282 639 361 687 sese
381 641 435 688 res
466 613 589 702 babet,
618 629 654 688 ut
680 631 757 713 post
782 614 906 688 Christi
935 615 969 686 iu
989 615 1103 688 orbem
1129 631 1230 689 terra·

115 755 178 803 um
201 728 385 802 adveutum
411 754 470 802 eos
495 729 693 828 omnesqui
720 743 795 829 post
820 729 949 829 priores
981 728 1116 830 nuptias
1140 755 1229 803 mor·

115 870 159 917 ua
187 869 295 916 uxore
321 842 436 916 alteris
457 870 495 917 se
526 844 654 943 nuptiis
681 843 842 941 illigerint
861 845 1080 918 sanctissima
1097 845 1158 919 Dei
1181 843 1230 916 di·

115 956 255 1059 oiplina
273 958 448 1031 reiieiat...
477 959 514 1029 lu
542 958 684 1058 populo,
702 975 837 1058 propter
860 959 935 1032 eius
962 960 1227 1033 imbecillitatem

115 1072 239 1147 olerari
268 1072 360 1146 istud
387 1088 521 1172 potest,
545 1089 582 1146 ιιι
611 1073 669 1174 qui
702 1100 805 1147 uxore
842 1074 952 1171 prima
978 1075 1121 1148 conteuti
1151 1098 1228 1148 esse

115 1214 165 1263 ion
187 1204 354 1288 possunt,
379 1215 421 1261 ea
443 1205 591 1275 mortua,
614 1187 796 1262 secundam
815 1188 880 1261 sibi
907 1189 1075 1289 copulent.
1101 1189 1244 1299 Quam·¹

115 1329 205 1403 [uam
227 1303 286 1402 qui
303 1329 405 1375 unam
418 1302 591 1377 dumtaxat
614 1302 746 1389 habuit,
764 1304 884 1375 maiori
914 1302 1077 1376 ecclesiae
1102 1303 1227 1377 iudicio

115 1441 235 1490 ronore
262 1415 386 1513 dignus
411 1432 474 1490 est.
492 1416 558 1489 Sed
581 1417 636 1490 cui
663 1433 794 1489 mortua
810 1443 879 1488 uua
897 1443 963 1490 non
989 1417 1128 1505 suffieit,
1150 1443 1225 1490 cum

115 1531 283 1605 mensione
309 1528 424 1630 aliqua
449 1530 557 1630 stupri
583 1530 826 1631 adulteriique,
848 1547 904 1603 aut
927 1530 1065 1604 alterius
1089 1531 1222 1629 llagitii,

115 1674 179 1720 nrm
202 1674 245 1720 ea
265 1646 447 1720 divortium
471 1646 603 1735 lecerit,
634 1648 663 1721 is
686 1649 715 1721 si
742 1648 880 1721 alteram
905 1673 1042 1721 uxorem
1070 1648 1222 1734 duxerit,

115 1782 159 1837 ιιιι
184 1763 283 1836 alteri
309 1763 383 1837 viro
403 1762 525 1836 mulier
550 1765 721 1863 nupserit,
750 1790 923 1837 sacrarum
940 1763 1137 1837 Litterarum
1166 1790 1226 1837 au·

115 1880 244 1955 :toritas
269 1877 314 1951 ab
338 1878 429 1953 omni
451 1877 552 1979 eulpa
579 1879 656 1953 illos
682 1879 847 1967 absolvit;
876 1906 986 1979 neque
1011 1878 1054 1952 ab
1081 1879 1224 1953 eeclesia

115 2011 160 2069 ιιιι
184 2010 324 2068 aeterna
348 1995 417 2068 rita
451 1994 579 2082 reiicit,
607 1993 669 2068 sed
703 2012 839 2094 propter
861 1994 1122 2068 imbecillitatem
1147 1995 1226 2070 tole

115 2110 230 2187 andos
255 2110 440 2183 existimat.
471 2111 544 2183 Non
572 2111 619 2183 ita
641 2127 777 2197 tamen,
798 2111 884 2183 duas
910 2127 948 2184 ut
973 2109 1078 2182 altera
1104 2132 1224 2208 super-

115 2226 179 2301 tite
204 2251 327 2299 uxores
353 2224 455 2298 simul
477 2225 619 2311 habeat,
642 2225 702 2298 sed
729 2240 765 2297 ut
795 2224 838 2297 ab
864 2253 933 2299 una
959 2242 1153 2326 separatus,
1181 2225 1226 2298 al·

115 2367 211 2415 eram
238 2340 305 2413 sibi
326 2341 487 2438 legitime,
510 2341 538 2413 si
558 2341 670 2428 lubet,
692 2341 865 2438 adiungat.
897 2341 1122 2426 Quamobrem
1147 2367 1227 2438 erga

115 2455 268 2531 iusmodi
295 2456 465 2529 bominem
489 2471 557 2530 tam
574 2456 710 2530 divinus
734 2482 856 2542 sermo,
873 2483 974 2556 quam
999 2455 1144 2528 ecclesia
1160 2455 1222 2527 Dei

115 2571 369 2650 uiserieordiam
388 2571 537 2658 adhibet,
557 2573 753 2671 praesertim
776 2571 805 2643 si
824 2572 964 2644 caeteris
989 2571 1023 2642 iu
1046 2570 1147 2643 rebus
1174 2597 1227 2643 re-

115 2687 246 2785 igiosus
271 2685 328 2759 ille
361 2685 425 2774 sit,
453 2703 486 2760 et
513 2685 556 2759 ed
582 2685 717 2759 divinae
748 2685 833 2783 legis
864 2687 1110 2784 praescriptum
1137 2685 1226 2756 vitae

115 2828 191 2875 tuae
217 2801 364 2874 rationes
384 2801 624 2875 accommodet.
647 2801 744 2886 Quod
770 2802 835 2875 nisi
857 2802 904 2874 ita
920 2816 1023 2886 esset,
1040 2825 1225 2899 numquam

115 2916 216 2990 tuuis
242 2915 424 3015 Apostolus
449 2917 608 2990 dixisset:
639 2917 792 3000 Nubant,
816 2918 902 3016 filios
915 2931 1096 3014 procreent,
1125 2916 1226 3014 farni-

115 3034 157 3105 iis
171 3033 335 3130 praesint.
363 3031 428 3104 Sed
456 3057 565 3130 neque
590 3032 633 3104 de
657 3031 793 3106 homine
820 3031 899 3117 illo,
924 3031 983 3130 qui
1009 3032 1114 3129 patris
1140 3055 1223 3102 uxo·

115 3174 171 3221 em
198 3147 357 3233 duxerat,
377 3146 420 3220 ob
438 3145 541 3246 idque
557 3162 692 3219 somnae
715 3149 750 3217 in
767 3148 935 3219 interitum
955 3147 1064 3217 carnis
1084 3145 1224 3217 traditus

115 3265 229 3346 iterat,
259 3262 305 3335 ita
329 3261 538 3361 loqueretur;
566 3261 608 3334 Ut
632 3264 769 3360 spiritns
799 3262 912 3335 solvus
951 3263 995 3332 sit
1019 3263 1054 3331 in
1083 3259 1134 3332 die
1160 3260 1226 3332 Do·

115 3380 197 3451 nini.
214 3378 330 3476 Neque
349 3376 431 3450 illud
453 3392 677 3476 usurparet...
693 3377 759 3449 Cui
769 3377 899 3474 aliquid
923 3375 1081 3460 donastis
1099 3391 1130 3447 et
1153 3402 1223 3473 epo:

115 3492 267 3580 leonium
288 3491 414 3590 siquid
431 3491 562 3575 donavi,
588 3507 722 3590 propter·
745 3492 941 3564 condonavi
966 3494 1000 3563 in
1025 3492 1110 3590 socie
1130 3491 1227 3562 Clrri·

118 3609 163 3692 ti,
192 3634 232 3679 ne
262 3609 556 3679 circumveniamur
581 3634 602 3677 o
619 3621 750 3690 solano,
780 3634 881 3704 noque
912 3609 997 3678 enim
1022 3607 1115 3678 illins
1140 3621 1226 3677 ostu-

115 3726 166 3797 ios
180 3725 383 3822 ignoramus.
401 3721 502 3795 Vides
522 3739 558 3793 ut
577 3721 802 3820 poenitentiae
823 3720 932 3795 locum
951 3722 1050 3793 etiam
1070 3737 1147 3819 post
1171 3720 1226 3791 de·

115 3839 180 3913 icta
202 3838 365 3912 concedat
393 3836 548 3932 (123)?»
567 3836 697 3909 Deinde
723 3837 823 3935 paulo
845 3854 922 3936 post
943 3836 1074 3909 subdit:
1104 3834 1224 3906 «Illud

115 3954 241 4053 Ιιιίἀθιιι
267 3968 414 4026 constat:
437 3951 562 4024 nemini
596 3952 704 4024 fraudi
732 3979 809 4025 esse
832 3952 1085 4052 poenitentiam:
1116 3976 1224 4047 noque

115 4095 202 4168 {uem
243 4083 452 4167 peccatorum
485 4069 632 4141 omnium
667 4069 829 4167 poenitet,
868 4069 958 4142 reiici
991 4084 1047 4141 aut
1076 4063 1219 4139 excludi.

172 4320 242 4381 (ιιι)
258 4317 303 4368 Ed.
317 4322 399 4369 Pctar.
413 4333 466 4381 rap.
481 4321 521 4369 tv.
533 4333 587 4382 pag.
601 4324 647 4369 teo
656 4332 709 4381 req.

184 4425 226 4478 lll
