2796 5064
144 343 214 414 toi
320 365 381 414 nin.
403 365 450 414 ur.
471 364 558 415 arur.
581 367 604 415 r.
624 363 1078 421 nrurra.uumsn.umrtr1t.

142 482 278 582 quidem
293 480 458 554 interdum
473 497 567 554 terna
585 498 621 556 ut
641 483 715 582 ipae
732 482 897 582 loquitur,
915 501 949 557 et
961 500 1126 583 quaterna
1138 484 1252 561 mnin-

142 598 209 694 gia,
225 623 289 668 oco
307 611 372 669 tum
389 599 541 696 ccciuqt'c
559 597 656 684 dicit,
674 624 774 697 quam
800 597 1040 672 «miseriarum
1060 599 1205 688 solatia,
1224 619 1252 676 et

142 727 321 785 extremam
336 710 483 784 tabulam
497 712 734 810 naufragorum
752 714 844 808 (92);
860 742 878 782 n
897 713 1068 787 interdum
1087 740 1171 788 vcro
1195 716 1252 790 ion

142 853 209 899 uno
227 826 362 899 nomine
379 827 569 901 tolerandas
587 827 733 900 affirmat
750 827 864 901 tertias
883 828 1040 928 nuptiae,
1059 829 1155 928 quod
1169 855 1252 930 prae

142 943 299 1018 ferendae
324 944 392 1017 nint
414 970 490 1017 cum
517 943 672 1043 pluribus
702 943 894 1016 scortationi
919 942 1057 1017 dicens:
1091 944 1252 1019 «Tolera-

142 1058 246 1134 bilius
271 1073 323 1132 est
346 1058 405 1131 uni
432 1057 561 1132 homini
587 1058 798 1157 prostitutam
821 1082 1024 1157 essequam
1045 1057 1183 1132 multis:
1212 1060 1252 1132 ei·

142 1177 279 1278 quidem
300 1192 334 1252 et
352 1177 411 1250 illa
436 1178 471 1249 in
498 1174 672 1274 evangelio
693 1177 829 1250 loannis
847 1176 1053 1250 samaritana
1072 1191 1206 1251 eertum
1223 1202 1252 1249 er

143 1291 267 1365 habere
291 1291 448 1364 maritum
473 1291 611 1378 dicens,
636 1291 787 1388 arguitur
807 1317 828 1363 a
848 1290 991 1364 Domino
1012 1290 1104 1389 quod
1125 1316 1194 1364 non
1215 1289 1252 1364 eit

141 1407 192 1481 vir
215 1407 302 1481 eiua.
332 1407 396 1479 Ubi
412 1407 502 1479 enim
528 1432 688 1479 numerus
714 1405 909 1479 maritorum
927 1420 1001 1491 est,
1024 1404 1073 1477 ibi
1094 1404 1173 1491 vir,
1200 1404 1252 1503 qni

141 1523 276 1621 proprie
301 1547 390 1594 unus
415 1538 486 1607 est,
512 1545 590 1594 esse
615 1519 718 1592 desiit
738 1520 811 1613 (93)
827 1547 872 1605 ,ι
899 1532 933 1591 et
950 1517 1033 1592 alibi
1056 1519 1188 1617 passim
1204 1544 1252 1593 ea·

141 1636 218 1710 dem
240 1637 362 1737 repetit
388 1638 478 1732 (91).

214 1754 281 1825 Nec
305 1751 349 1825 ab
373 1752 438 1825 hae
460 1753 627 1825 sententia
644 1752 838 1850 discrepare
860 1750 993 1824 videtur
1009 1776 1040 1824 e.
1063 1749 1252 1847 Fulgentitu

142 1866 200 1965 qui
226 1865 410 1962 bigamiam
435 1880 564 1938 tantum
591 1881 649 1938 aut
674 1863 864 1962 trigamiam
889 1891 931 1937 ex
955 1863 1166 1961 indulgentia
1186 1888 1252 1964 poe

141 1983 282 2056 missam
300 1980 420 2067 docet,
442 2006 504 2053 nec
519 1980 662 2054 ulterius
681 1978 893 2079 progreditur
913 1981 1009 2074 (911);
1028 2004 1092 2051 nec
1108 2003 1177 2051 non
1188 1976 1252 2051 iio.

142 2096 261 2168 rardus
286 2095 478 2168 turonensis
503 2095 705 2194 episcopus,
730 2094 789 2192 qui
815 2093 903 2166 inter
926 2092 1075 2192 capitula
1092 2118 1115 2165 a
1137 2118 1177 2166 se
1191 2090 1252 2167 cul·

141 2209 247 2298 lecta,
263 2208 328 2283 hoc
343 2212 443 2283 etiam
459 2211 620 2284 inseruit:
653 2208 804 2281 «Nullus
826 2207 934 2282 laicus
954 2206 1032 2307 plus
1052 2233 1158 2306 quam
1175 2208 1252 2283 duat

141 2350 262 2399 uxoren
286 2325 428 2398 habeat:
453 2325 545 2423 quod
570 2339 664 2399 extra
690 2339 764 2409 est,
794 2323 836 2395 ad
863 2321 1064 2396 adulterium
1091 2321 1252 2419 pertinet.

142 2441 297 2514 similiter
321 2459 353 2514 et
377 2439 498 2512 mulier
525 2443 651 2535 (96).»
681 2440 720 2511 ln
746 2437 976 2512 Poenitentiali
1004 2461 1144 2511 romano
1169 2436 1252 2537 apud

140 2555 315 2652 Hugonem
339 2555 535 2628 Menardum
562 2555 605 2627 ad
631 2554 755 2626 librum
781 2567 1068 2626 sacramentorum
1082 2578 1112 2626 s.
1136 2552 1252 2649 Gregc

141 2670 182 2741 rii
204 2670 248 2742 ii.
265 2671 481 2743 constitutum
496 2687 565 2743 est:
590 2670 653 2740 «Si
673 2667 854 2740 cuiuslibet
870 2666 1019 2740 hominis
1037 2682 1171 2740 mortua
1188 2667 1252 2740 tuc-

141 2785 185 2858 rit
209 2811 310 2872 uxor,
339 2784 441 2857 habet
465 2800 661 2885 potestatem
686 2782 839 2880 accipere
856 2782 1012 2854 alteram:
1042 2781 1201 2854 similiter
1225 2798 1252 2855 et

131 2899 272 2972 mulier.
306 2900 340 2970 Si
371 2900 503 2973 tertium
534 2897 725 2997 acceperit,
753 2897 879 2970 ieiunet
901 2894 1133 2970 hebdomadas
1168 2913 1251 2970 tres:

140 3016 169 3088 si
208 3032 364 3113 quartum
401 3015 592 3115 acceperit,
634 3014 760 3085 ieiunet
798 3010 1027 3086 hebdomadas
1064 3012 1188 3109 viginti
1225 3027 1252 3086 et

140 3155 243 3202 unam
271 3133 398 3225 (91).»

213 3244 303 3317 Haec
327 3243 464 3343 quidem
488 3245 666 3316 verissima
688 3260 789 3330 sunt,
816 3242 1065 3341 ostenduntque
1090 3242 1252 3317 ecclesiae

140 3357 296 3456 spiritum
323 3373 476 3456 respectu
500 3357 673 3430 viduitatis
703 3373 736 3430 et
759 3356 948 3441 castitatis,
979 3370 1127 3428 ceterum
1160 3381 1252 3430 nemo

216 3517 266 3578 (91)
284 3519 318 3566 in
332 3519 424 3566 ierem.
438 3515 481 3565 lib.
491 3517 535 3566 111.
548 3530 601 3579 cap.
611 3525 647 3568 te.
661 3517 710 3566 vol.
720 3523 740 3566 1.
756 3530 813 3579 opp.
834 3515 874 3565 ed.
896 3514 1001 3564 vallare.
1015 3517 1075 3564 tom.
1086 3516 1130 3565 lv.
1142 3517 1191 3565 eoi.
1204 3523 1252 3567 991.

216 3597 266 3658 (99)
282 3595 337 3648 Lib.
356 3599 377 3645 1.
389 3595 445 3644 adv.
458 3596 578 3650 lovinion.
593 3597 632 3646 ed.
645 3597 687 3646 eil.
701 3599 760 3646 tem.
776 3594 934 3645 limittit.

217 3677 267 3734 191)
283 3679 318 3726 111
328 3677 353 3728 in
365 3690 404 3739 ep.
422 3676 454 3727 ad
474 3676 634 3740 ageruchiam
653 3677 684 3726 de
695 3678 847 3740 monogamia
864 3676 903 3726 ed.
917 3676 959 3724 cit.
975 3688 999 3723 n.
1015 3682 1068 3725 119.
1087 3680 1215 3740 quiaetoto
1224 3679 1252 3727 att

137 3757 168 3808 de
186 3758 233 3807 hoc
255 3757 416 3818 argumento,
437 3755 480 3804 ubi
501 3755 533 3805 ad
559 3755 753 3819 persuadendam
783 3755 962 3816 monogamiam
984 3753 1100 3816 pleraque
1122 3754 1252 3819 desumpti

138 3849 167 3886 er
190 3834 356 3895 Tertulliano,
379 3834 424 3885 etsi
447 3835 546 3884 diversa
563 3836 664 3887 omnino
682 3836 771 3885 mente.
794 3837 855 3885 ilem
878 3833 1044 3883 Tertullianus
1058 3834 1086 3883 ut
1104 3833 1252 3898 illegitima

138 3915 300 3979 polygamiae]
318 3914 481 3964 cumacinum
497 3914 618 3977 traducit;
636 3916 721 3964 eontra
740 3927 799 3964 vero
816 3927 837 3963 c.
850 3913 1014 3976 Hieronymus
1029 3911 1061 3962 ab
1072 3926 1100 3962 ea
1111 3914 1214 3966 abducit
1222 3915 1252 3963 vl·

138 3994 201 4044 duce
217 3995 261 4043 aut
273 3992 361 4050 viduas
382 3992 482 4042 maioris
497 3993 651 4056 perfectionis
669 4006 752 4044 causa.

216 4076 268 4134 (99)
287 4074 322 4120 ve
339 4071 405 4121 Fide
420 4071 457 4121 ud
471 4074 543 4121 Petr.
559 4085 612 4134 cap.
627 4079 650 4122 9.
662 4085 687 4121 n.
700 4076 739 4122 19.
754 4073 815 4121 item
825 4085 847 4121 e.
863 4071 1137 4122 incomminus.
1153 4077 1219 4124 teat.

214 4151 265 4213 (99)
281 4152 385 4202 119111.
404 4151 470 4214 apud
484 4150 559 4201 Lnbb.
574 4155 633 4201 torn.
648 4153 714 4200 vill.
726 4151 815 4201 concii.
828 4165 853 4213 p.
867 4157 922 4201 995.
937 4151 1021 4201 tioruit
1037 4152 1120 4201 autem
1137 4149 1252 4202 liemon

137 4243 178 4280 lili.
195 4238 250 4280 858.

217 4311 267 4372 (97)
282 4313 346 4373 opp.
369 4324 389 4360 ι.
402 4313 475 4373 Greg.
487 4310 526 4360 ed.
540 4312 619 4360 Maur.
634 4313 695 4359 tom.
708 4311 751 4359 111.
764 4309 812 4358 ccl.
828 4314 883 4360 teu.
