2796 5064
145 342 189 424 δέ
320 369 381 423 nm.
399 368 447 422 m.
464 368 549 422 saer.
569 369 593 420 1.
611 368 905 421 anstrannum.
923 368 1067 420 nutrire.

144 509 207 564 tur.
229 489 402 590 Siquidem
426 491 510 565 istae
534 489 739 588 exceptionis
765 487 872 561 instar
889 504 983 574 sunt,
1005 514 1148 588 quarum
1168 490 1249 562 ratio

144 606 259 679 haberi
285 606 401 704 nequit
425 630 500 677 cum
527 605 638 701 agitur
655 604 697 676 de
715 605 777 690 iis,
800 629 887 703 quae
904 603 1124 676 communiter
1147 604 1253 676 solent

143 721 344 817 contingere.
367 721 522 792 Namare
542 720 680 818 perinde
705 744 744 790 ac
771 718 823 791 lex
848 744 887 790 ea
913 743 999 818 quae
1025 719 1160 790 nonnisi
1181 746 1254 793 ram

144 835 322 907 admodum
354 835 510 906 accidunt
535 860 600 905 non
629 848 774 933 spectat,
802 833 859 904 sed
887 858 1038 930 eaquae
1064 834 1254 933 frequenter

144 969 243 1049 atque
268 966 304 1021 ut
331 949 508 1046 plurimum
537 951 669 1020 evenire
695 964 938 1021 consueverunt
955 951 1043 1043 (ll).

216 1065 305 1136 Alter
332 1065 429 1147 linie,
457 1066 572 1163 quiin
601 1081 687 1136 rocta
716 1064 818 1163 prolis
843 1065 1051 1136 institutione
1075 1066 1250 1150 consistit,

143 1206 241 1273 aegre
268 1180 391 1275 pariter
416 1196 472 1251 aut
497 1179 551 1250 vir
576 1179 712 1251 omnino
737 1178 921 1277 comparari
942 1195 1066 1276 potest:
1090 1179 1195 1278 idque
1212 1179 1254 1253 ob

145 1296 344 1395 peculiarem
365 1294 574 1367 dilectionem
595 1323 695 1395 quam
715 1295 854 1367 maritus
871 1321 951 1390 erga
968 1320 1069 1366 unam
1090 1322 1171 1393 prac
1188 1295 1254 1369 alia

143 1438 245 1482 uxore
270 1410 409 1482 allectus
436 1426 497 1481 cst.
521 1412 594 1495 Oua
621 1410 878 1508 praedilectione
897 1410 954 1494 fit,
974 1426 1011 1480 ut
1028 1410 1101 1481 eius
1120 1438 1254 1511 quoquo

145 1527 231 1599 lilios
258 1527 397 1598 alierum
426 1525 505 1598 liliis
534 1526 696 1624 praeferat
714 1552 788 1597 eum
808 1541 989 1598 ceterorum
1018 1523 1143 1597 damno
1169 1551 1252 1625 quos

142 1657 200 1714 aut
225 1639 380 1736 negligit,
402 1655 460 1710 aut
477 1656 566 1711 certo
585 1666 650 1711 non
669 1639 801 1737 aequali
828 1664 940 1711 amore
965 1664 1003 1710 ac
1030 1638 1254 1713 sollicitudine

143 1744 300 1856 prosequi
321 1755 416 1827 solet.
438 1754 542 1827 Cuius
562 1755 608 1826 rei
627 1769 875 1827 monumentum
896 1751 1071 1825 indubium
1088 1753 1253 1829 habemus

143 1873 178 1944 in
205 1871 351 1944 mosaica
385 1869 614 1967 legislatione,
645 1871 678 1940 in
705 1897 772 1969 qua
798 1867 899 1969 paulo
924 1885 999 1968 post
1024 1869 1181 1969 superius
1206 1870 1254 1942 al·

142 1988 252 2085 legata
275 1986 398 2060 verba:
426 1986 492 2057 «si
513 1985 667 2058 habuerit
692 1985 791 2058 homo
819 2009 938 2057 uxores
963 1984 1049 2056 duas
1076 2011 1178 2057 unam
1204 1985 1254 2058 di·

141 2103 278 2189 lectem,
308 2117 340 2174 et
365 2100 501 2173 alteram
528 2102 677 2175 odiosam
690 2133 707 2170 »
728 2100 902 2172 subditur:
926 2100 1201 2199 «genuerintque
1215 2127 1254 2173 ex

143 2244 183 2291 eo
208 2217 352 2302 liberos,
382 2232 414 2289 et
441 2217 539 2290 luerit
563 2217 655 2289 lilius
680 2216 816 2290 odiosae
843 2215 1106 2313 primogenitus,
1134 2215 1253 2289 volue-

143 2333 252 2432 ritque
278 2332 501 2405 substantiam
530 2333 615 2403 inter
640 2331 727 2403 lilios
754 2357 834 2402 suos
860 2330 1025 2402 dividere:
1047 2356 1114 2401 non
1135 2331 1255 2430 poterit

144 2447 249 2520 lilium
267 2445 408 2519 dilectae
427 2447 536 2519 lacere
555 2446 811 2544 primogenitum
827 2504 833 2531 ‚
851 2460 883 2516 et
899 2444 1063 2542 praeferre
1078 2443 1149 2517 titio
1161 2445 1254 2519 odio·

143 2590 214 2649 sae,
236 2564 295 2636 sed
315 2562 420 2634 lilium
445 2563 583 2635 odiosae
609 2576 767 2658 agnoscet
796 2560 1053 2659 primogenitum
1078 2561 1254 2655 (llllnllx

143 2678 266 2778 quibus
286 2695 375 2777 petet
394 2704 494 2776 quam
520 2703 661 2775 pronum
685 2675 811 2748 homini
832 2675 875 2746 sit
893 2673 936 2746 ob
955 2672 1133 2772 specialem
1165 2700 1254 2774 prae

142 2794 371 2878 dilectionem,
389 2821 456 2893 qua
475 2793 577 2864 fertur
591 2793 624 2863 in
640 2818 739 2863 unam
760 2817 910 2875 uxorem,
927 2789 1028 2861 huius
1041 2789 1149 2885 gratia
1167 2789 1254 2864 lilios

141 2934 182 2982 ex
198 2936 240 2982 ea
258 2910 451 3008 progenitos
478 2924 680 3006 anteponere
698 2906 777 2978 filiis
796 2905 934 2977 alterius
960 2904 1070 2975 minus
1096 2903 1249 2977 dilectae.

212 3026 261 3096 De
288 3025 383 3096 tertio
411 3025 495 3108 fine,
517 3023 574 3122 qni
594 3038 645 3095 est
666 3020 847 3093 remedium
877 3019 1170 3116 concupiscentiae
1188 3019 1253 3091 iam

141 3139 287 3211 diximus
314 3139 406 3211 illum
432 3137 574 3209 obtineri
602 3136 692 3209 haud
719 3161 838 3234 posse,
865 3134 946 3233 quin
972 3159 1112 3206 necesse
1129 3135 1175 3206 sit
1191 3134 1254 3206 hac

141 3255 175 3324 in
197 3280 231 3325 re
249 3254 377 3325 diutius
403 3254 570 3325 insistere.

214 3367 308 3454 Quae
334 3367 469 3466 quidem
497 3369 608 3440 omnia
633 3367 872 3440 confirmantur
891 3393 929 3439 ex
956 3367 1019 3452 iis,
1048 3391 1135 3465 quae
1161 3392 1255 3464 prae-

142 3484 231 3556 clare
256 3482 344 3553 banc
371 3482 403 3552 in
431 3507 499 3553 rem
526 3481 643 3554 scribit
667 3480 847 3578 Angelicus
873 3481 1006 3553 doctor:
1039 3477 1255 3555 «Pluralitae

140 3626 279 3671 uxorum
308 3625 416 3696 neque
443 3598 586 3670 totaliter
620 3597 722 3684 tollit,
752 3625 859 3696 neque
894 3595 1085 3695 aliqualiter
1114 3596 1256 3695 impedit

141 3713 286 3811 primum
314 3713 413 3783 finem
443 3712 711 3806 (matrimonii),
728 3738 803 3784 cum
830 3738 918 3782 unus
943 3710 995 3782 vir
1019 3709 1166 3782 sufficiet
1184 3710 1257 3809 plu·

141 3827 234 3900 ribus
269 3826 429 3900 uxoribus
465 3827 728 3912 foecundandis‚
757 3842 789 3898 et
814 3824 1000 3898 educandis
1031 3824 1110 3896 liliis
1136 3851 1177 3896 ex
1203 3826 1255 3899 eis

143 3942 245 4016 netis:
275 3942 334 4015 sed
363 3943 548 4016 seeundum
567 3943 667 4014 linem
685 3943 748 4014 etsi
767 3968 833 4015 non
853 3940 997 4015 totaliter
1015 3939 1119 4027 tollit,
1141 3956 1253 4013 tamen

142 4056 281 4130 multum
300 4057 461 4156 impedit,
482 4056 630 4155 eoquod
648 4083 715 4130 non
734 4056 830 4130 laeile
852 4071 961 4155 potest
978 4080 1056 4128 esse
1072 4081 1137 4154 pax
1155 4055 1191 4124 in
1209 4055 1257 4127 fa·

213 4245 263 4305 ut)
279 4247 307 4294 1..
320 4243 433 4294 Ncmud
443 4256 475 4294 ca
488 4245 516 4293 ll.
527 4246 565 4293 De
582 4243 688 4306 testem.

212 4325 261 4383 (75)
279 4325 349 4372 Dent.
364 4323 429 4372 xxl.
441 4327 517 4373 15-17.
