2796 5064
230 386 1069 442 clamosarumraru.cru.mo1ss.nara.rar.1.
1142 367 1211 441 333
1245 410 1247 414 .
1268 366 1271 372 ’

109 511 194 584 tinus
216 509 310 597 aius,
333 506 387 582 vel
405 508 440 580 in
458 507 524 583 hoe
543 533 664 607 opera,
688 506 740 579 vel
761 508 797 578 in
817 506 885 581 alio
907 534 961 581 me
980 507 1091 583 adhuc
1108 509 1216 609 expli-

109 650 213 709 assa,
237 622 291 698 val
310 624 376 696 iam
394 648 515 722 posse,
531 622 561 696 si
576 646 708 718 urgear,
729 620 898 720 explicare
913 623 1137 718 (133).»οιιο
1154 649 1215 723 pa-

109 740 177 813 itar
203 739 353 811 raserunt
372 762 460 837 quaa
484 762 514 810 s.
526 737 624 808 Pater
641 734 779 835 scripsit
795 735 830 806 in
848 734 934 809 libro
951 736 999 808 De
1016 736 1079 836 fido
1096 752 1127 810 et
1142 764 1217 836 ops-

109 856 211 928 r'bus:
230 856 304 928 «Et
328 855 362 927 in
386 853 471 954 ipsis
497 852 622 927 divinis
649 851 825 925 sententiis
851 852 897 925 ita
925 852 1107 926 obscurum
1139 869 1213 941 est,

109 988 211 1046 rtrum
237 986 272 1044 ct
291 971 374 1057 ista,
402 970 457 1043 cui
482 967 621 1068 quidem
649 968 723 1040 sine
748 966 850 1041 dubio
869 967 1054 1042 adulteram
1071 967 1149 1043 licet
1169 969 1218 1042 di·

109 1087 253 1172 nittere,
282 1083 413 1157 adulter
436 1099 548 1156 umen
574 1081 758 1169 habeatur,
780 1081 809 1155 si
828 1082 966 1156 alteram
984 1081 1135 1171 duxerit,
1156 1099 1214 1170 ut,

109 1217 263 1302 quantum
289 1199 465 1285 existimo,
494 1196 670 1271 venialiter
686 1197 733 1270 ibi
752 1198 899 1297 quisquc
922 1196 1055 1270 fallatur
1074 1200 1214 1294 (l'lt).o

109 1316 202 1390 liunt
228 1317 264 1386 2.
285 1313 366 1386 alibi
392 1313 595 1388 contrarium
620 1312 797 1400 docuisse,
826 1312 929 1386 licere
960 1313 1121 1387 videlicet
1144 1314 1216 1413 ple-

109 1458 177 1505 rum
204 1429 386 1504 diuortium
412 1429 448 1501 in
474 1426 630 1502 adulterii
648 1453 751 1516 casu,
773 1429 817 1501 ad
834 1429 925 1528 quod
944 1428 1215 1528 persuadendum

109 1546 275 1646 ¹auferunt
291 1544 429 1644 quoda.
451 1542 660 1640 Augustinus
682 1543 820 1642 scripsit
837 1542 872 1614 in
891 1543 951 1616 lib.
972 1544 1020 1616 De
1040 1543 1119 1615 bono
1142 1570 1219 1615 coo-

108 1662 209 1763 ispali
220 1689 229 1731 :
244 1660 336 1747 «Qui
361 1660 452 1734 enirn
478 1659 617 1732 dimittit
646 1685 782 1732 uxorem
815 1686 912 1732 suam
944 1676 1082 1758 excepta
1110 1686 1214 1734 causa

109 1776 352 1864 brnieationis,
367 1774 449 1848 lacit
464 1800 539 1848 eam
557 1773 740 1848 moechari.
762 1775 877 1873 Usque
895 1775 979 1850 adeo
997 1775 1115 1849 foedus
1132 1774 1217 1847 illud

110 1893 220 1967 nitum
246 1889 396 1989 nuptiale
420 1889 597 1964 cuiusdam
623 1890 824 1963 sacramenti
842 1916 896 1963 res
913 1906 986 1976 est,
1006 1906 1044 1962 ut
1061 1916 1123 1964 nec
1141 1890 1218 1989 ipsa

109 2007 314 2110 aparatione
338 2005 468 2078 irritum
493 2003 573 2092 fiat3
594 2004 869 2105 qnandoquidem
899 2006 1031 2079 vivente
1060 2005 1154 2092 viro,
1184 2020 1218 2078 et

109 2148 214 2225 rquo
241 2119 359 2194 relicta
383 2134 453 2207 est,
482 2117 699 2205 moechatur,
727 2119 757 2192 si
783 2120 879 2192 alteri
906 2122 1078 2219 nupserit,
1106 2136 1140 2195 et
1158 2119 1216 2193 ille

109 2240 199 2312 ruins
219 2234 299 2308 mali
317 2228 509 2322 causaest,
530 2234 589 2333 qui
609 2233 755 2332 reliquit.
772 2234 874 2308 lliror
898 2252 1030 2322 autem,
1053 2237 1082 2308 si
1101 2262 1215 2336 quem·

109 2352 283 2428 ulmodum
305 2350 383 2424 lieet
403 2349 573 2422 dimittere
594 2348 780 2422 adulteram
804 2376 961 2438 uxorem,
984 2351 1031 2424 ita
1052 2350 1152 2425 liceat
1176 2377 1216 2426 ea

109 2466 244 2541 limissa
262 2464 400 2539 alteram
424 2463 558 2538 ducere.
580 2463 673 2537 Facit
696 2464 787 2536 enim
804 2463 847 2536 ds
864 2464 929 2539 hac
947 2493 982 2540 rc
1000 2492 1029 2539 s.
1042 2467 1215 2565 Scriptura

109 2581 276 2656 lifficilcm
302 2580 448 2666 nodum,
476 2579 608 2653 dicente
626 2578 806 2678 Apostolo,
830 2607 873 2653 cor
888 2596 1058 2680 praecepto
1083 2581 1218 2654 Domini

109 2698 271 2771 aulicrem
293 2722 315 2768 o
338 2697 411 2768 uiro
436 2720 500 2766 ooo
525 2693 638 2767 debere
660 2693 839 2779 discedere,
860 2695 946 2793 quod
962 2698 994 2767 si
1010 2696 1212 2780 discesserit,

109 2838 231 2887 maere
244 2813 416 2911 innuptam
428 2824 486 2881 out
497 2810 567 2882 uiro
579 2835 636 2881 suo
648 2810 871 2882 reconciliari:
885 2836 960 2882 cum
979 2812 1138 2883 recedere
1151 2811 1214 2884 uti-

109 2953 167 3028 que
188 2941 224 3000 et
241 2950 376 2998 manere
394 2924 552 3023 innupta,
575 2923 641 2996 nisi
660 2923 703 2997 ab
721 2923 874 2997 adultero
890 2929 962 2999 viro
981 2952 1047 2999 non
1072 2925 1214 3011 debeat,

109 3069 143 3117 ne
167 3039 358 3115 recedendo
379 3039 423 3112 ab
445 3065 485 3113 eo
510 3039 568 3138 qui
592 3039 722 3113 adulter
739 3066 806 3114 non
823 3054 893 3128 est,
914 3040 1015 3113 saciat
1031 3067 1108 3113 eum
1126 3067 1217 3114 moe-

109 3156 209 3232 nari.
240 3154 460 3228 Reconciliari
486 3170 597 3227 autem
622 3154 695 3228 uiro
717 3154 771 3228 vel
798 3155 987 3242 tolerando,
1017 3155 1046 3228 si
1074 3181 1111 3229 se
1140 3154 1217 3255 ipsa

109 3273 273 3348 tontinerc
299 3297 366 3345 non
389 3284 518 3368 potest,
547 3269 599 3342 vel
625 3286 792 3357 correcto,
820 3270 959 3344 forsitan
985 3271 1072 3344 iuste
1090 3286 1211 3369 potest.

109 3387 279 3476 Quomodo
304 3402 415 3458 autem
441 3385 513 3460 viro
539 3386 650 3485 possit
674 3412 751 3459 essa
776 3386 912 3459 licentia
936 3386 1112 3459 ducendae
1136 3385 1220 3460 alts-

109 3504 199 3589 rius,
230 3501 260 3575 si
285 3500 471 3574 adulteram
497 3499 690 3600 reliquerit,
719 3527 795 3573 cum
823 3501 955 3574 mulieri
990 3502 1127 3575 nonsit
1156 3529 1220 3575 nu-

109 3619 206 3694 ucndi
239 3617 355 3704 alteri,
384 3614 413 3689 si
440 3614 627 3688 adulterum
650 3615 843 3716 reliquerit,
871 3644 943 3691 non
970 3617 1218 3703 video...Quud

109 3757 318 3834 naquaquam
340 3747 421 3830 puto
443 3746 569 3802 tantum
588 3729 698 3803 valere
715 3731 890 3828 potuisse,
911 3732 978 3806 nisi
997 3732 1142 3805 alieuius
1166 3731 1213 3805 rei

109 3846 244 3922 maioris
278 3871 318 3918 ex
350 3844 415 3918 hac
437 3845 576 3916 infirma
608 3845 807 3918 mortalitate
840 3846 1013 3920 hominum
1048 3846 1218 3946 quoddam

109 3976 353 4038 sacramentum
383 3959 617 4046 adhiberetur,
652 3960 741 4059 quod
772 3960 1004 4035 deserentibus
1024 3959 1217 4034 hominibus

109 4095 202 4181 atque
221 4076 256 4149 id
275 4075 460 4151 dissolvere
477 4075 706 4175 cupientibus,
728 4076 965 4152 inconcussum
982 4076 1051 4151 illis
1069 4090 1218 4149 maneret

171 4264 241 4323 (174)
258 4259 321 4310 lbid.
338 4260 381 4309 lib.
392 4262 412 4310 1.
424 4273 478 4324 cap.
491 4261 565 4309 xxv.
577 4272 603 4308 n.
616 4266 654 4309 uu.
665 4259 713 4312 col.
724 4263 778 4310 40³.

171 4341 242 4404 (175)
259 4342 320 4403 cap.
333 4341 396 4389 xlx.
409 4352 433 4389 n.
445 4346 482 4390 ³5.
495 4340 543 4390 col.
559 4345 609 4389 185.
