2796 5064
135 397 199 447 w.
213 397 236 446 Ι.
250 397 292 445 M
309 393 423 445 llllllSS·
435 394 530 444 ffllt.
542 393 647 443 secet.
661 392 732 442 tunt
750 391 906 442 noronte.
923 393 994 442 ΑΜ.
1006 393 1029 442 l.
1086 368 1154 440 125

73 517 132 589 satis
154 514 344 589 ostenditur
360 511 468 610 legem
491 528 628 584 naturae
653 509 983 584 indissolubilitatem
1009 511 1156 607 coniugii

71 631 259 731 praecipere,
288 654 328 702 ao
354 627 609 702 dissolutionem
634 642 764 713 vetare,
791 624 942 725 adeoque
968 652 1033 699 non
1060 625 1159 699 dehet

68 746 192 842 coniugii
218 745 427 846 perpetuitas
452 770 494 817 ex
519 742 590 816 solo
616 742 762 841 positivo
788 741 860 813 iure
884 741 1018 816 deduci.

118 863 242 959 Urgent
259 858 413 934 nonnulli
434 883 568 933 omnem
588 858 734 955 coniugii
757 856 946 930 firmitatem
960 884 1001 930 ex
1015 883 1055 931 ee
1068 884 1161 958 prae

63 992 140 1075 cepto
165 975 313 1075 positivo
345 972 514 1074 pendere:
545 971 640 1058 Quod
668 972 757 1044 Dens
783 972 953 1043 conieomit
983 971 1073 1043 homo
1097 999 1161 1044 noo

60 1105 184 1189 speret,
204 1102 240 1162 et
255 1116 297 1162 ex
313 1087 440 1161 Christi
457 1086 640 1174 voluntate,
662 1087 721 1187 qui
738 1086 782 1159 ad
799 1087 1001 1160 sacramenti
1018 1086 1162 1184 dignita·

61 1224 110 1279 em
125 1204 379 1279 matrimonium
397 1203 524 1289 everit3
547 1203 716 1302 simulque
734 1201 1042 1275 indissolubilitatis
1055 1203 1161 1276 omni·

59 1320 161 1394 modae
179 1319 289 1417 legem
307 1318 400 1404 tulit;
417 1319 496 1391 hine
507 1335 578 1406 est,
595 1317 770 1417 inquiunt,
786 1317 877 1416 quod
889 1317 942 1389 vel
956 1317 1021 1416 ipsi
1035 1317 1160 1391 Christi

59 1435 205 1534 discipuli
224 1460 302 1508 eum
320 1460 397 1509 enm
415 1433 580 1507 dicentem
600 1434 796 1506 audissent:
816 1432 996 1519 Quianam
1009 1430 1157 1516 decerit,

59 1553 245 1635 moechatur,
265 1576 327 1623 seu
344 1576 449 1649 quum
467 1549 574 1647 legem
592 1549 902 1623 indissolubilitatis
921 1549 1065 1649 primum
1083 1548 1160 1621 lerri

60 1666 310 1752 intellexissent,
327 1664 547 1738 scandalizati
561 1681 651 1751 sunt,
669 1665 717 1738 uti
730 1663 1054 1763 expenditSanchez
1067 1665 1157 1759 (tt),

60 1807 90 1854 ao
110 1782 289 1854 dixerunt:
309 1781 373 1852 «Si
396 1781 442 1853 ita
464 1796 517 1854 est
537 1806 643 1855 causa
667 1779 815 1854 hominis
840 1806 917 1854 cum
943 1805 1065 1865 uxore,
1094 1806 1159 1853 non

61 1898 180 1995 expedit
198 1896 364 1985 nubere»
379 1896 470 1997 quod
491 1922 558 1969 non
579 1897 763 1982 dixissent,
785 1896 814 1969 si
832 1894 1160 1970 indissolubilitatem

61 2014 228 2089 scivissent
252 2040 294 2087 ex
320 2013 397 2112 ipso
420 2013 493 2085 iura
519 2029 678 2100 naturae,
708 2038 774 2085 non
802 2029 912 2086 autem
931 2038 971 2085 ex
989 2038 1075 2086 noto
1095 2011 1162 2083 dis-

60 2128 194 2229 lcilique
219 2129 337 2203 divino
363 2142 542 2229 praecepto
569 2127 782 2229 repetendam
808 2154 897 2201 esse.

119 2246 181 2318 llst
197 2258 235 2318 ut
251 2244 332 2318 hino
349 2244 584 2330 exordiamur,
612 2244 735 2316 mirum
761 2270 827 2317 non
845 2260 897 2318 est
914 2243 1039 2316 Christi
1057 2243 1162 2317 disci-

60 2359 146 2459 polos
173 2362 209 2432 in
235 2386 276 2434 ea
298 2359 401 2434 uerba
426 2360 647 2460 prorupisse:
670 2385 747 2432 cnm
776 2361 866 2433 euim
893 2376 1008 2434 essent
1033 2376 1160 2433 assueti

59 2475 113 2575 legi
128 2477 315 2563 mosaicae,
332 2503 421 2576 quae
438 2477 617 2576 repudium
635 2476 864 2575 permittebat,
886 2476 1021 2576 percelli
1046 2477 1162 2576 utique

58 2619 90 2665 er
113 2592 241 2666 Christi
268 2593 433 2666 sententia
458 2592 664 2665 debuerunt:
693 2592 800 2689 legem
835 2593 949 2691 itaque
979 2594 1161 2667 mosaicam

58 2725 159 2781 mente
183 2706 381 2795 volvebant,
406 2723 441 2781 at
466 2706 510 2780 de
536 2706 610 2804 lega
636 2722 777 2780 naturae
799 2707 1017 2780 verisimilius
1044 2722 1162 2780 estne

57 2824 217 2920 cogitasse
244 2820 395 2921 quidem.
416 2821 572 2894 Christus
596 2845 675 2894 vero
701 2846 765 2893 non
791 2846 910 2893 novam
936 2820 1013 2893 tulit
1035 2819 1159 2916 legem,

55 2938 108 3012 sed
132 2937 245 3012 solum
271 2935 410 3010 abstulit
435 2936 566 3036 repudii
592 2935 870 3035 permissionem,
900 2934 1163 3009 matrimonium·

55 3080 113 3155 que
134 3053 181 3127 ad
202 3053 381 3152 pristinum
407 3067 530 3125 statum
557 3053 742 3139 revocavit,
765 3069 863 3151 prout
884 3050 959 3150 ipsa
979 3051 1026 3124 rei
1044 3067 1163 3124 natura

55 3167 261 3268 postulabat,
288 3184 390 3267 atque
413 3167 538 3239 ideirco
562 3193 602 3240 ea
627 3167 744 3240 verba:
762 3165 856 3252 Quod
872 3166 960 3239 Deos
977 3168 1160 3250 coniunxit,

53 3284 138 3357 lento
150 3297 374 3381 conceperat,
395 3281 447 3355 vel
467 3282 608 3379 intelligi
626 3282 750 3355 dehent
767 3281 810 3355 de
832 3297 1007 3382 praecepto
1024 3309 1090 3356 non
1109 3307 1165 3381 po

53 3400 146 3473 sitivo
173 3398 235 3471 sed
266 3397 431 3484 naturali,
461 3413 560 3498 prout
584 3398 675 3470 Deus
701 3414 753 3471 est
778 3413 894 3471 auctor
926 3413 1083 3480 naturae,
1111 3398 1164 3471 vel

52 3514 89 3587 de
112 3528 296 3613 praecepto
324 3515 441 3612 utique
466 3512 635 3610 positivo,
664 3512 724 3585 sed
751 3538 818 3612 quo
844 3512 1092 3610 obligationem
1117 3515 1165 3585 in-

51 3629 185 3702 ducitur
199 3629 356 3727 primum,
374 3644 409 3701 at
420 3628 638 3701 confirmatur
649 3644 683 3700 et
696 3627 881 3702 roboratur.
894 3630 943 3701 lta
955 3629 1055 3702 etiam
1074 3628 1166 3702 insti·

51 3744 176 3818 tutione
201 3743 403 3816 sacramenti
424 3741 580 3816 Christus
608 3743 810 3816 matrimonii
836 3743 1164 3817 indissolubilitatem

52 3860 182 3945 sanxit,
211 3857 508 3956 confirmavitque,
535 3874 572 3929 ut
597 3858 683 3930 infra
707 3858 915 3944 videbimus;
938 3886 1040 3959 quam
1064 3860 1163 3932 etiam

52 3973 236 4072 coniugalis
261 3973 433 4047 societatis
460 3990 597 4059 natura,
628 3991 762 4072 prouta
782 3976 852 4048 lleo
874 3992 1012 4048 naturae
1031 3992 1166 4048 auctore

55 4092 193 4186 pendet,
224 4089 428 4189 postulabat.

62 4350 74 4398 d
121 4275 172 4336 (tt)
187 4275 297 4324 semeher
313 4273 366 4324 lose
383 4275 428 4325 hec
445 4274 475 4325 de
492 4289 518 4325 re
534 4275 599 4339 agit,
616 4278 640 4324 et
658 4275 718 4325 haec
734 4274 830 4337 aliaeue
846 4277 916 4338 urget
932 4274 974 4325 lib.
988 4275 1019 4323 ΙΙ.
1034 4277 1070 4323 De
1086 4275 1164 4324 ntetr.

76 4367 116 4414 op.
127 4363 164 4406 tt.
