2796 5064
229 346 297 418 500
374 365 435 414 tm.
457 363 505 413 lll.
527 360 615 412 stet.
636 359 767 410 litent.
781 358 821 407 llll
833 357 947 409 tuales.
965 356 1063 407 ss'l'll.
1081 356 1210 409 cnfflsr.

227 482 451 561 substantiam
477 505 517 553 ea
543 505 565 550 a
588 476 723 550 Christo
749 474 921 576 provenit,
941 474 1056 575 quoad
1079 475 1224 550 modum
1240 475 1281 549 ab
1293 503 1335 550 eo·

227 600 345 673 alesia.
366 596 458 671 llaec
483 593 550 666 duo
576 592 770 693 permisceri
794 592 880 664 inter
896 616 933 665 se
951 606 1151 691 nequeunt,
1173 592 1226 664 uti
1243 592 1339 666 adrer-

227 714 310 789 sarii
324 712 433 786 lacere
445 721 704 795 consueverunt,
720 707 801 780 dum
816 706 910 779 aiunt
921 704 1014 806 quod
1031 722 1086 780 est
1104 706 1248 782 divinae
1264 708 1342 782 insti·

227 826 367 902 tutionis
390 850 454 899 non
480 849 582 924 posse
607 822 738 894 irritum
764 820 837 893 lieri
863 820 906 894 sb
931 820 1082 893 bumana
1108 837 1290 921 potestate.
1313 824 1342 895 ln

228 967 296 1044 quo
313 940 382 1041 ipsi
401 937 526 1038 triplici
544 936 673 1010 ratione
690 953 852 1036 peccant,
873 933 952 1007 dum
971 951 1160 1008 assumunt
1177 936 1343 1036 perfectius

226 1055 317 1130 vitae
339 1081 445 1152 genus
472 1052 563 1154 quod
586 1079 608 1126 a
631 1052 704 1125 viro
729 1050 888 1147 religioso
912 1048 1125 1148 suscipitur,
1155 1076 1239 1124 esse
1262 1051 1343 1125 insti·

227 1171 367 1246 tutionis
391 1169 580 1256 humanae,
602 1194 679 1241 cum
697 1166 742 1240 sit
758 1165 980 1240 institutionis
1005 1165 1169 1256 divinae;
1198 1167 1279 1241 dum
1299 1193 1343 1268 pa·

228 1289 308 1361 riter
323 1300 502 1360 assumunt
519 1286 563 1359 ab
576 1284 740 1359 ecclesiae
756 1283 954 1357 auctoritate
971 1283 1158 1382 provenire
1175 1284 1271 1384 quod
1286 1308 1343 1385 pro

229 1403 334 1477 lessio
359 1400 518 1498 religiosa
533 1399 643 1473 solvat
659 1399 851 1496 coniugium
873 1415 1003 1485 ratum,
1030 1424 1111 1472 cum
1137 1399 1176 1471 id
1198 1416 1343 1474 statutum

230 1517 275 1591 sit
296 1542 316 1589 a
337 1515 472 1589 Christo
496 1517 587 1610 (82);
609 1514 691 1586 dum
717 1513 865 1613 denique
890 1512 1097 1614 permiscent
1124 1513 1175 1587 rei
1202 1514 1346 1588 substan

230 1632 312 1707 tiam
330 1631 365 1703 in
384 1629 594 1730 professione
613 1629 770 1726 religiosa
787 1655 864 1702 cum
880 1654 921 1702 co
938 1627 1030 1727 quod
1049 1628 1087 1700 in
1106 1629 1231 1703 eadem
1252 1630 1347 1703 adsci-

229 1747 338 1820 titium
358 1761 428 1833 est,
444 1770 566 1843 nempe
583 1770 661 1818 cum
679 1743 912 1831 solemnitate,
933 1769 1021 1843 quae
1039 1757 1135 1819 certe
1153 1745 1199 1820 ab
1217 1745 1346 1821 ecclesia

232 1889 329 1937 suam
356 1861 520 1960 originem
546 1861 678 1961 repetit.

301 1977 414 2052 llltera
426 1976 609 2050 difficultas
622 2003 663 2049 ex
676 2003 717 2052 eo
730 1977 869 2077 petitur,
885 1975 976 2077 quod
994 1993 1108 2050 ratum
1128 1976 1343 2062 solummodo,

230 2118 296 2166 non
321 2119 399 2168 vem
422 2094 524 2166 etiam
542 2109 812 2167 consummatum
834 2093 1085 2167 matrimonium
1107 2093 1269 2193 religiosa
1283 2117 1346 2193 pro

231 2208 378 2281 sessione
396 2207 562 2282 solvatur:
585 2208 646 2283 sad
664 2208 748 2283 haec
770 2234 905 2309 quoque
926 2208 1121 2297 evanescit,
1146 2211 1178 2284 si
1199 2210 1279 2285 ratio
1294 2208 1346 2279 ba·

229 2323 349 2396 beatur
373 2321 511 2396 divinae
528 2323 730 2410 voluntatis,
752 2350 840 2425 quae
857 2324 953 2397 aliter
968 2323 1171 2413 constituit,
1193 2339 1292 2426 prout
1305 2348 1347 2396 ac·

230 2437 336 2511 clesia
361 2437 454 2510 illius
480 2438 645 2538 interpres
663 2439 785 2536 iugiter
802 2439 955 2537 professa
971 2455 1045 2525 est;
1066 2456 1101 2512 et
1121 2441 1154 2514 si
1174 2438 1348 2541 aliquando

232 2553 266 2624 id
285 2567 482 2626 attentatum
501 2553 618 2640 luerit,
635 2570 827 2627 constanter
841 2554 1041 2654 reprobavit,
1061 2557 1267 2655 praesertim
1284 2580 1348 2628 cun

231 2669 322 2767 apud
343 2696 482 2766 graecos
500 2669 556 2740 hic
574 2670 703 2743 abusus
722 2671 847 2770 pariter
864 2672 907 2743 ob
924 2671 1015 2768 leges
1034 2671 1237 2770 imperiales
1256 2670 1347 2744 inole

230 2783 279 2855 vit
305 2782 457 2856 solvendi
475 2782 518 2857 ob
537 2784 757 2857 monasticam
786 2785 1027 2884 professionem
1055 2787 1257 2884 coniugium
1281 2812 1349 2859 con·

234 2904 438 2971 summatum
456 2901 545 2994 (83).
559 2901 646 2972 Sane
664 2899 699 2971 id
718 2917 809 2999 patet
827 2916 897 2972 tum
915 2928 955 2973 ex
972 2900 1116 3001 antiquo
1135 2918 1275 2976 auctore
1290 2901 1350 3001 epi·

230 3013 336 3087 stolae
362 3013 404 3086 ad
429 3013 615 3087 Celantiam
642 3014 728 3087 inter
754 3014 1037 3115 Hieronymianas
1065 3018 1278 3104 recensitae,
1298 3014 1346 3114 qui

230 3128 350 3200 acriter
366 3143 552 3202 matronam
570 3127 658 3202 hanc
672 3130 793 3225 arguit,
805 3129 896 3228 quod
910 3129 1040 3229 absque
1052 3133 1173 3205 mariti
1192 3156 1348 3207 consensu

231 3243 467 3316 continentiam
485 3245 633 3318 vovisset
649 3247 738 3340 (st),
756 3261 826 3318 tum
844 3272 885 3317 ex
903 3271 932 3318 s.
943 3245 1128 3343 Augustini
1153 3248 1299 3348 epistola
1312 3245 1348 3320 ad

307 3429 358 3490 (aa)
374 3430 462 3494 [teipsa
480 3432 635 3483 Chemnitios
652 3433 676 3483 in
688 3435 895 3485 Exanimem.
909 3433 972 3484 trid.
984 3434 1014 3484 ad
1029 3447 1085 3484 cao.
1097 3439 1130 3484 v.
1143 3437 1153 3500 (
1164 3438 1289 3501 siquidem
1307 3437 1351 3499 ipse

232 3520 351 3558 canonem
366 3511 409 3559 vl.
420 3510 466 3560 sub
478 3525 547 3561 num.
560 3517 590 3562 v.
603 3516 685 3577 posuit
693 3516 710 3574 t,
721 3517 854 3579 utmmque
864 3516 899 3566 uti
911 3519 1005 3565 certum
1016 3517 1131 3566 asstrmit.

305 3590 356 3653 (8³)
372 3588 401 3638 ld
412 3591 477 3639 enim
492 3590 629 3642 invenimus
640 3594 801 3644 constitutum
811 3631 819 3657 ,
831 3595 867 3643 uti
878 3594 927 3645 iam
937 3595 1055 3656 diximus,
1073 3597 1099 3645 in
1117 3599 1226 3649 Novella
1240 3607 1278 3650 tt.
1291 3598 1350 3649 lusti·

232 3669 299 3718 otani
312 3671 348 3717 De
361 3672 462 3732 nepeta
482 3670 524 3719 ubi
543 3671 573 3721 de
588 3672 639 3721 iare
655 3675 820 3737 repudiatum.
835 3677 894 3724 item
908 3675 950 3724 tib.
963 3681 986 3725 5.
999 3675 1055 3725 cod.
1068 3676 1108 3726 tlt.
1124 3681 1163 3728 17.
1177 3682 1203 3728 et
1217 3679 1243 3728 ln
1254 3678 1349 3740 bigam

232 3749 273 3797 tlt.
294 3751 329 3798 De
346 3748 477 3798 divorttts.
490 3752 591 3812 Insuper
603 3750 627 3798 in
637 3753 738 3802 Novella
754 3760 805 3803 12³.
819 3755 1248 3821 Desancttsstmtscpiscopts,cap.
1258 3754 1349 3808 40δοὶ·

232 3829 314 3877 vatur
322 3831 531 3880 ototrimcntum.
542 3831 619 3893 idque
631 3835 761 3895 postquam
774 3834 876 3882 Pliotios
892 3847 937 3883 suo
949 3836 1128 3885 Nomocanont
1142 3838 1210 3900 leges
1222 3838 1350 3902 importata

230 3909 460 3971 tamqnam-partem
471 3909 531 3959 iuris
542 3912 652 3960 canonici
664 3912 779 3975 inseruit,
789 3916 862 3976 prout
874 3913 964 3964 tactum
975 3914 1086 3965 estclrca
1096 3915 1289 3968 dissolutionem
1297 3931 1347 3967 eoa·

233 3987 292 4049 tagii
311 3987 343 4037 ob
364 3989 520 4039 adulterium.
544 3990 637 4040 Exinde
650 3993 715 4041 enim
728 3994 807 4043 omnis
821 3994 878 4043 mali
890 3994 956 4044 labes
968 4007 1040 4057 penes
1050 4009 1156 4057 graecos
1169 3999 1246 4062 repeti
1259 3998 1334 4047 debet

303 4069 353 4130 (st)
369 4070 434 4118 llaec
445 4071 548 4134 epistola
559 4071 590 4120 ab
604 4075 717 4135 Erasnto,
728 4076 752 4122 ot
762 4073 793 4122 ab
806 4074 942 4124 editoribus
953 4075 1072 4125 maurinis
1082 4075 1210 4141 adscripta
1221 4082 1260 4128 est
1268 4081 1347 4128 sam·

233 4145 296 4208 lino,
307 4150 392 4197 contra
403 4162 460 4198 vero
472 4151 606 4201 vallarsius
619 4165 673 4201 eam
690 4153 778 4202 tribuit
792 4155 900 4216 sulpicio
915 4157 1019 4218 Severo,
1035 4156 1079 4218 qui
1097 4156 1146 4207 tuit
1162 4172 1197 4208 ss.
1209 4160 1349 4221 Hieronymo

233 4227 258 4284 et
269 4226 371 4276 Parrllno
385 4241 497 4278 coaevus.
507 4231 544 4280 cl.
557 4230 631 4281 huius
641 4231 742 4282 editoris
756 4233 947 4292 adnotationem.
961 4237 1021 4286 Eam
1031 4236 1135 4287 exhibet
1147 4237 1290 4290 immediate
1301 4240 1346 4302 post

231 4305 346 4368 epistolas
359 4320 378 4357 s.
388 4309 529 4371 Hieronymi
550 4312 667 4371 genuinas
685 4311 732 4361 snb
746 4326 813 4363 niam.
827 4316 958 4364 chvnt.
