2796 5064
155 355 199 424 et
325 377 387 425 nu.
413 375 461 426 ιιι.
482 375 568 425 secr.
591 375 614 426 ι.
631 376 672 426 or
690 377 784 425 ιιιιι.
802 375 926 430 ιιιιιιιι.
944 377 1091 436 ostatu.
1198 391 1199 394 ¹

150 521 251 593 quam
271 494 305 565 in
329 492 495 590 bigamos.
518 495 619 567 Porro
641 493 670 566 si
694 493 837 568 ecclesia
857 495 1085 595 poenitentioe
1101 495 1204 570 etiam
1220 496 1266 570 hi·

150 633 266 705 gamos
280 607 465 694 subdebat,
486 626 613 706 quanto
632 609 741 705 magis
759 609 855 684 tertio
872 627 929 683 aut
941 625 1061 710 quarto
1078 611 1266 687 nubentesl

149 722 288 796 Accedit
308 722 398 822 quod
419 723 562 797 ecclesia
583 749 704 820 graeca
725 742 850 798 etcum
873 751 913 798 ea
933 725 1078 801 ecelesia
1095 727 1266 803 orientalis

150 839 309 912 universa
329 837 420 912 velut
445 837 655 935 illegitimam
675 840 907 937 tetragamiam
928 843 1097 939 respuerit
1117 840 1195 938 lege
1216 867 1266 917 oa-

149 953 271 1026 noniea
286 979 374 1052 quae
392 954 446 1026 sin
464 953 577 1025 minus
597 953 806 1042 universim,
834 953 956 1028 saltem
979 955 1015 1026 in
1032 953 1210 1055 plerisque
1223 980 1266 1031 ee

149 1066 264 1140 clesiis
277 1067 470 1155 obtinebat;
487 1068 592 1142 multo
608 1093 687 1141 uero
705 1069 814 1166 magis
832 1068 1008 1144 ulteriores
1025 1069 1166 1169 nuptias
1184 1095 1266 1170 quaa

148 1181 296 1255 decrevit
324 1208 401 1256 esse
432 1181 569 1269 nullas,
603 1183 759 1281 apposito
795 1183 1035 1283 impedimento
1061 1183 1266 1272 dirimente,

150 1296 241 1394 quod
269 1296 342 1393 lego
368 1298 442 1397 ipsa
467 1297 559 1370 civili
584 1297 780 1396 adoptatum
806 1314 859 1371 est
881 1297 1034 1396 adeoque
1062 1324 1130 1373 non
1152 1325 1216 1396 por
1236 1325 1266 1372 sc

85 1409 87 1412 ’
147 1409 314 1484 eiusmodi
342 1411 481 1508 nuptias
507 1410 728 1510 reprobarunt
753 1410 884 1509 antiqui
906 1427 1039 1510 patres,
1064 1411 1126 1485 sed
1144 1412 1192 1487 ob
1214 1436 1266 1487 ec·

147 1525 373 1600 clesiasticam
398 1524 507 1624 legem
532 1553 601 1625 qua
627 1525 740 1599 nullae
766 1524 955 1600 declaratae
979 1541 1077 1612 sunt,
1103 1552 1169 1601 nec
1193 1526 1266 1600 uni·

145 1666 241 1714 verse
265 1641 416 1740 quidem.

218 1755 415 1831 Theodorus
437 1757 615 1831 Balsamon
642 1755 785 1830 celebris
807 1755 981 1839 orientalis
996 1755 1163 1831 ecclesiae
1184 1757 1265 1832 iuris

144 1869 299 1945 canonici
323 1872 452 1970 peritus
470 1872 571 1946 relert
587 1871 762 1971 antiquam
781 1870 889 1969 legem
912 1870 962 1944 uti
980 1870 1150 1968 legitimas
1168 1897 1266 1970 agno·

145 1986 239 2059 visse
262 1986 364 2060 etiam
389 1986 505 2059 tertias
530 1986 688 2085 nuptias,
721 1985 940 2086 (liberosque
960 1985 1083 2060 exinde
1100 2001 1195 2062 ortos
1218 1987 1265 2062 uti

145 2100 309 2174 haeredes
333 2102 510 2201 quierant
535 2101 599 2174 sub
626 2117 802 2200 parentum
824 2103 1025 2201 potestate).
1045 2100 1266 2179 tucanone

145 2230 338 2290 sanctorum
364 2231 517 2314 patrum,
548 2215 595 2288 ait
619 2216 712 2315 ipse,
746 2241 814 2288 non
840 2214 941 2292 modo
962 2213 1055 2288 haud
1076 2230 1265 2315 agnoscunt

145 2328 277 2402 tertium
295 2329 512 2425 coniugium,
528 2329 757 2402 verumetiam
775 2329 972 2404 adiudicant
993 2329 1186 2404 secundum
1202 2355 1265 2404 me

145 2443 252 2517 diceri
284 2444 520 2543 poenitentiae.
550 2445 713 2542 Tempore
742 2444 955 2543 imperatoris
977 2445 1098 2519 Leonis
1117 2446 1263 2543 philoso-

138 2558 202 2656 phi
225 2583 348 2655 magna
372 2557 519 2631 turbatio
544 2557 688 2631 excitata
714 2575 766 2632 est
786 2559 822 2630 in
843 2558 1001 2632 omnibus
1019 2559 1139 2631 mundi
1159 2559 1263 2637 eecle-

143 2673 207 2746 siis
222 2676 295 2769 (78)
310 2732 317 2761 ,
335 2673 416 2772 quia
436 2699 472 2745 se
490 2674 599 2746 iunxit
612 2699 678 2746 non
692 2673 792 2747 modo
806 2674 840 2746 in
860 2674 986 2760 tertiis,
1007 2672 1068 2749 sed
1086 2675 1122 2747 in
1135 2674 1262 2774 quartis

141 2789 281 2889 nuptiis.
311 2789 382 2863 Hac
401 2815 504 2888 super
524 2815 560 2861 re
582 2788 796 2886 congregatio
818 2790 968 2862 omnium
1000 2789 1105 2864 lerme
1131 2791 1261 2890 episco-

141 2929 260 3004 porum
279 2920 481 2978 cunctarum
506 2904 754 3003 provinciarum
776 2902 952 2977 orientalis
978 2903 1114 3002 imperii
1137 2904 1260 2979 coadu-

143 3034 222 3092 nata
248 3036 302 3093 est
328 3018 513 3093 indictione
539 3019 624 3090 lllll.
651 3043 741 3091 anno
762 3016 807 3090 ab
826 3016 907 3092 orbe
931 3017 1065 3092 condito
1092 3021 1204 3093 6428.
1231 3035 1259 3094 et

141 3133 185 3207 ab
210 3136 438 3208 incarnatione
464 3135 547 3205 921.
579 3133 616 3204 ln
643 3158 683 3205 ea
708 3132 878 3208 discussio
903 3133 991 3207 lacta
1017 3149 1071 3210 est
1093 3160 1259 3234 quaenam

140 3250 298 3347 coniugia
309 3266 449 3347 possent
470 3248 518 3320 uti
536 3247 686 3344 legitima
708 3248 859 3334 admitti,
880 3274 1049 3347 quaenam
1068 3273 1152 3323 vero
1170 3247 1257 3325 reiici

141 3363 301 3437 deberent
318 3366 408 3458 (79).
429 3361 494 3448 Qui
516 3361 640 3435 deinde
658 3361 776 3450 relert,
800 3380 917 3463 postea
937 3363 1003 3438 sub
1019 3363 1165 3464 imperio
1180 3363 1257 3440 Coe

140 3479 280 3552 stantiui
294 3478 600 3578 porphyrogenitae
617 3504 656 3551 ac
674 3476 814 3551 Romani
834 3480 943 3578 ipsius
963 3478 1119 3575 generis,
1141 3479 1256 3556 consti

141 3611 248 3667 tutum
262 3594 381 3680 luisse,
394 3609 471 3693 post
482 3594 595 3667 varias
608 3594 873 3669 consultationes
886 3619 927 3669 ac
940 3619 1095 3670 severum
1104 3620 1253 3679 examen,

141 3726 259 3780 tomum
283 3708 475 3809 synodicum
492 3709 535 3782 ah
554 3710 754 3809 imperatore
779 3709 966 3796 firmatum,
990 3735 1031 3784 ac
1051 3709 1253 3786 declaratum

139 3849 216 3898 essa
229 3841 367 3924 quartas
383 3825 518 3923 nuptias
532 3823 717 3899 abolendas
727 3827 817 3920 (80);
829 3825 966 3900 demum
981 3825 1082 3900 relert
1096 3826 1253 3901 eonstitu-

215 4080 264 4141 (78)
278 4081 369 4140 Nempe
381 4079 405 4128 iu
418 4080 519 4130 ecclesia
532 4080 659 4141 orientali,
671 4080 793 4142 siquidem
806 4080 830 4128 in
843 4079 945 4131 ecclesia
963 4078 1109 4131 occidentali
1129 4093 1169 4132 ras
1186 4077 1248 4130 atto

138 4172 163 4208 sc
180 4159 281 4220 habult;
294 4161 322 4208 ut
338 4162 422 4223 postea
438 4160 611 4223 expendemus.

213 4240 263 4301 (79)
281 4242 338 4290 latr.
354 4242 451 4290 orient.
465 4240 482 4290 l.
497 4247 519 4291 5.
533 4253 587 4303 pag.
602 4247 655 4291 ³59.
673 4239 738 4303 apud
754 4239 889 4291 Renaudol.
902 4253 943 4303 op.
958 4243 983 4289 et
994 4239 1041 4290 loc.
1054 4239 1098 4290 cit.

213 4321 263 4382 (sc)
280 4319 343 4370 lbid.
