2796 5064
244 387 316 438 crs.
329 386 536 437 rrr.nrsrnsu
548 386 641 438 11111.
655 384 719 436 orn.
732 385 845 436 rnnrss.
858 385 953 435 surr.
968 384 1073 435 reru.
1167 359 1242 431 stt

123 505 301 605 Origenem
318 530 377 580 eos
396 505 487 580 solos
505 504 699 592 damnasse,
720 504 796 603 qui,
816 503 1012 578 iudaeorum
1032 528 1138 591 more,
1155 501 1241 576 alias

121 621 154 697 ob
164 648 294 696 causas
312 621 467 721 quamuis
481 621 584 708 leves,
602 618 806 693 dimitterent
819 645 955 693 uxorem
970 645 1067 692 suam
1080 618 1123 690 ad
1137 616 1239 691 aliam

121 737 305 812 lucendum
331 753 464 836 praeter
490 737 625 810 unicam
651 734 882 808 fornicationis
906 761 1045 809 causam
1066 761 1086 806 a
1105 734 1240 807 Christo

121 852 324 950 insignatam
338 854 427 948 (tt).
440 850 649 950 Tournelyus
668 877 795 949 anceps
814 849 946 937 haeret,
963 875 1003 923 ac
1017 851 1110 922 iuxta
1127 850 1240 948 ipsum

121 965 280 1064 Origenes
295 967 429 1040 ridetur
440 966 505 1038 tria
518 965 691 1039 adstruere
701 967 718 1034 1
728 1022 735 1035 .
746 965 858 1037 Licere
872 964 905 1036 in
920 990 1005 1038 nora
1019 964 1091 1060 lege
1105 980 1242 1064 propter

121 1081 319 1155 rdulterium
340 1081 509 1155 dimittere
528 1107 686 1167 uxorem,
705 1095 803 1180 prout
816 1079 938 1152 licebat
951 1079 986 1151 in
1000 1078 1073 1175 lege
1091 1079 1241 1153 mosaica

121 1213 251 1297 propter
284 1197 501 1284 foeditatem,
532 1195 683 1295 adeoque
714 1222 774 1294 per
800 1194 931 1295 plenam
958 1193 1104 1292 coniugii
1132 1193 1241 1267 disso-

121 1311 298 1398 lutionem;
329 1312 362 1383 2.
384 1310 554 1408 ambigere
581 1337 663 1382 uum
689 1309 732 1382 ob
757 1307 957 1381 veneficium
984 1307 1121 1407 aliaque.
1144 1307 1242 1404 flagi-

121 1424 158 1499 tia
177 1425 292 1524 possit
310 1425 344 1496 in
362 1449 450 1497 nora
468 1423 542 1522 lege
557 1450 642 1497 uxor
662 1422 805 1510 dimitti;
827 1421 1074 1521 quodquidam
1100 1421 1239 1493 dubium

121 1539 246 1613 nullum
266 1538 445 1612 habuisset
464 1538 596 1626 locum,
618 1536 647 1610 si
667 1537 741 1636 ipse
759 1537 802 1609 de
820 1535 892 1610 sola
910 1535 1109 1609 dimissione
1129 1534 1242 1634 quoad

121 1671 222 1729 hrum
251 1668 286 1727 et
310 1653 554 1728 habitationem
580 1653 712 1727 locutus
739 1668 846 1740 esset;
874 1655 907 1724 3.
928 1652 1067 1738 dooere,
1087 1678 1164 1724 cum
1182 1651 1239 1751 qui

121 1787 249 1869 praeter
269 1768 472 1843 adulterium
497 1794 634 1843 uxorem
658 1769 815 1856 dimittit,
837 1767 929 1841 illam
948 1767 1114 1841 coniicere
1132 1767 1166 1837 in
1184 1792 1240 1840 oc-

121 1887 287 1961 srsionem
319 1885 501 1984 peccandi,
530 1900 632 1984 atque
657 1884 782 1958 idcirco
813 1910 1003 1984 supponere
1030 1909 1166 1956 uxorem
1195 1882 1239 1957 ob

121 2000 319 2075 adulterium
334 2000 513 2075 dimissam
533 2026 635 2100 posse
652 1999 747 2073 alteri
766 2000 893 2073 nubere
909 2002 998 2095 (ll).
1016 1998 1082 2070 Alii
1100 2016 1240 2072 censent

121 2114 296 2215 brigenem
316 2114 452 2189 nomine
471 2116 554 2215 lepis
571 2115 786 2214 significasse
803 2116 993 2199 consilium,
1011 2114 1156 2214 illosque
1173 2115 1241 2215 epi-

121 2257 238 2332 scopos
274 2230 556 2330 reprehendisse,
584 2231 676 2331 quod
707 2231 792 2305 alias
817 2231 861 2304 ob
887 2257 1028 2318 causas,
1064 2257 1167 2330 quam
1197 2230 1241 2303 ob

121 2346 344 2434 adulterium,
373 2346 591 2446 permiserint
620 2346 805 2446 repudiatis
840 2347 1003 2419 uxoribus
1031 2348 1150 2420 iterum
1179 2374 1242 2419 nu-

121 2461 194 2536 bere
210 2463 302 2557 (top
319 2461 410 2561 quod
433 2460 504 2547 alii,
526 2461 644 2562 paucis
662 2462 799 2534 mutatis
823 2460 956 2548 verbis,
980 2477 1132 2560 repetunt
1147 2463 1235 2555 (bl).

186 2575 251 2649 Ast
264 2601 457 2676 perperam;
475 2576 504 2649 si
523 2576 614 2649 enim
628 2574 810 2673 Origenes,
826 2590 863 2647 ut
876 2575 1048 2648 contendit
1061 2576 1236 2662 Erasmus,

121 2717 153 2765 oa
165 2690 243 2766 sola
253 2692 296 2765 de
305 2717 408 2766 eausa
422 2691 695 2791 reprehendisset
707 2690 886 2792 episcopos
899 2690 986 2776 illos,
999 2691 1090 2790 quod
1100 2689 1143 2763 oh
1155 2689 1240 2764 alias

121 2834 239 2882 causas
265 2824 397 2907 praeter
418 2806 618 2881 adulterium
636 2805 789 2879 dimissis
812 2805 1009 2879 mulieribus
1028 2806 1242 2905 permiserint

121 2922 183 2998 ilia
196 2923 284 2997 inire
301 2923 475 3021 coniugia,
498 2949 565 2996 non
587 2922 781 3022 protulisset
795 2922 897 2995 verba
909 2922 1061 3021 Apostoli
1075 2921 1239 2995 aduersus

121 3038 192 3113 illos
218 3056 334 3139 utpote
358 3056 494 3137 agentes
520 3053 632 3111 contra
648 3040 838 3137 Scripturas
864 3038 982 3136 lepem,
1010 3064 1078 3137 qua
1103 3036 1240 3134 alligata

121 3152 187 3228 riro
214 3152 337 3225 mulier
360 3169 413 3227 est
437 3168 559 3252 quooto
585 3168 722 3252 tempore
738 3154 793 3225 vir
807 3154 877 3225 eius
891 3153 992 3237 cinit,
1022 3179 1062 3226 ac
1088 3151 1240 3225 adultera

121 3268 340 3344 denunciatur
364 3294 452 3369 quae
476 3272 601 3343 vivente
632 3272 703 3342 viro
730 3271 832 3369 [uerit
860 3296 934 3341 cum
960 3270 1026 3341 alio
1059 3270 1143 3341 ciro.
1172 3271 1240 3343 Nec

121 3382 237 3473 obest,
266 3384 357 3485 quod
385 3384 550 3483 Origenes
575 3384 711 3458 indaioo
735 3384 808 3458 viro
833 3384 1003 3459 obiicienti
1030 3384 1120 3458 idem
1146 3383 1240 3458 Chri·

121 3515 206 3574 stum
243 3500 467 3600 permisisse,
496 3500 586 3601 quod
619 3500 817 3600 permiserat
841 3502 998 3601 Moyses,
1029 3501 1241 3600 responderit

121 3614 288 3689 llhristum
314 3615 359 3689 oh
384 3615 490 3690 solam
516 3616 791 3704 fornicationem,
817 3617 955 3716 Moysen
973 3643 1052 3690 vero
1070 3616 1113 3690 ob
1131 3617 1241 3716 quod-

184 3862 238 3922 tta)
255 3864 283 3910 ln
302 3864 386 3912 annot.
399 3862 430 3912 sd
442 3865 462 3913 1.
476 3863 552 3927 Epist.
564 3863 676 3915 corinth.
689 3878 743 3928 cop.
755 3867 809 3915 Vll.
824 3868 887 3930 opp.
900 3865 940 3916 ed.
953 3866 997 3916 eit.
1013 3869 1074 3915 torn.
1088 3868 1130 3915 Vt.
1144 3880 1168 3929 p.
1180 3873 1235 3916 69³.

121 3943 198 4004 leque
208 3940 241 3991 ab
252 3943 355 3992 Erasmo
367 3941 464 3992 abludit
474 3942 559 4004 calvi,
572 3943 615 4007 qui
627 3943 740 3994 mmdorn
755 3946 923 4008 exceptionem
935 3946 1045 4009 adoptat.

186 4023 239 4084 (ta)
255 4021 386 4072 Proetect.
399 4022 511 4087 theotop.
528 4026 564 4074 tte
575 4027 693 4074 matrtm.
707 4038 761 4088 cap.
774 4028 805 4076 v.
815 4029 874 4077 sect.
888 4031 911 4076 t.
925 4027 1012 4076 conat.
1026 4041 1077 4092 arg.
1090 4029 1122 4076 tt.

186 4102 239 4165 (oo)
255 4103 296 4151 lta
310 4105 376 4152 tuot.
388 4116 429 4166 op.
438 4116 513 4167 germ.
526 4107 676 4155 Harmonia
691 4105 779 4169 tenum
794 4107 916 4158 etvtltum
932 4106 1083 4158 devortoor.
1102 4107 1240 4171 tnduloerr·

121 4183 183 4234 tte·
200 4182 323 4234 dtuorttu
341 4195 403 4235 cum
420 4196 475 4236 esc.
486 4187 626 4250 scrtptura
642 4189 668 4236 et
688 4186 782 4238 trudit.
795 4188 923 4252 bamberg.
938 4195 1006 4240 roto.
1020 4203 1074 4254 pag.
1089 4197 1116 4240 ts
1126 4202 1195 4253 ssrq.

187 4264 241 4325 (51)
257 4262 300 4313 Uti
311 4263 402 4314 Socho
412 4264 437 4315 iu
445 4278 486 4328 op.
495 4279 571 4329 germ.
580 4265 737 4318 Dedtvortto
745 4270 772 4317 or
783 4271 870 4331 reyuts
879 4268 1024 4320 catholico.
1032 4269 1159 4321 ttnndshut
1169 4277 1208 4322 tst
1217 4275 1237 4321 t.

121 4354 166 4405 ug.
184 4349 297 4393 ins-roo.
