2796 5064
347 431 415 481 CAP.
433 430 456 480 l.
474 432 513 481 bb
525 428 701 481 POblfflld
718 431 924 484 suatum.
942 431 1011 480 tar.
1025 431 1071 480 lll.
1207 408 1250 480 35

147 549 289 633 rebam,
317 572 378 621 seu
401 548 432 620 ei
455 548 608 622 absoluto
626 574 692 621 non
711 548 881 622 adversari
901 549 973 621 sive
991 565 1068 622 ante
1085 549 1157 622 sive
1176 566 1251 647 post

143 663 324 751 diluvium,
355 662 515 762 nullaque
546 663 686 763 proinde
711 689 797 763 opus
822 664 956 750 fuisse,
986 681 1044 738 aut
1068 665 1168 738 tacita
1193 682 1252 736 aut

141 803 296 877 expressa
321 777 437 851 diuina
461 776 732 875 dispensatione,
761 778 914 877 inspecta
943 779 1017 878 ipsa
1047 779 1249 853 matrimonii

140 893 312 988 primaeva
328 892 549 977 institutione,
570 908 671 991 atqw
687 907 811 965 attenta
829 906 959 991 patrum
977 893 1141 980 doctrina,
1159 892 1250 967 baud

139 1006 274 1081 difficile
298 1007 432 1082 ridetur
454 1007 587 1081 ostendi
614 1032 726 1105 posse.

206 1124 298 1196 Sane
323 1149 428 1222 quum
452 1123 544 1195 Deus
574 1121 718 1195 instituit
746 1122 955 1221 primaevum
986 1123 1072 1196 inter
1096 1140 1252 1224 protopa-

139 1253 246 1310 rentes
271 1253 406 1313 nostros
431 1237 624 1334 coniugium
647 1237 781 1310 nonnisi
807 1264 907 1310 unum
923 1238 1048 1312 fletam
1075 1243 1135 1311 uni
1158 1240 1251 1314 Adae

138 1355 313 1451 coniugem
334 1353 444 1440 dedit,
468 1378 535 1452 quo
553 1353 641 1425 laeto
665 1352 811 1426 ostendit
834 1354 1079 1449 monogamiam
1103 1353 1250 1428 bominis

139 1467 322 1541 conditioni
349 1492 549 1566 congruens,
573 1483 606 1539 et
624 1467 874 1564 adsignifienvit
893 1467 984 1541 huno
1001 1469 1031 1541 ei
1050 1484 1172 1542 statum
1191 1496 1252 1543 na-

139 1581 278 1654 turalem
304 1573 397 1668 esse,
424 1606 588 1681 suamque
613 1606 679 1653 non
704 1580 847 1655 obscure
876 1583 1007 1681 aperuit
1030 1583 1246 1658 voluntatem.

139 1693 316 1795 Alioquin,
332 1713 430 1795 prout
442 1713 554 1795 patres
572 1696 853 1782 animadvertunt,
872 1696 984 1795 plures
997 1699 1159 1773 foeminas
1173 1725 1252 1773 oon-

140 1809 301 1898 didisset,
326 1837 413 1911 quae
429 1812 461 1884 ei
478 1812 592 1885 sociae
616 1828 730 1884 esseut
753 1828 787 1884 et
809 1813 987 1909 coniuges;
1008 1840 1049 1887 eo
1065 1813 1118 1887 vel
1142 1816 1250 1912 magis
1288 1866 1290 1869 -

140 1925 225 2023 qnod
255 1925 424 1999 eiusmodi
454 1926 631 1999 mulierum
659 1952 817 1999 numerus
842 1926 1023 2027 plurimum
1054 1929 1252 2002 contulisset

141 2040 180 2111 ad
206 2040 347 2114 bumani
371 2042 503 2139 generis
527 2043 799 2142 propagationem
825 2069 865 2115 ex
890 2044 965 2142 ipsa
991 2044 1173 2118 intentione
1189 2047 1250 2117 Dei

141 2154 282 2230 dioentis
313 2156 582 2256 progenitoribus
613 2157 728 2258 ipsis:
761 2157 947 2232 «Crescite
981 2177 1014 2231 et
1048 2160 1252 2260 multiplica-

142 2270 219 2341 mini
237 2272 354 2365 (llll-‘²

210 2385 299 2460 Hinc
320 2386 563 2460 Tertullianus:
585 2386 661 2460 ullt
679 2386 755 2460 ideo
780 2385 881 2461 bomo
898 2386 960 2458 Dei
976 2387 1100 2476 Adam,
1121 2389 1248 2488 inquit,

142 2514 171 2570 et
194 2498 318 2573 mulier
341 2500 403 2574 Dei
428 2501 519 2587 Eva,
549 2500 626 2573 unis
652 2501 739 2573 iuter
764 2528 801 2575 se
827 2501 955 2600 nuptiis
982 2501 1085 2574 lunoti
1112 2502 1250 2576 sormam

145 2613 336 2688 bominibus
361 2616 442 2703 Dei,
470 2617 513 2688 de
537 2616 678 2714 originis
704 2617 918 2701 auctoritate,
939 2634 973 2689 et
990 2617 1098 2716 prima
1116 2619 1177 2690 Dei
1194 2644 1253 2692 vo-

143 2728 241 2803 lutate
272 2746 468 2803 sanxerunt.
497 2731 670 2830 Denique,
700 2747 797 2804 erunt
820 2731 907 2816 duo,
937 2731 1065 2830 inquit,
1095 2732 1129 2802 iu
1154 2758 1253 2805 carne

144 2869 224 2932 una,
256 2870 324 2918 non
351 2861 419 2918 tres
444 2871 554 2945 neque
578 2860 732 2945 quatuor.
761 2844 941 2943 Alioquin,
972 2845 1039 2917 iam
1066 2869 1131 2917 non
1157 2871 1248 2931 una,

143 2985 199 3033 nee
219 2960 291 3034 duo
308 2962 344 3033 in
360 2987 461 3034 unam
484 2988 616 3034 earnem
634 2964 749 3057 (80).»
766 2961 822 3033 Sic
839 2986 868 3032 s.
880 2959 1103 3060 Hieronymus
1131 2960 1254 3059 pariter

144 3075 276 3148 toribit:
297 3077 401 3149 «Una
418 3095 511 3151 oosta
524 3104 544 3150 a
556 3077 722 3178 principio
746 3076 780 3146 in
798 3102 900 3148 unam
918 3101 1052 3183 earnem
1069 3101 1168 3149 versa
1184 3093 1248 3150 est.

144 3189 179 3262 Et
197 3207 317 3278 erunt,
347 3193 473 3292 inquit,
491 3193 560 3267 duo
577 3193 612 3264 in
630 3218 835 3278 carneuna,
857 3218 924 3265 nun
950 3207 1017 3264 tres
1044 3217 1153 3290 neque
1170 3218 1252 3292 qua-

143 3320 230 3391 tuor,
252 3304 403 3404 elioquin
422 3306 487 3378 iam
507 3332 572 3379 non
596 3306 663 3379 duo
681 3306 710 3379 si
728 3306 843 3404 plures
859 3308 974 3401 (81).»
990 3305 1045 3378 Sin
1062 3305 1119 3378 alii
1138 3324 1251 3405 patres

144 3443 282 3513 passim.

210 3534 307 3619 Quae
324 3536 574 3622 confirmantur,
596 3555 632 3610 ut
649 3552 750 3636 patet,
771 3537 870 3608 etiam
889 3561 929 3608 en
946 3535 1100 3608 adductis
1120 3553 1250 3635 patrum

146 3647 362 3734 testimoniis,
390 3676 449 3748 per
473 3650 549 3749 ipsa
574 3650 676 3724 verba
701 3650 743 3722 ab
761 3649 867 3723 Adam
885 3649 954 3721 Deo
973 3649 1158 3749 inspirante
1175 3679 1252 3751 pro-

146 3758 205 3834 lata
234 3788 312 3835 eum
338 3764 464 3837 Herum
490 3766 633 3864 primum
660 3764 832 3864 adspexit:
854 3764 953 3837 «fluo
971 3790 1060 3837 nuno
1076 3790 1115 3839 os
1133 3792 1172 3839 ex
1197 3792 1251 3839 os-

148 3876 234 3951 sibus
258 3878 362 3965 meis‚
383 3894 416 3953 et
432 3906 509 3954 caro
526 3880 568 3953 de
585 3907 685 3953 carne
709 3879 1061 3966 mea...Quamobrem
1087 3879 1252 3979 relinquet

149 3989 241 4069 bomo
258 4010 387 4095 patrem
409 4023 529 4083 suum,
551 4013 584 4072 et
601 4014 758 4085 matrem,
780 4014 812 4070 ot
828 3995 1025 4072 adhaerebit
1041 3996 1135 4070 uxori
1153 4022 1248 4081 suae,

212 4201 262 4262 (79)
277 4202 365 4251 Gener.
379 4204 397 4251 1.
411 4209 450 4252 28.

211 4280 261 4342 (aa)
279 4282 316 4331 De
330 4281 462 4332 exhortet.
475 4285 592 4333 cantitat.
601 4297 655 4347 cap.
668 4287 698 4333 V.
709 4283 749 4334 ed.
760 4283 848 4347 ltignlt.

213 4358 262 4420 (tt)
276 4358 330 4409 tit.
345 4362 364 4410 t.
375 4360 470 4412 advers.
483 4361 603 4413 lorinian.
615 4375 640 4412 n.
655 4367 691 4414 tt.
702 4362 740 4414 ed.
752 4363 856 4413 vallars.
870 4365 929 4413 tom.
942 4365 973 4412 ΙΙ.
982 4363 1030 4412 cot.
1044 4369 1096 4414 tot.

1157 4446 1176 4486 s-
