2796 5064
139 350 210 424 ³32
292 368 355 424 us.
376 370 424 436 m,⁸
447 369 535 423 ster.
556 369 688 422 sertus.
709 368 750 420 ot
763 367 876 421 rnorss.
892 368 989 420 nrt.
1011 366 1136 421 must.

139 518 207 566 non
235 488 447 565 moechetur:
477 488 673 563 moechetur
697 504 827 562 eutem:
861 487 973 562 aliene
997 503 1050 562 est
1074 513 1178 587 ergo,
1204 488 1251 561 cui

138 608 310 681 miscetur.
334 607 436 679 Porro
453 606 483 680 si
501 604 612 678 alienu
630 620 703 692 est,
733 604 795 678 hoc
821 619 891 692 est,
910 603 984 678 eius
998 628 1102 703 equa
1118 603 1252 677 dimissu

138 738 207 808 est;
228 716 359 794 ctiooisi
369 734 504 818 propter
520 720 748 820 fornicationis
765 745 900 791 causon
919 718 1064 791 dimisse
1089 733 1162 807 est,
1184 743 1253 791 uou-

138 834 221 909 dum
252 836 434 909 emittentis
459 862 545 910 uxor
573 862 650 910 esse
680 835 837 911 cessavit.
863 836 898 906 Si
924 849 1036 908 eutem
1068 832 1165 907 illius
1190 858 1254 907 esse

138 944 391 1038 cusentinum
409 948 511 1024 huius
536 967 588 1024 est
612 951 667 1024 cui
693 950 788 1024 alteri
810 950 947 1050 nupsit;
968 949 1049 1025 etsi
1069 948 1252 1035 huiusest,

139 1090 207 1139 non
234 1063 395 1139 moechus
421 1065 624 1139 iudicandus
646 1082 718 1154 est,
739 1065 800 1140 sed
820 1065 973 1139 maritus.
995 1062 1063 1137 Sed
1089 1063 1175 1164 quie
1198 1088 1254 1136 non

139 1205 217 1254 eum
242 1181 400 1254 meritum
426 1180 509 1254 dicit
531 1181 723 1280 Scriptura,
746 1181 807 1255 sed
831 1180 1034 1267 moechum3
1065 1175 1255 1253 adhucillo

140 1293 233 1368 illius
250 1311 321 1382 ost,
343 1321 449 1394 aquo
466 1295 567 1370 etiam
593 1321 694 1369 consa
719 1296 947 1396 fornicationis
971 1293 1108 1367 abiecta
1129 1310 1195 1367 est.
1222 1293 1254 1366 lit

139 1410 216 1484 ideo
231 1435 482 1510 quemcumque
507 1413 605 1484 etiam
633 1413 709 1513 ipse
735 1411 794 1484 ille
820 1406 963 1485 dimisse
985 1408 1083 1483 duoit
1101 1427 1253 1495 uxorem·

139 1525 221 1626 quia
245 1551 322 1599 cum
349 1525 460 1600 alieno
484 1527 604 1601 marito
630 1527 838 1616 concumbit,
859 1524 1012 1600 adultere
1036 1539 1092 1598 est
1115 1525 1251 1629 (lma

211 1640 284 1716 Lib.
306 1644 350 1714 ll.
368 1642 517 1717 excludit
542 1670 571 1717 s.
587 1634 711 1717 Ductor
736 1642 950 1716 difficultates
968 1668 988 1715 a
1007 1639 1177 1714 Pollentio
1193 1664 1255 1742 pro

140 1756 287 1857 positas,
310 1773 347 1831 ut
363 1756 555 1831 ostenderet
579 1756 781 1830 adulterium
803 1750 901 1831 morti
928 1779 1005 1829 esse
1034 1755 1255 1856 aequiperan-

138 1872 239 1958 dum,
276 1897 343 1973 quo
376 1900 479 1948 sensu
510 1872 699 1973 exponebat
723 1868 808 1945 illud
833 1871 1005 1972 Apostoli:
1036 1870 1164 1944 Melior
1187 1871 1256 1944 olli

137 2001 218 2086 poto
243 2001 291 2060 cst
320 1987 400 2084 lcqi,
426 2003 547 2086 quanto
575 2002 712 2087 temporo
735 1989 789 2060 oio
813 1988 882 2060 eius
905 1987 990 2059 oioit
1013 1977 1100 2073 etc.;
1121 2009 1258 2087 eumque

140 2102 323 2176 absurdum
341 2103 513 2203 mentique
525 2103 677 2204 Apostoli
695 2103 897 2178 contrariam
914 2100 1085 2175 eiusmodi
1104 2101 1258 2202 interpre

138 2215 300 2289 tationem
313 2214 539 2315 patefecisset,
556 2217 729 2291 concludit
742 2243 771 2289 s.
781 2215 1008 2312 Augustinus:
1025 2214 1150 2291 «Haec
1164 2214 1258 2294 verbe

139 2328 292 2430 Apostoli
312 2329 433 2403 totiens
452 2324 604 2429 repetita,
626 2331 748 2404 totiens
766 2329 951 2417 iuculoets,
970 2354 1052 2403 seru
1070 2345 1171 2420 sunt,
1191 2331 1260 2405 vite

84 2488 89 2497 ·
140 2460 241 2533 sunt,
263 2470 348 2518 sune
370 2461 469 2532 sunt,
490 2444 593 2544 plens
617 2462 707 2519 sunt.
729 2444 862 2519 Nullius
885 2436 950 2519 viri
973 2446 1177 2545 posterioris
1193 2472 1260 2520 mn·

141 2560 205 2635 lier
217 2586 301 2634 uxor
312 2586 390 2633 esse
407 2561 542 2661 incipit,
560 2559 627 2634 uisi
641 2561 764 2661 prioris
777 2586 853 2635 esse
866 2561 1038 2635 desiverit.
1051 2561 1143 2636 Esse
1156 2578 1260 2636 autem

140 2676 274 2750 desinet
296 2701 382 2750 uuor
407 2676 549 2775 prioris,
571 2677 601 2748 si
624 2676 787 2750 morietur
806 2677 859 2750 vir
882 2677 977 2762 eius,
1007 2701 1076 2750 nou
1105 2677 1136 2751 si
1163 2677 1261 2752 iorni-

140 2807 246 2866 ostur.
263 2792 367 2865 Licite
392 2792 507 2891 itaquo
532 2791 711 2865 dimittitur
727 2792 873 2867 coniunx
889 2791 935 2865 ob
951 2816 1092 2865 oausam
1121 2793 1260 2867 forulos-

143 2907 265 2994 tionis3
284 2908 343 2981 sed
367 2924 480 2980 menet
505 2906 675 2980 vinculum
698 2906 842 3007 prioris,
869 2923 1003 3008 propter
1019 2906 1113 3006 quod
1133 2908 1172 2982 lit
1189 2933 1260 2982 reus

144 3022 322 3110 adulterii,
343 3023 403 3122 qui
421 3021 598 3096 dimissam
624 3020 757 3095 duxerit
782 3021 883 3095 etium
900 3019 944 3096 ob
961 3046 1103 3094 causum
1121 3018 1261 3096 lornicu-

142 3139 242 3212 tionis
260 3141 399 3235 (173).»

214 3253 297 3325 Cum
326 3272 493 3354 nequeant
517 3242 703 3329 aduersarii
729 3255 814 3329 haec
839 3255 925 3329 odeo
951 3254 1133 3355 perspicus
1150 3257 1259 3354 Augu-

141 3369 220 3441 stini
248 3369 438 3443 testimonia
462 3370 617 3458 eludere,
643 3371 807 3444 indirecte
833 3372 951 3446 saltem
977 3369 1166 3444 moliuntur
1190 3372 1259 3445 eius

141 3486 372 3558 auctoritatem
395 3485 459 3558 huc
484 3485 518 3556 in
545 3512 581 3559 re
609 3487 823 3561 imminuere.
841 3487 943 3560 Aiunt
963 3487 1079 3586 itaque
1098 3488 1134 3558 1.
1151 3485 1260 3584 Augu·

141 3599 268 3672 stinum
287 3599 399 3698 ipsum
418 3600 452 3670 in
472 3626 533 3672 sun
551 3602 718 3674 sententia
732 3601 873 3673 dubium
887 3626 927 3674 ao
940 3600 1123 3700 ancipitem
1138 3601 1256 3688 luisse,

140 3741 180 3788 eo
197 3714 289 3814 quod
301 3714 342 3786 in
361 3713 426 3787 hoo
445 3715 519 3813 ipso
537 3714 580 3788 de
597 3716 766 3813 coniugiis
784 3715 983 3788 adulterinis
999 3741 1104 3815 opere
1121 3715 1259 3815 scripse·

140 3830 201 3903 rit:
228 3860 245 3898 n
257 3830 318 3903 His
346 3829 392 3901 ita
415 3856 475 3928 pro
500 3856 573 3903 meo
600 3830 736 3905 modulo
762 3832 974 3930 pertractetis
999 3846 1104 3930 atque
1130 3831 1258 3904 discus·

129 3946 216 4033 sis,
252 3947 485 4046 quaestionem
516 3962 626 4019 temen
652 3947 695 4020 de
721 3938 888 4045 coniugiis
919 3947 1199 4020 obscurissimam
1227 3960 1256 4018 ot

140 4060 445 4159 implicatissimam
460 4086 536 4137 esse
550 4088 616 4136 non
630 4064 755 4138 nescio.
772 4064 840 4137 Neo
853 4062 962 4137 audeo
980 4061 1133 4161 profiteri
1146 4084 1255 4136 omnes

213 4231 279 4292 (ttt)
296 4230 527 4294 lbid.esp.x11.u.
546 4239 582 4282 ts.
592 4232 640 4282 ool.
651 4237 703 4283 set.

213 4310 278 4372 (17³)
295 4309 357 4360 totu.
368 4309 411 4361 tio.
424 4312 453 4360 u.
466 4323 520 4374 cup.
529 4313 572 4362 lv.
583 4310 631 4363 ool.
642 4315 695 4363 too.
