<?xml version="1.0" encoding="UTF-8"?>
<!DOCTYPE html PUBLIC "-//W3C//DTD XHTML 1.0 Transitional//EN"
    "http://www.w3.org/TR/xhtml1/DTD/xhtml1-transitional.dtd">
<html xmlns="http://www.w3.org/1999/xhtml" xml:lang="en" lang="en">
 <head>
  <title>
</title>
<meta http-equiv="Content-Type" content="text/html;charset=utf-8" />
  <meta name='ocr-system' content='tesseract 3.04.00' />
  <meta name='ocr-capabilities' content='ocr_page ocr_carea ocr_par ocr_line ocrx_word'/>
</head>
<body>
  <div class='ocr_page' id='page_1' title='image "./dematrimoniochr01perrgoog_0030.png"; bbox 0 0 2796 5064; ppageno 0'>
   <div class='ocr_carea' id='block_1_1' title="bbox 351 371 1251 438">
    <p class='ocr_par' dir='ltr' id='par_1_1' title="bbox 351 371 1251 438">
     <span class='ocr_line' id='line_1_1' title="bbox 351 371 1251 438; baseline 0.001 -2"><span class='ocrx_word' id='word_1_1' title='bbox 351 390 418 436; x_wconf 80' lang='lat' dir='ltr'><strong>ctr.</strong></span> <span class='ocrx_word' id='word_1_2' title='bbox 430 390 452 437; x_wconf 88' lang='lat' dir='ltr'><strong>t.</strong></span> <span class='ocrx_word' id='word_1_3' title='bbox 468 390 506 436; x_wconf 90' lang='lat' dir='ltr'><strong>nn</strong></span> <span class='ocrx_word' id='word_1_4' title='bbox 521 388 696 437; x_wconf 77' lang='lat' dir='ltr'><strong>rotimum</strong></span> <span class='ocrx_word' id='word_1_5' title='bbox 714 389 922 437; x_wconf 84' lang='lat' dir='ltr'><strong>smonmnm.</strong></span> <span class='ocrx_word' id='word_1_6' title='bbox 945 392 1014 438; x_wconf 77' lang='lat' dir='ltr'><strong>nar.</strong></span> <span class='ocrx_word' id='word_1_7' title='bbox 1031 392 1052 437; x_wconf 90' lang='lat' dir='ltr'><strong>t.</strong></span> <span class='ocrx_word' id='word_1_8' title='bbox 1213 371 1251 437; x_wconf 81' lang='lat' dir='ltr'><strong>tt</strong></span> 
     </span>
    </p>
   </div>
   <div class='ocr_carea' id='block_1_2' title="bbox 128 505 1287 4411">
    <p class='ocr_par' dir='ltr' id='par_1_2' title="bbox 150 505 1259 927">
     <span class='ocr_line' id='line_1_2' title="bbox 219 505 1254 602; baseline 0.003 -24"><span class='ocrx_word' id='word_1_9' title='bbox 219 505 507 590; x_wconf 79' lang='lat' dir='ltr'><strong>Quemadmodum</strong></span> <span class='ocrx_word' id='word_1_10' title='bbox 533 507 633 602; x_wconf 85' lang='lat' dir='ltr'><strong>igitur</strong></span> <span class='ocrx_word' id='word_1_11' title='bbox 657 524 785 580; x_wconf 86' lang='lat' dir='ltr'><strong>veteres</strong></span> <span class='ocrx_word' id='word_1_12' title='bbox 813 506 889 578; x_wconf 91' lang='lat' dir='ltr'><strong>illae</strong></span> <span class='ocrx_word' id='word_1_13' title='bbox 908 525 1016 579; x_wconf 89' lang='lat' dir='ltr'><strong>sectae</strong></span> <span class='ocrx_word' id='word_1_14' title='bbox 1035 510 1101 579; x_wconf 87' lang='lat' dir='ltr'><strong>iam</strong></span> <span class='ocrx_word' id='word_1_15' title='bbox 1121 509 1254 580; x_wconf 86' lang='lat' dir='ltr'><strong>habitae</strong></span> 
     </span>
     <span class='ocr_line' id='line_1_3' title="bbox 154 620 1258 722; baseline 0.003 -29"><span class='ocrx_word' id='word_1_16' title='bbox 154 639 225 693; x_wconf 86' lang='lat' dir='ltr'><strong>sunt</strong></span> <span class='ocrx_word' id='word_1_17' title='bbox 250 639 286 693; x_wconf 90' lang='lat' dir='ltr'><strong>ut</strong></span> <span class='ocrx_word' id='word_1_18' title='bbox 312 620 497 694; x_wconf 80' lang='lat' dir='ltr'>honestatis</span> <span class='ocrx_word' id='word_1_19' title='bbox 526 621 680 718; x_wconf 86' lang='lat' dir='ltr'><strong>publicae</strong></span> <span class='ocrx_word' id='word_1_20' title='bbox 706 648 745 694; x_wconf 88' lang='lat' dir='ltr'><strong>ac</strong></span> <span class='ocrx_word' id='word_1_21' title='bbox 771 623 941 695; x_wconf 86' lang='lat' dir='ltr'><strong>societatis</strong></span> <span class='ocrx_word' id='word_1_22' title='bbox 959 622 1106 699; x_wconf 82' lang='lat' dir='ltr'>dedecus</span> <span class='ocrx_word' id='word_1_23' title='bbox 1126 651 1164 695; x_wconf 88' lang='lat' dir='ltr'><strong>ac</strong></span> <span class='ocrx_word' id='word_1_24' title='bbox 1184 651 1258 722; x_wconf 91' lang='lat' dir='ltr'><strong>pro-</strong></span> 
     </span>
     <span class='ocr_line' id='line_1_4' title="bbox 152 736 1259 821; baseline 0.005 -15"><span class='ocrx_word' id='word_1_25' title='bbox 152 736 262 821; x_wconf 79' lang='lat' dir='ltr'><strong>brum,</strong></span> <span class='ocrx_word' id='word_1_26' title='bbox 294 738 381 808; x_wconf 89' lang='lat' dir='ltr'><strong>idem</strong></span> <span class='ocrx_word' id='word_1_27' title='bbox 407 753 459 809; x_wconf 90' lang='lat' dir='ltr'><strong>est</strong></span> <span class='ocrx_word' id='word_1_28' title='bbox 485 736 657 809; x_wconf 89' lang='lat' dir='ltr'><strong>ferendum</strong></span> <span class='ocrx_word' id='word_1_29' title='bbox 685 736 728 808; x_wconf 88' lang='lat' dir='ltr'><strong>de</strong></span> <span class='ocrx_word' id='word_1_30' title='bbox 747 737 987 811; x_wconf 89' lang='lat' dir='ltr'><strong>recentioribus</strong></span> <span class='ocrx_word' id='word_1_31' title='bbox 1006 739 1178 811; x_wconf 91' lang='lat' dir='ltr'><strong>indicium.</strong></span> <span class='ocrx_word' id='word_1_32' title='bbox 1201 741 1259 812; x_wconf 85' lang='lat' dir='ltr'><strong>lle·</strong></span> 
     </span>
     <span class='ocr_line' id='line_1_5' title="bbox 150 853 1259 927; baseline 0.004 -4"><span class='ocrx_word' id='word_1_33' title='bbox 150 879 222 924; x_wconf 76' lang='lat' dir='ltr'><strong>vera</strong></span> <span class='ocrx_word' id='word_1_34' title='bbox 249 853 445 925; x_wconf 89' lang='lat' dir='ltr'><strong>huiusmodi</strong></span> <span class='ocrx_word' id='word_1_35' title='bbox 472 854 769 926; x_wconf 88' lang='lat' dir='ltr'><strong>communisternm</strong></span> <span class='ocrx_word' id='word_1_36' title='bbox 797 872 908 926; x_wconf 87' lang='lat' dir='ltr'><strong>sectae</strong></span> <span class='ocrx_word' id='word_1_37' title='bbox 933 854 1049 926; x_wconf 90' lang='lat' dir='ltr'><strong>haberi</strong></span> <span class='ocrx_word' id='word_1_38' title='bbox 1076 855 1199 927; x_wconf 89' lang='lat' dir='ltr'><strong>debent</strong></span> <span class='ocrx_word' id='word_1_39' title='bbox 1224 874 1259 927; x_wconf 94' lang='lat' dir='ltr'><strong>ut</strong></span> 
     </span>
    </p>

    <p class='ocr_par' dir='ltr' id='par_1_3' title="bbox 128 963 1257 1070">
     <span class='ocr_line' id='line_1_6' title="bbox 128 963 1257 1070; baseline 0.004 -32"><span class='ocrx_word' id='word_1_40' title='bbox 128 963 269 1067; x_wconf 78' lang='lat' dir='ltr'>‘publici</span> <span class='ocrx_word' id='word_1_41' title='bbox 289 970 458 1041; x_wconf 87' lang='lat' dir='ltr'><strong>societatis</strong></span> <span class='ocrx_word' id='word_1_42' title='bbox 480 970 592 1042; x_wconf 88' lang='lat' dir='ltr'><strong>hostes</strong></span> <span class='ocrx_word' id='word_1_43' title='bbox 612 997 677 1042; x_wconf 91' lang='lat' dir='ltr'><strong>non</strong></span> <span class='ocrx_word' id='word_1_44' title='bbox 696 970 795 1041; x_wconf 92' lang='lat' dir='ltr'><strong>modo</strong></span> <span class='ocrx_word' id='word_1_45' title='bbox 813 969 855 1041; x_wconf 92' lang='lat' dir='ltr'><strong>ob</strong></span> <span class='ocrx_word' id='word_1_46' title='bbox 874 971 1140 1042; x_wconf 81' lang='lat' dir='ltr'><strong>communionem</strong></span> <span class='ocrx_word' id='word_1_47' title='bbox 1156 999 1257 1070; x_wconf 88' lang='lat' dir='ltr'><strong>quam</strong></span> 
     </span>
    </p>

    <p class='ocr_par' dir='ltr' id='par_1_4' title="bbox 144 1085 1257 1647">
     <span class='ocr_line' id='line_1_7' title="bbox 146 1085 1257 1181; baseline 0.003 -27"><span class='ocrx_word' id='word_1_48' title='bbox 146 1085 341 1181; x_wconf 89' lang='lat' dir='ltr'><strong>praedicant</strong></span> <span class='ocrx_word' id='word_1_49' title='bbox 365 1085 529 1157; x_wconf 90' lang='lat' dir='ltr'><strong>bonorum</strong></span> <span class='ocrx_word' id='word_1_50' title='bbox 547 1085 718 1170; x_wconf 89' lang='lat' dir='ltr'><strong>omnium,</strong></span> <span class='ocrx_word' id='word_1_51' title='bbox 740 1085 800 1157; x_wconf 88' lang='lat' dir='ltr'><strong>sed</strong></span> <span class='ocrx_word' id='word_1_52' title='bbox 818 1085 938 1170; x_wconf 84' lang='lat' dir='ltr'><strong>etiam,</strong></span> <span class='ocrx_word' id='word_1_53' title='bbox 962 1085 1028 1157; x_wconf 92' lang='lat' dir='ltr'><strong>imo</strong></span> <span class='ocrx_word' id='word_1_54' title='bbox 1046 1086 1190 1158; x_wconf 79' lang='lat' dir='ltr'><strong>maxime</strong></span> <span class='ocrx_word' id='word_1_55' title='bbox 1215 1086 1257 1159; x_wconf 93' lang='lat' dir='ltr'><strong>ob</strong></span> 
     </span>
     <span class='ocr_line' id='line_1_8' title="bbox 145 1200 1256 1298; baseline 0.005 -29"><span class='ocrx_word' id='word_1_56' title='bbox 145 1200 275 1272; x_wconf 91' lang='lat' dir='ltr'><strong>foedam</strong></span> <span class='ocrx_word' id='word_1_57' title='bbox 303 1200 393 1273; x_wconf 90' lang='lat' dir='ltr'><strong>illam</strong></span> <span class='ocrx_word' id='word_1_58' title='bbox 420 1203 689 1275; x_wconf 83' lang='lat' dir='ltr'><strong>communionem</strong></span> <span class='ocrx_word' id='word_1_59' title='bbox 715 1201 890 1273; x_wconf 90' lang='lat' dir='ltr'><strong>mulierum</strong></span> <span class='ocrx_word' id='word_1_60' title='bbox 917 1226 1017 1298; x_wconf 91' lang='lat' dir='ltr'><strong>quam</strong></span> <span class='ocrx_word' id='word_1_61' title='bbox 1049 1201 1256 1298; x_wconf 80' lang='lat' dir='ltr'><strong>proclamare</strong></span> 
     </span>
     <span class='ocr_line' id='line_1_9' title="bbox 144 1315 1253 1415; baseline 0.003 -28"><span class='ocrx_word' id='word_1_62' title='bbox 144 1343 208 1388; x_wconf 90' lang='lat' dir='ltr'><strong>non</strong></span> <span class='ocrx_word' id='word_1_63' title='bbox 233 1335 402 1389; x_wconf 80' lang='lat' dir='ltr'><strong>verentur.</strong></span> <span class='ocrx_word' id='word_1_64' title='bbox 424 1319 465 1388; x_wconf 86' lang='lat' dir='ltr'><strong>Et</strong></span> <span class='ocrx_word' id='word_1_65' title='bbox 482 1317 702 1389; x_wconf 89' lang='lat' dir='ltr'><strong>nihilominus</strong></span> <span class='ocrx_word' id='word_1_66' title='bbox 722 1317 858 1415; x_wconf 83' lang='lat' dir='ltr'><strong>pessimi</strong></span> <span class='ocrx_word' id='word_1_67' title='bbox 879 1315 1072 1388; x_wconf 92' lang='lat' dir='ltr'><strong>huiusmodi</strong></span> <span class='ocrx_word' id='word_1_68' title='bbox 1099 1316 1253 1390; x_wconf 90' lang='lat' dir='ltr'><strong>homines</strong></span> 
     </span>
     <span class='ocr_line' id='line_1_10' title="bbox 144 1431 1256 1533; baseline 0.004 -30"><span class='ocrx_word' id='word_1_69' title='bbox 144 1460 179 1504; x_wconf 89' lang='lat' dir='ltr'><strong>se</strong></span> <span class='ocrx_word' id='word_1_70' title='bbox 204 1434 331 1507; x_wconf 86' lang='lat' dir='ltr'><strong>iactant</strong></span> <span class='ocrx_word' id='word_1_71' title='bbox 356 1435 526 1507; x_wconf 88' lang='lat' dir='ltr'><strong>societatis</strong></span> <span class='ocrx_word' id='word_1_72' title='bbox 552 1451 775 1533; x_wconf 88' lang='lat' dir='ltr'><strong>reparatores,</strong></span> <span class='ocrx_word' id='word_1_73' title='bbox 804 1431 1017 1531; x_wconf 88' lang='lat' dir='ltr'><strong>potissimum</strong></span> <span class='ocrx_word' id='word_1_74' title='bbox 1040 1458 1118 1506; x_wconf 83' lang='lat' dir='ltr'><strong>tero</strong></span> <span class='ocrx_word' id='word_1_75' title='bbox 1141 1432 1256 1507; x_wconf 86' lang='lat' dir='ltr'><strong>libern-</strong></span> 
     </span>
     <span class='ocr_line' id='line_1_11' title="bbox 144 1547 790 1647; baseline -0.002 -30"><span class='ocrx_word' id='word_1_76' title='bbox 144 1565 229 1619; x_wconf 87' lang='lat' dir='ltr'><strong>tores</strong></span> <span class='ocrx_word' id='word_1_77' title='bbox 247 1549 582 1647; x_wconf 87' lang='lat' dir='ltr'><strong>emancipatnresque</strong></span> <span class='ocrx_word' id='word_1_78' title='bbox 601 1547 790 1620; x_wconf 91' lang='lat' dir='ltr'><strong>mulierum.</strong></span> 
     </span>
    </p>

    <p class='ocr_par' dir='ltr' id='par_1_5' title="bbox 138 1661 1257 3808">
     <span class='ocr_line' id='line_1_12' title="bbox 211 1661 1256 1760; baseline 0.008 -30"><span class='ocrx_word' id='word_1_79' title='bbox 211 1661 279 1734; x_wconf 86' lang='lat' dir='ltr'><strong>Sed</strong></span> <span class='ocrx_word' id='word_1_80' title='bbox 299 1680 431 1760; x_wconf 88' lang='lat' dir='ltr'><strong>praeter</strong></span> <span class='ocrx_word' id='word_1_81' title='bbox 447 1662 537 1734; x_wconf 89' lang='lat' dir='ltr'><strong>dicta</strong></span> <span class='ocrx_word' id='word_1_82' title='bbox 556 1662 654 1734; x_wconf 89' lang='lat' dir='ltr'><strong>facile</strong></span> <span class='ocrx_word' id='word_1_83' title='bbox 671 1678 723 1733; x_wconf 88' lang='lat' dir='ltr'><strong>est</strong></span> <span class='ocrx_word' id='word_1_84' title='bbox 748 1661 874 1733; x_wconf 89' lang='lat' dir='ltr'><strong>directe</strong></span> <span class='ocrx_word' id='word_1_85' title='bbox 900 1662 1075 1735; x_wconf 88' lang='lat' dir='ltr'><strong>ostendere</strong></span> <span class='ocrx_word' id='word_1_86' title='bbox 1099 1663 1256 1738; x_wconf 89' lang='lat' dir='ltr'><strong>huiusce·</strong></span> 
     </span>
     <span class='ocr_line' id='line_1_13' title="bbox 142 1776 1252 1876; baseline 0.005 -31"><span class='ocrx_word' id='word_1_87' title='bbox 142 1777 230 1849; x_wconf 90' lang='lat' dir='ltr'><strong>modi</strong></span> <span class='ocrx_word' id='word_1_88' title='bbox 257 1778 506 1850; x_wconf 79' lang='lat' dir='ltr'><strong>communitatis</strong></span> <span class='ocrx_word' id='word_1_89' title='bbox 523 1776 744 1849; x_wconf 86' lang='lat' dir='ltr'><strong>foeminarum</strong></span> <span class='ocrx_word' id='word_1_90' title='bbox 765 1793 921 1872; x_wconf 89' lang='lat' dir='ltr'><strong>patronos</strong></span> <span class='ocrx_word' id='word_1_91' title='bbox 941 1802 1007 1848; x_wconf 91' lang='lat' dir='ltr'><strong>non</strong></span> <span class='ocrx_word' id='word_1_92' title='bbox 1027 1778 1126 1850; x_wconf 91' lang='lat' dir='ltr'><strong>modo</strong></span> <span class='ocrx_word' id='word_1_93' title='bbox 1144 1779 1252 1876; x_wconf 85' lang='lat' dir='ltr'><strong>digni-</strong></span> 
     </span>
     <span class='ocr_line' id='line_1_14' title="bbox 142 1892 1257 1993; baseline 0.004 -31"><span class='ocrx_word' id='word_1_94' title='bbox 142 1893 198 1963; x_wconf 86' lang='lat' dir='ltr'><strong>tati</strong></span> <span class='ocrx_word' id='word_1_95' title='bbox 212 1919 253 1965; x_wconf 91' lang='lat' dir='ltr'><strong>ac</strong></span> <span class='ocrx_word' id='word_1_96' title='bbox 267 1892 412 1965; x_wconf 84' lang='lat' dir='ltr'><strong>libertati</strong></span> <span class='ocrx_word' id='word_1_97' title='bbox 426 1918 529 1991; x_wconf 90' lang='lat' dir='ltr'><strong>quam</strong></span> <span class='ocrx_word' id='word_1_98' title='bbox 543 1893 668 1965; x_wconf 89' lang='lat' dir='ltr'><strong>iactant</strong></span> <span class='ocrx_word' id='word_1_99' title='bbox 680 1892 846 1990; x_wconf 90' lang='lat' dir='ltr'><strong>sequioris</strong></span> <span class='ocrx_word' id='word_1_100' title='bbox 862 1917 961 1963; x_wconf 85' lang='lat' dir='ltr'><strong>sexus</strong></span> <span class='ocrx_word' id='word_1_101' title='bbox 975 1892 1114 1966; x_wconf 93' lang='lat' dir='ltr'><strong>minime</strong></span> <span class='ocrx_word' id='word_1_102' title='bbox 1127 1897 1257 1993; x_wconf 86' lang='lat' dir='ltr'><strong>prospi-</strong></span> 
     </span>
     <span class='ocr_line' id='line_1_15' title="bbox 140 2006 1254 2107; baseline 0.003 -28"><span class='ocrx_word' id='word_1_103' title='bbox 140 2033 230 2094; x_wconf 89' lang='lat' dir='ltr'><strong>cere,</strong></span> <span class='ocrx_word' id='word_1_104' title='bbox 249 2035 392 2106; x_wconf 89' lang='lat' dir='ltr'><strong>eamque</strong></span> <span class='ocrx_word' id='word_1_105' title='bbox 406 2008 612 2107; x_wconf 85' lang='lat' dir='ltr'><strong>promovere,</strong></span> <span class='ocrx_word' id='word_1_106' title='bbox 636 2007 695 2080; x_wconf 89' lang='lat' dir='ltr'><strong>sed</strong></span> <span class='ocrx_word' id='word_1_107' title='bbox 716 2007 828 2105; x_wconf 89' lang='lat' dir='ltr'><strong>potius</strong></span> <span class='ocrx_word' id='word_1_108' title='bbox 849 2006 1022 2079; x_wconf 89' lang='lat' dir='ltr'><strong>mulierem</strong></span> <span class='ocrx_word' id='word_1_109' title='bbox 1035 2035 1056 2080; x_wconf 94' lang='lat' dir='ltr'><strong>a</strong></span> <span class='ocrx_word' id='word_1_110' title='bbox 1069 2036 1130 2082; x_wconf 88' lang='lat' dir='ltr'><strong>suo</strong></span> <span class='ocrx_word' id='word_1_111' title='bbox 1148 2010 1254 2107; x_wconf 89' lang='lat' dir='ltr'><strong>gradu</strong></span> 
     </span>
     <span class='ocr_line' id='line_1_16' title="bbox 142 2123 1254 2223; baseline 0.003 -29"><span class='ocrx_word' id='word_1_112' title='bbox 142 2124 308 2209; x_wconf 83' lang='lat' dir='ltr'><strong>deiicere,</strong></span> <span class='ocrx_word' id='word_1_113' title='bbox 324 2126 599 2223; x_wconf 86' lang='lat' dir='ltr'><strong>mancipiumque</strong></span> <span class='ocrx_word' id='word_1_114' title='bbox 611 2123 816 2196; x_wconf 84' lang='lat' dir='ltr'><strong>vilissimum</strong></span> <span class='ocrx_word' id='word_1_115' title='bbox 830 2124 974 2195; x_wconf 88' lang='lat' dir='ltr'><strong>efficere.</strong></span> <span class='ocrx_word' id='word_1_116' title='bbox 991 2124 1073 2196; x_wconf 86' lang='lat' dir='ltr'><strong>Vera</strong></span> <span class='ocrx_word' id='word_1_117' title='bbox 1087 2125 1254 2223; x_wconf 91' lang='lat' dir='ltr'><strong>siquidem</strong></span> 
     </span>
     <span class='ocr_line' id='line_1_17' title="bbox 142 2239 1255 2337; baseline 0.003 -27"><span class='ocrx_word' id='word_1_118' title='bbox 142 2240 307 2313; x_wconf 74' lang='lat' dir='ltr'><strong>foeminae</strong></span> <span class='ocrx_word' id='word_1_119' title='bbox 331 2241 480 2337; x_wconf 80' lang='lat' dir='ltr'><strong>dignitas</strong></span> <span class='ocrx_word' id='word_1_120' title='bbox 500 2240 755 2313; x_wconf 84' lang='lat' dir='ltr'><strong>inverecundia</strong></span> <span class='ocrx_word' id='word_1_121' title='bbox 780 2239 956 2324; x_wconf 88' lang='lat' dir='ltr'><strong>consistit,</strong></span> <span class='ocrx_word' id='word_1_122' title='bbox 979 2239 1014 2309; x_wconf 91' lang='lat' dir='ltr'><strong>in</strong></span> <span class='ocrx_word' id='word_1_123' title='bbox 1033 2240 1159 2312; x_wconf 88' lang='lat' dir='ltr'><strong>sanetis</strong></span> <span class='ocrx_word' id='word_1_124' title='bbox 1177 2268 1255 2315; x_wconf 90' lang='lat' dir='ltr'><strong>con—</strong></span> 
     </span>
     <span class='ocr_line' id='line_1_18' title="bbox 142 2352 1254 2453; baseline 0.004 -30"><span class='ocrx_word' id='word_1_125' title='bbox 142 2356 221 2451; x_wconf 89' lang='lat' dir='ltr'><strong>iugii</strong></span> <span class='ocrx_word' id='word_1_126' title='bbox 250 2355 382 2452; x_wconf 89' lang='lat' dir='ltr'><strong>legibus</strong></span> <span class='ocrx_word' id='word_1_127' title='bbox 409 2356 471 2427; x_wconf 88' lang='lat' dir='ltr'><strong>rite</strong></span> <span class='ocrx_word' id='word_1_128' title='bbox 496 2355 690 2438; x_wconf 79' lang='lat' dir='ltr'><strong>servandis,</strong></span> <span class='ocrx_word' id='word_1_129' title='bbox 717 2355 749 2425; x_wconf 92' lang='lat' dir='ltr'><strong>in</strong></span> <span class='ocrx_word' id='word_1_130' title='bbox 772 2354 899 2450; x_wconf 88' lang='lat' dir='ltr'><strong>optima</strong></span> <span class='ocrx_word' id='word_1_131' title='bbox 917 2380 955 2424; x_wconf 89' lang='lat' dir='ltr'><strong>ac</strong></span> <span class='ocrx_word' id='word_1_132' title='bbox 975 2352 1132 2449; x_wconf 88' lang='lat' dir='ltr'><strong>religiosa</strong></span> <span class='ocrx_word' id='word_1_133' title='bbox 1151 2355 1254 2453; x_wconf 87' lang='lat' dir='ltr'><strong>prolis</strong></span> 
     </span>
     <span class='ocr_line' id='line_1_19' title="bbox 142 2468 1251 2568; baseline 0.004 -29"><span class='ocrx_word' id='word_1_134' title='bbox 142 2471 371 2557; x_wconf 86' lang='lat' dir='ltr'><strong>institutione,</strong></span> <span class='ocrx_word' id='word_1_135' title='bbox 394 2472 428 2542; x_wconf 91' lang='lat' dir='ltr'><strong>in</strong></span> <span class='ocrx_word' id='word_1_136' title='bbox 446 2470 646 2568; x_wconf 88' lang='lat' dir='ltr'><strong>aequalibus</strong></span> <span class='ocrx_word' id='word_1_137' title='bbox 672 2487 778 2541; x_wconf 86' lang='lat' dir='ltr'><strong>status</strong></span> <span class='ocrx_word' id='word_1_138' title='bbox 806 2468 908 2541; x_wconf 91' lang='lat' dir='ltr'><strong>huius</strong></span> <span class='ocrx_word' id='word_1_139' title='bbox 940 2469 1071 2542; x_wconf 88' lang='lat' dir='ltr'><strong>iuribus</strong></span> <span class='ocrx_word' id='word_1_140' title='bbox 1099 2472 1251 2556; x_wconf 86' lang='lat' dir='ltr'><strong>tuendis,</strong></span> 
     </span>
     <span class='ocr_line' id='line_1_20' title="bbox 141 2585 1254 2685; baseline 0.003 -30"><span class='ocrx_word' id='word_1_141' title='bbox 141 2589 172 2656; x_wconf 88' lang='lat' dir='ltr'><strong>in</strong></span> <span class='ocrx_word' id='word_1_142' title='bbox 192 2587 385 2685; x_wconf 89' lang='lat' dir='ltr'><strong>praebendo</strong></span> <span class='ocrx_word' id='word_1_143' title='bbox 399 2588 440 2658; x_wconf 92' lang='lat' dir='ltr'><strong>de</strong></span> <span class='ocrx_word' id='word_1_144' title='bbox 455 2612 492 2659; x_wconf 89' lang='lat' dir='ltr'><strong>se</strong></span> <span class='ocrx_word' id='word_1_145' title='bbox 504 2588 664 2659; x_wconf 87' lang='lat' dir='ltr'><strong>virtutum</strong></span> <span class='ocrx_word' id='word_1_146' title='bbox 683 2587 831 2658; x_wconf 91' lang='lat' dir='ltr'><strong>omnium</strong></span> <span class='ocrx_word' id='word_1_147' title='bbox 854 2585 1027 2683; x_wconf 83' lang='lat' dir='ltr'><strong>exemplo,</strong></span> <span class='ocrx_word' id='word_1_148' title='bbox 1050 2613 1137 2684; x_wconf 91' lang='lat' dir='ltr'><strong>qnae</strong></span> <span class='ocrx_word' id='word_1_149' title='bbox 1156 2615 1254 2659; x_wconf 89' lang='lat' dir='ltr'><strong>suum</strong></span> 
     </span>
     <span class='ocr_line' id='line_1_21' title="bbox 142 2701 1254 2802; baseline 0.001 -29"><span class='ocrx_word' id='word_1_150' title='bbox 142 2728 256 2774; x_wconf 81' lang='lat' dir='ltr'><strong>serum</strong></span> <span class='ocrx_word' id='word_1_151' title='bbox 278 2729 440 2776; x_wconf 83' lang='lat' dir='ltr'><strong>exornare</strong></span> <span class='ocrx_word' id='word_1_152' title='bbox 459 2701 602 2785; x_wconf 85' lang='lat' dir='ltr'><strong>dehent,</strong></span> <span class='ocrx_word' id='word_1_153' title='bbox 624 2702 657 2771; x_wconf 92' lang='lat' dir='ltr'><strong>in</strong></span> <span class='ocrx_word' id='word_1_154' title='bbox 677 2701 813 2800; x_wconf 88' lang='lat' dir='ltr'><strong>propria</strong></span> <span class='ocrx_word' id='word_1_155' title='bbox 831 2701 1045 2797; x_wconf 88' lang='lat' dir='ltr'><strong>agnoseenda</strong></span> <span class='ocrx_word' id='word_1_156' title='bbox 1064 2703 1254 2802; x_wconf 89' lang='lat' dir='ltr'><strong>tuendaque</strong></span> 
     </span>
     <span class='ocr_line' id='line_1_22' title="bbox 141 2815 1249 2913; baseline 0.004 -27"><span class='ocrx_word' id='word_1_157' title='bbox 141 2815 324 2913; x_wconf 79' lang='lat' dir='ltr'><strong>dignitate,</strong></span> <span class='ocrx_word' id='word_1_158' title='bbox 356 2819 390 2889; x_wconf 91' lang='lat' dir='ltr'><strong>in</strong></span> <span class='ocrx_word' id='word_1_159' title='bbox 417 2817 576 2889; x_wconf 87' lang='lat' dir='ltr'><strong>fidelitate</strong></span> <span class='ocrx_word' id='word_1_160' title='bbox 596 2817 790 2890; x_wconf 89' lang='lat' dir='ltr'><strong>omnimoda</strong></span> <span class='ocrx_word' id='word_1_161' title='bbox 815 2817 982 2913; x_wconf 88' lang='lat' dir='ltr'><strong>coniugali</strong></span> <span class='ocrx_word' id='word_1_162' title='bbox 1009 2817 1249 2904; x_wconf 82' lang='lat' dir='ltr'><strong>custodienda,</strong></span> 
     </span>
     <span class='ocr_line' id='line_1_23' title="bbox 142 2930 1253 3030; baseline 0.005 -31"><span class='ocrx_word' id='word_1_163' title='bbox 142 2931 172 3001; x_wconf 92' lang='lat' dir='ltr'><strong>in</strong></span> <span class='ocrx_word' id='word_1_164' title='bbox 188 2933 319 3004; x_wconf 91' lang='lat' dir='ltr'><strong>muniis</strong></span> <span class='ocrx_word' id='word_1_165' title='bbox 337 2932 540 3005; x_wconf 85' lang='lat' dir='ltr'><strong>domesticae</strong></span> <span class='ocrx_word' id='word_1_166' title='bbox 561 2933 731 3005; x_wconf 88' lang='lat' dir='ltr'><strong>societatis</strong></span> <span class='ocrx_word' id='word_1_167' title='bbox 758 2930 942 3017; x_wconf 85' lang='lat' dir='ltr'><strong>obeundis,</strong></span> <span class='ocrx_word' id='word_1_168' title='bbox 964 2948 1064 3030; x_wconf 86' lang='lat' dir='ltr'><strong>atque</strong></span> <span class='ocrx_word' id='word_1_169' title='bbox 1082 2949 1118 3004; x_wconf 93' lang='lat' dir='ltr'><strong>ut</strong></span> <span class='ocrx_word' id='word_1_170' title='bbox 1137 2935 1253 3030; x_wconf 87' lang='lat' dir='ltr'><strong>paucis</strong></span> 
     </span>
     <span class='ocr_line' id='line_1_24' title="bbox 142 3046 1253 3147; baseline 0.005 -30"><span class='ocrx_word' id='word_1_171' title='bbox 142 3049 250 3119; x_wconf 91' lang='lat' dir='ltr'><strong>omnia</strong></span> <span class='ocrx_word' id='word_1_172' title='bbox 278 3048 500 3147; x_wconf 85' lang='lat' dir='ltr'><strong>complectar,</strong></span> <span class='ocrx_word' id='word_1_173' title='bbox 529 3049 564 3118; x_wconf 93' lang='lat' dir='ltr'><strong>in</strong></span> <span class='ocrx_word' id='word_1_174' title='bbox 589 3074 628 3120; x_wconf 89' lang='lat' dir='ltr'><strong>eo</strong></span> <span class='ocrx_word' id='word_1_175' title='bbox 652 3064 704 3119; x_wconf 88' lang='lat' dir='ltr'><strong>est</strong></span> <span class='ocrx_word' id='word_1_176' title='bbox 732 3046 896 3119; x_wconf 81' lang='lat' dir='ltr'><strong>foeminae</strong></span> <span class='ocrx_word' id='word_1_177' title='bbox 920 3046 1067 3143; x_wconf 82' lang='lat' dir='ltr'><strong>dignitas</strong></span> <span class='ocrx_word' id='word_1_178' title='bbox 1094 3066 1130 3120; x_wconf 89' lang='lat' dir='ltr'><strong>ut</strong></span> <span class='ocrx_word' id='word_1_179' title='bbox 1156 3049 1191 3118; x_wconf 93' lang='lat' dir='ltr'><strong>in</strong></span> <span class='ocrx_word' id='word_1_180' title='bbox 1217 3076 1253 3122; x_wconf 90' lang='lat' dir='ltr'><strong>se</strong></span> 
     </span>
     <span class='ocr_line' id='line_1_25' title="bbox 142 3161 1251 3260; baseline 0.004 -30"><span class='ocrx_word' id='word_1_181' title='bbox 142 3178 253 3259; x_wconf 85' lang='lat' dir='ltr'><strong>typum</strong></span> <span class='ocrx_word' id='word_1_182' title='bbox 291 3162 441 3234; x_wconf 87' lang='lat' dir='ltr'><strong>mulieris</strong></span> <span class='ocrx_word' id='word_1_183' title='bbox 476 3162 680 3234; x_wconf 87' lang='lat' dir='ltr'><strong>christianae</strong></span> <span class='ocrx_word' id='word_1_184' title='bbox 713 3161 918 3260; x_wconf 77' lang='lat' dir='ltr'><strong>praeseferat</strong></span> <span class='ocrx_word' id='word_1_185' title='bbox 944 3178 1044 3260; x_wconf 91' lang='lat' dir='ltr'><strong>atque</strong></span> <span class='ocrx_word' id='word_1_186' title='bbox 1070 3161 1191 3234; x_wconf 88' lang='lat' dir='ltr'><strong>realem</strong></span> <span class='ocrx_word' id='word_1_187' title='bbox 1219 3165 1251 3234; x_wconf 91' lang='lat' dir='ltr'><strong>in</strong></span> 
     </span>
     <span class='ocr_line' id='line_1_26' title="bbox 140 3275 1253 3373; baseline 0.002 -27"><span class='ocrx_word' id='word_1_188' title='bbox 140 3301 173 3346; x_wconf 86' lang='lat' dir='ltr'><strong>se</strong></span> <span class='ocrx_word' id='word_1_189' title='bbox 194 3276 356 3349; x_wconf 86' lang='lat' dir='ltr'><strong>exhibeat</strong></span> <span class='ocrx_word' id='word_1_190' title='bbox 376 3303 448 3349; x_wconf 91' lang='lat' dir='ltr'><strong>eam</strong></span> <span class='ocrx_word' id='word_1_191' title='bbox 472 3276 622 3348; x_wconf 89' lang='lat' dir='ltr'><strong>mulieris</strong></span> <span class='ocrx_word' id='word_1_192' title='bbox 637 3276 746 3347; x_wconf 87' lang='lat' dir='ltr'><strong>ideam</strong></span> <span class='ocrx_word' id='word_1_193' title='bbox 761 3303 864 3373; x_wconf 90' lang='lat' dir='ltr'><strong>quam</strong></span> <span class='ocrx_word' id='word_1_194' title='bbox 877 3275 1011 3348; x_wconf 78' lang='lat' dir='ltr'><strong>exhibet</strong></span> <span class='ocrx_word' id='word_1_195' title='bbox 1029 3276 1142 3349; x_wconf 90' lang='lat' dir='ltr'><strong>divina</strong></span> <span class='ocrx_word' id='word_1_196' title='bbox 1156 3277 1253 3348; x_wconf 85' lang='lat' dir='ltr'><strong>Chri·</strong></span> 
     </span>
     <span class='ocr_line' id='line_1_27' title="bbox 141 3389 1252 3487; baseline 0.004 -27"><span class='ocrx_word' id='word_1_197' title='bbox 141 3392 179 3461; x_wconf 87' lang='lat' dir='ltr'><strong>sti</strong></span> <span class='ocrx_word' id='word_1_198' title='bbox 204 3390 334 3487; x_wconf 87' lang='lat' dir='ltr'><strong>religio.</strong></span> <span class='ocrx_word' id='word_1_199' title='bbox 358 3390 503 3476; x_wconf 83' lang='lat' dir='ltr'><strong>Quaevis</strong></span> <span class='ocrx_word' id='word_1_200' title='bbox 522 3390 565 3461; x_wconf 89' lang='lat' dir='ltr'><strong>ab</strong></span> <span class='ocrx_word' id='word_1_201' title='bbox 583 3389 637 3461; x_wconf 91' lang='lat' dir='ltr'><strong>his</strong></span> <span class='ocrx_word' id='word_1_202' title='bbox 658 3390 783 3486; x_wconf 86' lang='lat' dir='ltr'><strong>regulis</strong></span> <span class='ocrx_word' id='word_1_203' title='bbox 807 3417 845 3461; x_wconf 91' lang='lat' dir='ltr'><strong>ac</strong></span> <span class='ocrx_word' id='word_1_204' title='bbox 872 3390 1003 3487; x_wconf 89' lang='lat' dir='ltr'><strong>legibus</strong></span> <span class='ocrx_word' id='word_1_205' title='bbox 1024 3391 1169 3464; x_wconf 83' lang='lat' dir='ltr'><strong>deviatio</strong></span> <span class='ocrx_word' id='word_1_206' title='bbox 1190 3393 1252 3464; x_wconf 90' lang='lat' dir='ltr'><strong>foe·</strong></span> 
     </span>
     <span class='ocr_line' id='line_1_28' title="bbox 140 3504 1249 3604; baseline 0.003 -29"><span class='ocrx_word' id='word_1_207' title='bbox 140 3507 262 3578; x_wconf 86' lang='lat' dir='ltr'><strong>minam</strong></span> <span class='ocrx_word' id='word_1_208' title='bbox 289 3504 425 3577; x_wconf 91' lang='lat' dir='ltr'><strong>omnino</strong></span> <span class='ocrx_word' id='word_1_209' title='bbox 452 3505 628 3602; x_wconf 85' lang='lat' dir='ltr'><strong>deturpat,</strong></span> <span class='ocrx_word' id='word_1_210' title='bbox 656 3504 909 3604; x_wconf 89' lang='lat' dir='ltr'><strong>atqucagradu</strong></span> <span class='ocrx_word' id='word_1_211' title='bbox 930 3532 992 3577; x_wconf 91' lang='lat' dir='ltr'><strong>sun</strong></span> <span class='ocrx_word' id='word_1_212' title='bbox 1015 3506 1050 3576; x_wconf 90' lang='lat' dir='ltr'><strong>in</strong></span> <span class='ocrx_word' id='word_1_213' title='bbox 1072 3533 1140 3604; x_wconf 92' lang='lat' dir='ltr'><strong>quo</strong></span> <span class='ocrx_word' id='word_1_214' title='bbox 1160 3506 1249 3579; x_wconf 90' lang='lat' dir='ltr'><strong>illam</strong></span> 
     </span>
     <span class='ocr_line' id='line_1_29' title="bbox 138 3617 1251 3717; baseline 0.002 -27"><span class='ocrx_word' id='word_1_215' title='bbox 138 3620 409 3693; x_wconf 87' lang='lat' dir='ltr'><strong>christianismus</strong></span> <span class='ocrx_word' id='word_1_216' title='bbox 437 3619 631 3704; x_wconf 74' lang='lat' dir='ltr'><strong>collocavit,</strong></span> <span class='ocrx_word' id='word_1_217' title='bbox 652 3637 685 3691; x_wconf 91' lang='lat' dir='ltr'><strong>et</strong></span> <span class='ocrx_word' id='word_1_218' title='bbox 709 3619 750 3690; x_wconf 87' lang='lat' dir='ltr'><strong>ad</strong></span> <span class='ocrx_word' id='word_1_219' title='bbox 777 3645 876 3716; x_wconf 93' lang='lat' dir='ltr'><strong>quem</strong></span> <span class='ocrx_word' id='word_1_220' title='bbox 904 3617 994 3689; x_wconf 89' lang='lat' dir='ltr'><strong>illam</strong></span> <span class='ocrx_word' id='word_1_221' title='bbox 1018 3619 1135 3691; x_wconf 84' lang='lat' dir='ltr'><strong>extulit</strong></span> <span class='ocrx_word' id='word_1_222' title='bbox 1153 3620 1251 3717; x_wconf 86' lang='lat' dir='ltr'><strong>plane</strong></span> 
     </span>
     <span class='ocr_line' id='line_1_30' title="bbox 138 3735 294 3808; baseline 0.019 -5"><span class='ocrx_word' id='word_1_223' title='bbox 138 3735 294 3808; x_wconf 83' lang='lat' dir='ltr'><strong>detrudit.</strong></span> 
     </span>
    </p>

    <p class='ocr_par' dir='ltr' id='par_1_6' title="bbox 137 3851 1287 4411">
     <span class='ocr_line' id='line_1_31' title="bbox 206 3851 1250 3948; baseline 0.003 -29"><span class='ocrx_word' id='word_1_224' title='bbox 206 3851 263 3922; x_wconf 82' lang='lat' dir='ltr'><strong>Vel</strong></span> <span class='ocrx_word' id='word_1_225' title='bbox 286 3853 360 3948; x_wconf 90' lang='lat' dir='ltr'><strong>ipse</strong></span> <span class='ocrx_word' id='word_1_226' title='bbox 382 3854 569 3924; x_wconf 89' lang='lat' dir='ltr'><strong>communis</strong></span> <span class='ocrx_word' id='word_1_227' title='bbox 597 3852 769 3925; x_wconf 89' lang='lat' dir='ltr'><strong>hominum</strong></span> <span class='ocrx_word' id='word_1_228' title='bbox 794 3879 916 3924; x_wconf 87' lang='lat' dir='ltr'><strong>sensus</strong></span> <span class='ocrx_word' id='word_1_229' title='bbox 940 3852 1023 3924; x_wconf 91' lang='lat' dir='ltr'><strong>haec</strong></span> <span class='ocrx_word' id='word_1_230' title='bbox 1042 3854 1153 3924; x_wconf 88' lang='lat' dir='ltr'><strong>omniu</strong></span> <span class='ocrx_word' id='word_1_231' title='bbox 1171 3879 1250 3924; x_wconf 92' lang='lat' dir='ltr'><strong>con-</strong></span> 
     </span>
     <span class='ocr_line' id='line_1_32' title="bbox 139 3967 1249 4067; baseline 0 -31"><span class='ocrx_word' id='word_1_232' title='bbox 139 3967 257 4039; x_wconf 88' lang='lat' dir='ltr'><strong>lirmat.</strong></span> <span class='ocrx_word' id='word_1_233' title='bbox 282 3967 456 4066; x_wconf 82' lang='lat' dir='ltr'><strong>Quidquid</strong></span> <span class='ocrx_word' id='word_1_234' title='bbox 476 3969 564 4040; x_wconf 91' lang='lat' dir='ltr'><strong>enim</strong></span> <span class='ocrx_word' id='word_1_235' title='bbox 586 3969 739 4052; x_wconf 83' lang='lat' dir='ltr'><strong>sectarii,</strong></span> <span class='ocrx_word' id='word_1_236' title='bbox 761 3995 846 4066; x_wconf 92' lang='lat' dir='ltr'><strong>quos</strong></span> <span class='ocrx_word' id='word_1_237' title='bbox 871 3969 1126 4067; x_wconf 78' lang='lat' dir='ltr'><strong>impugnamutr,</strong></span> <span class='ocrx_word' id='word_1_238' title='bbox 1155 3967 1249 4037; x_wconf 79' lang='lat' dir='ltr'><strong>no&#39;vis</strong></span> 
     </span>
     <span class='ocr_line' id='line_1_33' title="bbox 138 4078 1287 4169; baseline -0.001 -17"><span class='ocrx_word' id='word_1_239' title='bbox 138 4085 205 4155; x_wconf 87' lang='lat' dir='ltr'><strong>suis</strong></span> <span class='ocrx_word' id='word_1_240' title='bbox 230 4084 372 4156; x_wconf 87' lang='lat' dir='ltr'><strong>theoriis</strong></span> <span class='ocrx_word' id='word_1_241' title='bbox 398 4085 583 4157; x_wconf 87' lang='lat' dir='ltr'><strong>ellutierint</strong></span> <span class='ocrx_word' id='word_1_242' title='bbox 601 4084 683 4156; x_wconf 88' lang='lat' dir='ltr'><strong>citra</strong></span> <span class='ocrx_word' id='word_1_243' title='bbox 700 4111 799 4156; x_wconf 90' lang='lat' dir='ltr'><strong>omne</strong></span> <span class='ocrx_word' id='word_1_244' title='bbox 816 4083 956 4154; x_wconf 92' lang='lat' dir='ltr'><strong>dubium</strong></span> <span class='ocrx_word' id='word_1_245' title='bbox 974 4100 1041 4169; x_wconf 85' lang='lat' dir='ltr'><strong>est,</strong></span> <span class='ocrx_word' id='word_1_246' title='bbox 1064 4081 1154 4155; x_wconf 89' lang='lat' dir='ltr'><strong>solas</strong></span> <span class='ocrx_word' id='word_1_247' title='bbox 1174 4080 1248 4151; x_wconf 89' lang='lat' dir='ltr'><strong>illas</strong></span> <span class='ocrx_word' id='word_1_248' title='bbox 1283 4078 1287 4086; x_wconf 71' lang='grc'>’</span> 
     </span>
     <span class='ocr_line' id='line_1_34' title="bbox 139 4195 1247 4297; baseline -0.003 -30"><span class='ocrx_word' id='word_1_249' title='bbox 139 4197 292 4269; x_wconf 87' lang='lat' dir='ltr'><strong>mulieres</strong></span> <span class='ocrx_word' id='word_1_250' title='bbox 310 4199 438 4297; x_wconf 86' lang='lat' dir='ltr'><strong>passim</strong></span> <span class='ocrx_word' id='word_1_251' title='bbox 457 4199 547 4297; x_wconf 89' lang='lat' dir='ltr'><strong>apud</strong></span> <span class='ocrx_word' id='word_1_252' title='bbox 566 4225 682 4271; x_wconf 89' lang='lat' dir='ltr'><strong>omnes</strong></span> <span class='ocrx_word' id='word_1_253' title='bbox 706 4215 821 4295; x_wconf 85' lang='lat' dir='ltr'><strong>gentes</strong></span> <span class='ocrx_word' id='word_1_254' title='bbox 840 4199 1028 4283; x_wconf 77' lang='lat' dir='ltr'><strong>aestimari,</strong></span> <span class='ocrx_word' id='word_1_255' title='bbox 1046 4195 1157 4291; x_wconf 87' lang='lat' dir='ltr'><strong>magni</strong></span> <span class='ocrx_word' id='word_1_256' title='bbox 1177 4195 1247 4265; x_wconf 83' lang='lat' dir='ltr'><strong>heri</strong></span> 
     </span>
     <span class='ocr_line' id='line_1_35' title="bbox 137 4308 1249 4411; baseline -0.002 -31"><span class='ocrx_word' id='word_1_257' title='bbox 137 4329 165 4380; x_wconf 84' lang='lat' dir='ltr'><strong>ct</strong></span> <span class='ocrx_word' id='word_1_258' title='bbox 184 4313 411 4385; x_wconf 87' lang='lat' dir='ltr'><strong>commendari</strong></span> <span class='ocrx_word' id='word_1_259' title='bbox 433 4340 520 4411; x_wconf 86' lang='lat' dir='ltr'><strong>quae</strong></span> <span class='ocrx_word' id='word_1_260' title='bbox 547 4313 717 4396; x_wconf 86' lang='lat' dir='ltr'><strong>castitate,</strong></span> <span class='ocrx_word' id='word_1_261' title='bbox 749 4312 910 4411; x_wconf 89' lang='lat' dir='ltr'><strong>pudicitia</strong></span> <span class='ocrx_word' id='word_1_262' title='bbox 936 4339 975 4383; x_wconf 88' lang='lat' dir='ltr'><strong>ac</strong></span> <span class='ocrx_word' id='word_1_263' title='bbox 1000 4309 1163 4383; x_wconf 88' lang='lat' dir='ltr'><strong>modestia</strong></span> <span class='ocrx_word' id='word_1_264' title='bbox 1189 4308 1249 4379; x_wconf 85' lang='lat' dir='ltr'><strong>llo-</strong></span> 
     </span>
    </p>
   </div>
   <div class='ocr_carea' id='block_1_3' title="bbox 0 0 1402 5064">
    <p class='ocr_par' dir='ltr' id='par_1_7' title="bbox 0 0 1402 5064">
     <span class='ocr_line' id='line_1_36' title="bbox 0 0 1402 5064; baseline 0 2"><span class='ocrx_word' id='word_1_265' title='bbox 0 0 1402 5064; x_wconf 95' lang='lat' dir='ltr'><strong> </strong></span> 
     </span>
    </p>
   </div>
  </div>
 </body>
</html>
