2796 5064
223 379 293 454 tis
368 402 430 456 un.
452 402 501 455 ru.
523 400 778 454 meriritum.
793 400 833 452 ns
851 402 962 454 nores.
980 398 1220 458 narn-cnam.
1233 400 1277 445 ἐν’-

221 521 324 624 pudia
355 523 442 596 lacta
478 521 595 594 inisse
629 523 712 594 Nam
749 546 837 621 quoe
867 516 1024 618 leguntur
1057 521 1206 597 Esdrae·
1220 523 1281 597 lib
1306 525 1336 597 Ι-

221 665 296 739 cap.
314 638 370 711 lli.
392 637 476 712 etll.
494 637 652 710 evincunt
663 636 800 738 qurdem
815 636 1059 735 alienigenasa
1072 630 1207 713 iudaeis
1221 639 1344 715 decue

222 754 345 839 luisse,
370 778 441 826 nnn
465 742 577 825 autem
605 752 799 851 repudiatas
825 751 935 826 inisse
953 777 1014 826 seu
1035 752 1198 854 expulsas
1221 778 1346 830 uxores

224 864 436 941 israeliticas.
537 859 551 917 Ϊ’
643 890 647 897 ·

296 981 456 1082 Adeoque
481 979 618 1055 nonnisi
643 980 826 1054 serioribus
854 980 1007 1054 iudaicae
1030 918 1250 1082 reipublicae
1258 998 1347 1056 tem-

223 1097 374 1196 poribus,
388 1124 492 1198 quum
511 1097 622 1169 iudaei
636 1096 787 1170 moribus
800 1094 1064 1196 corruptissimis
1082 1120 1120 1170 sc
1133 1094 1347 1185 foedassent

223 1228 376 1311 coeptum
395 1227 453 1283 est
476 1210 683 1310 frequentari
707 1209 900 1296 divortium,
917 1225 951 1282 at
968 1208 1093 1308 agitata
1114 1227 1166 1285 est
1183 1213 1346 1312 quaestio

222 1327 266 1400 de
289 1326 509 1424 intelligentia
534 1324 621 1424 legis
647 1325 816 1398 mosaicae
833 1326 922 1399 circa
941 1325 1031 1398 hunc
1051 1326 1234 1400 articulum
1253 1328 1346 1400 Deu-

224 1443 411 1516 teronomii.
440 1432 644 1540 Progressus
659 1465 739 1513 vero
755 1440 841 1513 adeo
858 1455 910 1513 est
927 1440 1026 1513 llille'l
1040 1467 1116 1515 cum
1129 1438 1250 1515 schola
1267 1468 1342 1529 sua,

223 1557 435 1630 ut''eiiutiret
458 1556 580 1655 quavis
606 1554 659 1629 vel
684 1547 920 1629 levissimafac
944 1554 1140 1629 lutilissima
1159 1580 1269 1631 cenea
1293 1558 1346 1629 in·

225 1671 413 1744 tercedente
432 1662 566 1741 licitum
578 1668 684 1742 tuisse
701 1667 868 1741 dimittere
885 1666 1055 1769 propriam
1070 1694 1211 1743 uxorem
1232 1670 1345 1744 aliam·

223 1810 292 1887 que
311 1774 434 1859 ducem
454 1774 543 1879 (97)ss
565 1783 718 1857 Ceterum
740 1782 919 1857 divortium
937 1808 1007 1858 non
1025 1783 1127 1858 modo
1143 1808 1211 1858 non
1235 1785 1345 1860 tuisse

224 1915 441 1999 praeceptum
453 1898 547 1983 :aad
565 1897 672 1970 solum
692 1923 791 1994 aegre
809 1898 1012 1996 permissum
1032 1913 1164 1972 constat
1180 1899 1287 1973 etiam
1305 1925 1342 1972 ex

224 2013 552 2088 seusu-'traditionali
573 2014 683 2112 ipsius
701 2036 912 2112 synagogae,
933 2039 1023 2114 quae
1039 2014 1226 2089 declaravit
1237 2018 1344 2089 orirer

225 2128 384 2200 odibilem
390 2128 590 2212 cerambus,
602 2127 661 2227 qui
675 2128 896 2228 permissione
908 2127 1042 2203 divortii
1056 2126 1161 2203 tultus
1173 2131 1345 2231 proprium

223 2234 361 2315 uxorem
378 2235 566 2316 'dimitteret
590 2244 693 2337 (98);
721 2257 852 2315 constat
872 2240 1081 2341 insuper'ex
1110 2268 1152 2317 eo
1186 2245 1280 2344 quod
1303 2243 1342 2317 il-

179 2366 184 2376 '
226 2357 401 2431 taetriores
421 2352 565 2429 2r'abbini
599 2355 748 2442 Yarcbi,
782 2355 889 2429 llben·
906 2358 1024 2443 Em„
1042 2356 1175 2430 Samuel
1206 2359 1341 2458 Yapbb,

226 2462 357 2572 uliiqne'
390 2471 475 2545 bene
493 2464 603 2544 'multi
638 2471 695 2571 qui
728 2469 830 2544 verba
863 2470 1053 2544 Malachiae
1085 2471 1129 2542 ll.
1165 2488 1205 2546 ut
1238 2498 1343 2574 nuper

225 2587 430 2672 innuimus,
457 2580 508 2658 ³de
544 2584 692 2658 divortio.
719 2583 977 2672 intellexerunt,
1007 2585 1051 2658 ad
1086 2611 1192 2657 unum
1220 2612 1340 2660 *omues

226 2688 397 2802 tamquam
417 2701 488 2773 Deo
504 2698 651 2772 invisum
671 2699 866 2784 traducant,
882 2700 940 2797 qui
954 2698 1035 2771 lacit
1051 2699 1235 2773 diuortium
1252 2703 1341 2797 (tt).

225 2816 377 2917 ldipsum
404 2840 539 2916 quoque
566 2842 632 2888 non
660 2813 803 2887 obscure
821 2812 988 2910 colligitur
1012 2841 1053 2887 en
1077 2814 1240 2890 omnibus
1265 2841 1341 2890 con·

226 2931 411 3005 ditionibus
434 2928 607 3016 iuridicis,
629 2954 717 3029 quaa
741 2929 784 3001 ud
806 2928 956 3002 libellum
984 2931 1074 3004 hunc
1100 2930 1235 3029 repudii
1262 2956 1340 3005 con·

296 3239 346 3301 (97)
362 3242 389 3288 tn
402 3239 538 3289 Ttrutmudc
554 3241 626 3289 tract.
643 3237 744 3288 Glttttirt
758 3251 800 3288 seu
823 3240 860 3289 De
877 3236 1000 3288 divorttlr
1019 3250 1072 3302 cap.
1087 3239 1130 3287 ix.
1150 3236 1179 3301 ς.
1190 3245 1232 3291 to.
1245 3240 1339 3289 etsota

227 3328 269 3366 teu
288 3320 326 3366 De
344 3316 470 3368 editum
488 3317 532 3367 t'oi.
549 3320 571 3368 i.
596 3320 655 3367 item
663 3315 837 3366 Rammidbar
855 3306 944 3367 uerit
959 3319 1002 3368 ΙΧ.
1020 3317 1050 3367 ad
1066 3320 1139 3368 Num.
1151 3312 1184 3366 ii.
1199 3324 1240 3369 tu.
1251 3316 1341 3368 detiil·

225 3396 279 3446 tetis
296 3398 380 3448 seboin
399 3398 460 3448 brec
475 3398 624 3448 reirmntor:
638 3416 651 3440 ι
662 3397 751 3447 schole
762 3398 835 3447 itiitei
846 3398 919 3447 dicit:
932 3397 1028 3448 etiamsi
1037 3397 1201 3449 combusserit
1211 3397 1342 3457 ‚ceum-

225 3476 292 3545 eius,
304 3477 368 3528 sicut
380 3477 499 3543 scriptum
508 3481 553 3528 est:
564 3477 585 3528 si
599 3477 718 3528 inuenerit
728 3477 752 3526 iu
764 3490 793 3526 ea
801 3477 888 3528 irarvat
907 3477 983 3527 dabar
1002 3476 1137 3527 nuditatem
1150 3477 1194 3528 rei.
1205 3476 1343 3529 nutritii

226 3555 303 3606 dicit:
326 3554 422 3606 etiamsi
444 3556 486 3605 iila
512 3555 676 3620 pulchriorem
695 3556 815 3606 invenerit
835 3556 924 3619 etiarn,
946 3559 973 3606 ut
994 3557 1113 3621 scriptum
1132 3559 1183 3619 est,
1204 3552 1296 3607 'since
1309 3556 1341 3607 in·

223 3636 319 3687 venerit
332 3637 436 3698 gratim
455 3636 480 3685 in
499 3636 578 3686 ocutis
597 3636 658 3686 eim.
671 3654 684 3680 ι
695 3637 758 3687 ttoic
769 3636 841 3686 laxae
862 3637 1057 3700 interpretationi
1067 3637 1106 3688 cui
1119 3636 1227 3689 libenter
1242 3638 1345 3702 populu

225 3714 270 3775 itte
285 3714 389 3777 degener
410 3717 524 3767 mimum
531 3714 663 3770 adiiciebat
676 3729 702 3766 su
718 3728 745 3765 se
760 3716 875 3778 opposuit
888 3717 1025 3770 schannat
1044 3729 1100 3765 cunr
1114 3717 1201 3767 scitota
1216 3730 1263 3768 sur
1278 3729 1343 3767 corr·

224 3795 293 3843 riuus
311 3786 410 3842 divortii
429 3790 570 3846 {acuitatem
585 3786 715 3856 idgravcs
734 3808 834 3855 causas,
848 3792 933 3857 utpote
951 3793 1081 3844 severioris
1095 3792 1342 3857 disciplinaecultor.

224 3859 340 3921 Mamili
351 3875 452 3922 canunt
461 3874 527 3922 irnnc
536 3870 609 3936 quim
622 3873 739 3936 iosepbns
753 3874 853 3923 Flavius
866 3874 1036 3936 trescentos.
1053 3874 1095 3924 tib.
1108 3875 1174 3924 xiii.
1184 3886 1210 3924 ο.
1220 3880 1246 3925 e.
1258 3888 1285 3924 n.
1295 3879 1341 3925 tt·

224 3954 250 4002 et
266 3951 308 4001 lib.
331 3955 384 4002 XV.
396 3966 418 4000 ο.
434 3962 454 4002 t.
468 3952 491 4016 §.
509 3961 528 4002 t.
542 3957 688 4003 summram
700 3957 781 4015 vocat,
797 3968 826 4002 ac
837 3954 912 4004 veluti
929 3968 1040 4004 severum
1054 3953 1201 4016 disciplinae
1219 3965 1341 4005 cenmretn

228 4029 265 4080 alt'
277 4029 373 4080 iternde
387 4031 412 4079 in
428 4031 507 4094 pretio
523 4029 643 4092 lubitum,
657 4035 682 4080 et
694 4033 821 4095 tamquam
833 4024 982 4095 prophetam
992 4032 1124 4093 describit,
1136 4031 1254 4083 mundent
1272 4031 1342 4083 iulet

225 4108 255 4160 rc
268 4112 409 4161 Simeonem
430 4110 461 4159 da
480 4124 531 4172 qno
552 4111 611 4160 ine
625 4112 657 4159 it.
673 4114 712 4160 75

301 4190 351 4253 (ts)
366 4189 465 4240 Thulin.
476 4191 547 4239 tract.
567 4190 667 4240 Girittirt
687 4190 729 4241 iol.
742 4191 789 4241 uit
805 4190 828 4240 b

297 4270 347 4332 ius)
363 4266 434 4334 Apud
451 4271 541 4319 bnon
556 4283 595 4333 cp.
615 4271 657 4320 cit¹
672 4283 727 4334 pag.
747 4277 778 4320 ts
792 4283 860 4334 seqq.
872 4272 915 4335 qul
931 4273 1095 4335 plurimorum
1125 4271 1293 4322 rabbinorum
1308 4272 1339 4319 te

222 4342 443 4410 stimoniaeilrga't.
