2796 5064
143 363 213 435 tta
299 382 363 437 ιιι.
378 381 426 433 ιιι.
441 379 529 433 secr.
546 379 679 433 ιιιιιιι.
695 378 736 431 ιι
750 376 864 431 nuru.
881 377 978 431 ntra.
996 377 1124 431 curren

143 501 330 577 adversarii
354 516 506 587 tuentur,
537 497 623 571 nihil
651 512 707 578 eat
728 494 978 596 supplendum
1009 511 1125 571 tentae
1150 493 1261 571 clarus

63 598 66 607 ¹
143 631 212 702 eet,
228 632 261 691 at
277 615 429 691 doctrina
447 629 661 714 patronorum
677 611 812 688 divortii
831 608 992 710 plenaeh
1010 610 1139 685 Herma
1153 610 1261 685 endu-

141 730 248 804 ditnr.
419 776 423 789 ·
665 804 669 811 ,
1186 742 1190 748 “

214 844 386 927 Somnium
403 845 550 946 denique
567 860 636 932 est,
658 843 816 919 Hermam
833 841 943 918 solum
960 841 1007 915 nd
1020 840 1260 943 poenitentiam

142 986 207 1045 auu
223 975 333 1045 aetate
349 976 517 1060 receptam
539 959 710 1046 alludere,
729 973 765 1033 et
780 984 848 1032 non
866 957 981 1056 potius
1004 956 1172 1058 implicita
1195 954 1259 1031 sal-

143 1091 214 1161 tem
227 1075 495 1175 adscripturum
516 1090 725 1175 provocem·
740 1072 958 1155 cniusrarba
982 1070 1149 1149 describit
1165 1086 1259 1171 prout

142 1188 301 1286 leguntur
324 1189 416 1289 apud
435 1191 607 1278 Marcum,
633 1191 757 1269 Lucam
774 1204 808 1263 et
825 1187 977 1263 Paulum.
998 1186 1147 1269 Hermae
1161 1186 1258 1282 igitur

145 1302 234 1387 nibil
264 1300 358 1381 aliud
387 1303 493 1393 dicit,
520 1305 593 1379 nisi
612 1304 703 1406 quod
728 1304 759 1379 si
785 1304 926 1378 maritus
949 1302 993 1376 ob
1017 1300 1182 1385 adulterii
1205 1300 1258 1381 fla·

143 1417 264 1517 gitium
283 1416 375 1493 illam
392 1420 504 1519 quaed
524 1435 633 1495 torum
650 1418 999 1520 cohabitationamque
1018 1416 1200 1503 dimiserit,
1221 1413 1257 1489 it-

143 1532 280 1634 lamque
299 1533 353 1607 sui
378 1534 532 1613 criminis
559 1534 780 1636 poenituerit,
805 1534 946 1610 maritae
966 1559 1041 1613 earn
1061 1532 1099 1609 in
1119 1530 1258 1631 ςιιιιὶιιιιι

144 1648 266 1723 iterum
293 1648 445 1749 recipiat.

644 1836 682 1935 r,
712 1834 756 1908 n.

587 2033 765 2086 mutuatae
779 2035 815 2085 rt.

212 2208 263 2283 cx
286 2223 403 2289 sancto
429 2209 559 2285 lustina
582 2210 652 2286 dno
676 2224 859 2312 suppetunt
878 2235 940 2310 pro
961 2207 1261 2299 indissolubilitate

142 2322 314 2420 coniugii,
340 2323 440 2397 etiam
459 2323 494 2397 in
512 2350 596 2399 casu
619 2324 796 2414 adulterii,
816 2324 1020 2400 testimonia.
1042 2323 1197 2401 Alterum
1211 2351 1259 2401 oc·

142 2438 248 2513 currit
272 2439 307 2511 in
332 2438 497 2539 Apologia
521 2440 550 2512 1.
571 2467 607 2512 n.
626 2440 694 2513 XV.
715 2439 774 2513 ubi
801 2467 831 2515 a.
848 2456 981 2541 martyr.
999 2439 1121 2521 rolens
1138 2440 1257 2515 Christi

139 2552 326 2649 doctrinam
353 2553 473 2628 esserra
495 2554 584 2628 circa
608 2556 807 2643 castitatem,
828 2555 892 2628 has
910 2555 1070 2640 exscribit
1090 2582 1136 2629 ex
1155 2559 1259 2631 Eran-

141 2666 233 2765 gelic
259 2667 456 2743 sententias.
485 2670 591 2755 «Qui
618 2668 802 2770 inspexerit
835 2669 1008 2742 mulierem
1032 2670 1078 2745 ad
1103 2670 1258 2770 concupi-

139 2782 302 2856 scendum
330 2810 425 2870 eam,
455 2784 522 2857 iam
548 2783 745 2859 moechatus
770 2785 883 2858 estin
908 2783 1009 2858 corda
1026 2784 1122 2882 apud
1141 2785 1255 2858 Deum:

140 2913 175 2981 et
187 2928 206 2969 r<
217 2898 249 2973 si
268 2897 387 2972 oculus
406 2915 483 2972 tuus
500 2900 616 2973 dexter
633 2898 841 2973 scandalizat
858 2914 902 2986 te,
918 2924 1106 2988 ornacum,
1128 2898 1259 2999 expedit

140 3013 229 3087 enim
245 3013 304 3086 tibi
324 3042 429 3088 unum
443 3015 577 3101 oculum
599 3014 777 3088 habentem
799 3014 931 3112 ingredi
945 3015 981 3087 in
994 3040 1138 3111 regnum
1155 3014 1257 3090 coelo·

140 3156 229 3217 rum,
247 3131 475 3232 potiusquam
490 3157 566 3204 cum
579 3130 712 3204 duobus
727 3131 813 3225 mitti
827 3131 864 3203 iu
877 3132 989 3231 ignem
1002 3129 1258 3204 aeternum.»lit

141 3244 247 3328 «Qut
265 3246 355 3316 ducit
379 3247 588 3344 repudiatam
604 3247 645 3318 ab
663 3247 764 3317 altero
786 3249 877 3330 ciro,
898 3245 1122 3317 moechatur.»
1134 3243 1256 3318 Deinde

139 3356 277 3457 subdit:
302 3358 633 3445 «Quemadmodum
660 3361 760 3435 etiam
786 3361 830 3448 ii,
858 3360 918 3460 qui
944 3357 1086 3456 exlege
1114 3359 1257 3433 humanu

139 3471 266 3572 duplex
291 3474 540 3548 matrimonium
567 3476 705 3563 ineunt,
731 3476 778 3548 ita
798 3492 832 3547 et
857 3475 917 3573 qui
942 3472 1121 3551 mulierem
1146 3472 1256 3573 adspi-

138 3585 233 3659 ciunt
251 3586 294 3659 ad
312 3588 620 3690 concupiscendum
637 3616 733 3678 eam,
756 3605 948 3688 peccatores
970 3603 1051 3661 sunt
1075 3589 1170 3687 apud
1193 3589 1257 3661 Ma·

138 3700 281 3799 gistrum
308 3718 472 3776 nostrum.
490 3705 562 3777 Non
585 3705 675 3776 enirn
702 3704 731 3776 is
757 3703 865 3777 solum
892 3702 935 3775 ab
962 3727 1001 3774 eo
1027 3702 1181 3791 aiicitur,
1201 3700 1256 3802 qui

139 3842 175 3889 re
193 3832 225 3891 at
242 3833 320 3891 actu
337 3819 550 3905 moechatur,
568 3818 627 3892 sed
643 3820 743 3893 etiarn
757 3821 814 3919 qni
831 3820 1001 3894 moechari
1019 3820 1111 3908 vult;
1133 3822 1257 3921 qnippe

138 3946 215 4005 cum
223 3932 295 4006 Deo
309 3960 376 4006 non
391 3932 479 4007 sacta
493 3934 621 4021 solum,
638 3935 697 4008 sed
712 3936 812 4008 etiam
826 3936 972 4033 cogitata
988 3950 1130 4034 pateant
1145 3939 1254 4034 (23).»

147 4104 151 4113 .
182 4120 185 4127 ,
210 4046 261 4120 Ex
279 4074 347 4148 quo
365 4048 555 4123 testimonio
573 4049 738 4124 habemus
758 4053 791 4124 t.
806 4050 897 4150 quod
912 4079 941 4125 a.
952 4066 1084 4152 martyr
1095 4078 1140 4126 ex
1151 4052 1258 4126 Eran-

139 4160 226 4257 gelio
257 4164 403 4263 proferat
432 4165 661 4239 auctoritatam
688 4165 819 4268 absque
850 4165 1004 4241 clausula
1034 4165 1257 4267 exceptionnli

211 4314 261 4376 (rt)
280 4317 316 4365 Er
330 4328 393 4367 vers.
408 4316 503 4367 Maron.
520 4323 526 4335 ·
