2796 5064
139 230 209 307 att
259 250 322 303 nn.
344 249 393 304 ru.
414 249 502 305 saur.
522 227 655 301 nulum.
673 248 715 302 m
731 247 845 302 rmus.
866 247 964 302 utra.
981 247 1110 303 nmrsrt

138 394 238 470 porm
265 367 386 467 agendi
412 367 497 442 ratio
522 394 588 441 non
614 367 790 441 minimam
813 390 929 442 creare
950 383 1065 468 potest
1084 367 1258 445 difficulta-

137 500 204 559 tem
231 483 296 572 iis,
326 482 386 583 qui
413 507 484 556 rem
508 481 657 582 penitius
682 507 750 558 non
774 483 1007 585 perpendunt,
1030 510 1075 559 ex
1101 510 1146 559 eo
1167 484 1257 560 etiam

137 599 270 701 capite,
294 598 386 699 quod
405 597 471 672 hae
484 595 528 671 de
544 623 649 673 causa
662 597 792 672 nullum
809 599 990 674 excitatum
1008 625 1180 702 umquam
1196 600 1260 675 lue·

137 715 183 789 rit
194 717 282 788 inter
294 729 471 814 utramque
487 712 665 788 ecclesiam
683 712 823 789 latinam
836 729 869 789 et
880 739 1037 813 graecam
1056 716 1258 805 dissidium,

137 855 251 930 neque
262 828 398 903 diverse
415 828 499 902 haec
516 825 638 928 agendi
658 828 744 903 ratio
760 828 1003 928 impedimento
1020 829 1129 906 luerit
1145 831 1261 905 utrius

138 971 206 1047 que
222 945 387 1020 aeclesiae
405 944 545 1034 unioni,
568 971 656 1046 quaa
669 942 853 1019 identidem
870 960 1018 1036 tenuta,
1040 946 1152 1024 immo
1169 947 1259 1022 ctiam

138 1061 184 1135 ad
208 1077 341 1161 tempus
367 1059 487 1136 saltem
514 1060 740 1160 redintegrata
763 1077 827 1136 est.

225 1175 356 1250 Exinde
381 1175 550 1277 siquidem
576 1203 643 1251 non
668 1177 768 1277 pauci
793 1176 980 1253 catholicae
1005 1176 1188 1254 doctrinae
1209 1177 1260 1254 ad·

138 1291 278 1366 versarii
297 1307 386 1366 recte
403 1291 528 1366 inferre
544 1290 610 1365 sibi
628 1291 695 1366 visi
708 1306 789 1365 sunt
801 1291 867 1367 bae
884 1292 919 1365 in
937 1319 973 1366 re
990 1318 1062 1367 uon
1078 1292 1124 1368 de
1136 1294 1260 1391 dogma

139 1406 207 1480 tica
230 1407 389 1496 veriute,
410 1406 471 1481 sed
499 1407 542 1481 de
566 1406 672 1482 libera
696 1406 880 1509 disciplina
896 1408 973 1507 agi;
999 1408 1090 1485 adeo
1107 1426 1147 1485 ut
1164 1411 1199 1483 in
1214 1435 1258 1510 po

140 1538 259 1596 testate
271 1521 434 1596 ecelesiae
445 1523 491 1597 sit
502 1549 576 1598 eam
590 1539 776 1623 temperare
790 1550 830 1598 ac
842 1540 971 1598 mutare
986 1551 1050 1624 pm
1063 1541 1255 1625 temporum,

141 1661 360 1735 personarum
375 1662 555 1738 rerumque
572 1637 754 1712 adiunctis.
769 1637 837 1710 Alii
855 1654 965 1713 autem
984 1639 1044 1740 qui
1065 1639 1257 1741 disciplinae

140 1751 366 1828 moderandae
390 1767 589 1855 potestatem
618 1753 828 1827 secularibus
855 1753 1070 1855 principibus
1097 1754 1188 1830 ultro
1210 1754 1257 1828 de

140 1868 326 1956 mandant,
355 1869 452 1942 veriti
480 1895 547 1942 non
574 1885 654 1943 sunt
679 1868 816 1969 politico
847 1868 1003 1968 regimini
1033 1871 1256 1945 auctoritatem

140 1979 271 2054 deferre
295 1979 446 2055 fidelium
471 1982 686 2057 matrimonia
710 1980 754 2057 ob
780 1980 934 2058 adulterii
959 1981 1131 2081 llagitium
1151 1982 1258 2058 dissol

140 2096 263 2185 vendi,
292 2111 392 2196 prout
416 2097 530 2197 reipsa
546 2097 581 2170 iu
599 2096 855 2198 protestantium
876 2096 1066 2173 ditionibus
1091 2099 1169 2172 lieri
1191 2124 1257 2173 con·

140 2211 266 2300 suevit,
286 2227 320 2286 et
337 2239 358 2286 a
375 2211 547 2287 nonnullis
565 2212 775 2315 principibus
792 2211 969 2289 catholicis
983 2213 1178 2314 aliquando
1190 2240 1257 2291 sau·

142 2327 246 2400 citum
271 2344 324 2402 est
344 2330 408 2425 (1).

214 2442 256 2516 Ut
281 2443 383 2541 igitur
408 2442 642 2519 huiuscemodi
662 2470 876 2519 amoveamus
894 2445 1130 2535 obstaculum,
1157 2462 1257 2522 ostan-

140 2559 261 2633 demus
280 2562 313 2631 1.
335 2587 402 2633 non
427 2560 470 2634 de
496 2560 644 2634 doctrino
666 2563 801 2662 proprie
821 2588 860 2636 ac
886 2561 1012 2636 directe
1030 2565 1258 2662 quaestionem

141 2701 217 2748 esse
242 2701 319 2747 eum
346 2673 490 2749 ecclesia
515 2702 635 2773 graeca
660 2676 749 2751 eirca
774 2675 866 2750 hune
891 2675 1091 2767 articulum,
1121 2676 1182 2751 sed
1207 2701 1259 2778 po-

142 2790 210 2863 tius
236 2789 279 2863 de
303 2790 438 2864 diversa
462 2816 658 2890 graecorum
674 2793 799 2889 proci,
829 2818 890 2866 seu
915 2792 1029 2865 verius
1053 2790 1188 2879 abusu,
1208 2791 1257 2892 qui

141 2906 233 3003 apud
259 2930 317 2977 eos
342 2904 507 2993 obtinuit,
532 2921 633 3004 atque
657 2905 841 2978 etiamnum
864 2906 1013 2993 obtinet;
1043 2906 1080 2977 2.
1103 2907 1259 3004 originem

58 3059 60 3064 ·
140 3019 294 3093 eiusdem
309 3046 451 3119 praxeos
477 3045 539 3094 seu
551 3019 692 3108 abusus,
709 3021 768 3120 qui
783 3021 875 3122 apud
893 3020 970 3094 illos
988 3020 1149 3110 invaluit,
1177 3037 1260 3123 pate-

141 3131 324 3219 faciemus3
347 3137 380 3206 3.
402 3133 582 3208 ecclesiam
598 3132 738 3208 latinam
759 3134 906 3234 denique
922 3134 1164 3225 ostendemus,
1184 3160 1261 3235 quu-

142 3248 205 3322 ties
223 3274 261 3322 se
278 3275 317 3323 se
333 3248 454 3325 obtulit
470 3250 625 3339 occasio,
647 3250 744 3325 toties
758 3249 921 3325 adversus
933 3249 1105 3326 eiusmodi
1121 3250 1260 3326 abusum

144 3363 359 3439 reclamasse.

216 3480 244 3553 l.
272 3481 373 3556 Porro
399 3481 443 3555 ad
469 3484 614 3583 primum
640 3483 731 3584 quod
756 3483 893 3570 attinet,
922 3481 1004 3555 dum
1029 3481 1180 3558 dicimus
1198 3481 1263 3556 dis·

142 3595 268 3670 sidium
294 3621 433 3695 gmecos
454 3596 540 3671 inter
557 3596 749 3698 latinosque
765 3625 833 3672 non
850 3597 894 3671 de
911 3596 1067 3672 doctrina
1089 3623 1188 3685 esse,
1208 3593 1262 3670 sed

141 3712 185 3786 de
197 3711 292 3812 praxi
309 3769 318 3799 ,
335 3710 428 3787 baud
440 3711 633 3811 significare
651 3713 857 3787 intendimus
876 3711 953 3786 illos
971 3711 1015 3785 ad
1034 3714 1170 3811 praxim
1181 3711 1263 3784 hanc

140 3853 238 3903 suam
263 3827 549 3903 cohonestandum
575 3829 712 3903 minime
730 3855 892 3929 quaerere
910 3819 1123 3929 praesidium
1141 3826 1261 3903 sivein

142 3943 250 4017 sacris
279 3943 421 4034 litteris,
449 3943 523 4020 sive
549 3944 584 4017 in
610 3959 802 4019 sanctorum
832 3960 982 4020 veterum
1008 3944 1172 4045 scriptis;
1204 3943 1262 4016 boc

219 4130 255 4192 (t)
271 4132 323 4182 flos
341 4130 495 4182 adversarios
514 4130 588 4195 paulo
605 4133 663 4196 post
683 4130 943 4193 commemorabimus,
955 4142 1014 4181 cum
1026 4129 1125 4182 scilieet
1136 4129 1261 4184 allam

142 4208 293 4273 singulorum
314 4213 458 4276 argumenta
478 4211 570 4276 quibus
592 4211 671 4264 adnisi
690 4214 748 4264 sunt
766 4210 887 4264 eiusmodi
907 4209 995 4262 urlelre
1015 4213 1167 4264 commenta.
