<?xml version="1.0" encoding="UTF-8"?>
<!DOCTYPE html PUBLIC "-//W3C//DTD XHTML 1.0 Transitional//EN"
    "http://www.w3.org/TR/xhtml1/DTD/xhtml1-transitional.dtd">
<html xmlns="http://www.w3.org/1999/xhtml" xml:lang="en" lang="en">
 <head>
  <title>
</title>
<meta http-equiv="Content-Type" content="text/html;charset=utf-8" />
  <meta name='ocr-system' content='tesseract 3.04.00' />
  <meta name='ocr-capabilities' content='ocr_page ocr_carea ocr_par ocr_line ocrx_word'/>
</head>
<body>
  <div class='ocr_page' id='page_1' title='image "./dematrimoniochr01perrgoog_0255.png"; bbox 0 0 2796 5064; ppageno 0'>
   <div class='ocr_carea' id='block_1_1' title="bbox 143 341 1118 423">
    <p class='ocr_par' dir='ltr' id='par_1_1' title="bbox 143 341 1118 423">
     <span class='ocr_line' id='line_1_1' title="bbox 143 341 1118 423; baseline 0.005 -11"><span class='ocrx_word' id='word_1_1' title='bbox 143 341 212 413; x_wconf 80' lang='lat' dir='ltr'><strong>tte</strong></span> <span class='ocrx_word' id='word_1_2' title='bbox 292 363 354 423; x_wconf 77' lang='lat' dir='ltr'><strong>tm·</strong></span> <span class='ocrx_word' id='word_1_3' title='bbox 371 364 420 418; x_wconf 90' lang='grc' dir='ltr'><strong>ιιι.</strong></span> <span class='ocrx_word' id='word_1_4' title='bbox 440 365 527 419; x_wconf 82' lang='lat' dir='ltr'><strong>sacr.</strong></span> <span class='ocrx_word' id='word_1_5' title='bbox 543 365 675 417; x_wconf 79' lang='lat' dir='ltr'><strong>mrem.</strong></span> <span class='ocrx_word' id='word_1_6' title='bbox 690 364 732 418; x_wconf 82' lang='lat' dir='ltr'><strong>nr</strong></span> <span class='ocrx_word' id='word_1_7' title='bbox 745 364 861 418; x_wconf 80' lang='lat' dir='ltr'><strong>mnus.</strong></span> <span class='ocrx_word' id='word_1_8' title='bbox 877 365 974 421; x_wconf 76' lang='lat' dir='ltr'><strong>asra.</strong></span> <span class='ocrx_word' id='word_1_9' title='bbox 990 362 1118 421; x_wconf 74' lang='lat' dir='ltr'><strong>emma.</strong></span> 
     </span>
    </p>
   </div>
   <div class='ocr_carea' id='block_1_2' title="bbox 139 480 1255 4386">
    <p class='ocr_par' dir='ltr' id='par_1_2' title="bbox 139 480 1255 4386">
     <span class='ocr_line' id='line_1_2' title="bbox 143 480 1247 586; baseline 0.005 -31"><span class='ocrx_word' id='word_1_10' title='bbox 143 480 301 582; x_wconf 90' lang='lat' dir='ltr'><strong>reprobat</strong></span> <span class='ocrx_word' id='word_1_11' title='bbox 322 500 357 558; x_wconf 91' lang='lat' dir='ltr'><strong>et</strong></span> <span class='ocrx_word' id='word_1_12' title='bbox 379 484 584 586; x_wconf 87' lang='lat' dir='ltr'><strong>compescit,</strong></span> <span class='ocrx_word' id='word_1_13' title='bbox 611 484 672 560; x_wconf 88' lang='lat' dir='ltr'><strong>sed</strong></span> <span class='ocrx_word' id='word_1_14' title='bbox 696 510 758 585; x_wconf 84' lang='lat' dir='ltr'><strong>per</strong></span> <span class='ocrx_word' id='word_1_15' title='bbox 772 483 924 559; x_wconf 88' lang='lat' dir='ltr'><strong>debitum</strong></span> <span class='ocrx_word' id='word_1_16' title='bbox 946 484 1247 583; x_wconf 78' lang='lat' dir='ltr'><strong>mortis....lgitor,</strong></span> 
     </span>
     <span class='ocr_line' id='line_1_3' title="bbox 141 596 1248 702; baseline 0.004 -32"><span class='ocrx_word' id='word_1_17' title='bbox 141 596 170 670; x_wconf 88' lang='lat' dir='ltr'><strong>si</strong></span> <span class='ocrx_word' id='word_1_18' title='bbox 194 620 281 696; x_wconf 87' lang='lat' dir='ltr'><strong>quos</strong></span> <span class='ocrx_word' id='word_1_19' title='bbox 304 598 395 671; x_wconf 87' lang='lat' dir='ltr'><strong>Dens</strong></span> <span class='ocrx_word' id='word_1_20' title='bbox 420 598 613 687; x_wconf 89' lang='lat' dir='ltr'><strong>coniunxit,</strong></span> <span class='ocrx_word' id='word_1_21' title='bbox 643 599 745 672; x_wconf 90' lang='lat' dir='ltr'><strong>homo</strong></span> <span class='ocrx_word' id='word_1_22' title='bbox 769 622 837 672; x_wconf 90' lang='lat' dir='ltr'><strong>non</strong></span> <span class='ocrx_word' id='word_1_23' title='bbox 861 599 1035 700; x_wconf 76' lang='lat' dir='ltr'>separabit</span> <span class='ocrx_word' id='word_1_24' title='bbox 1065 601 1248 702; x_wconf 86' lang='lat' dir='ltr'><strong>repudio...</strong></span> 
     </span>
     <span class='ocr_line' id='line_1_4' title="bbox 144 711 1254 817; baseline 0.005 -32"><span class='ocrx_word' id='word_1_25' title='bbox 144 711 321 785; x_wconf 86' lang='lat' dir='ltr'><strong>Caetenrm</strong></span> <span class='ocrx_word' id='word_1_26' title='bbox 338 729 372 786; x_wconf 92' lang='lat' dir='ltr'><strong>et</strong></span> <span class='ocrx_word' id='word_1_27' title='bbox 388 711 455 786; x_wconf 89' lang='lat' dir='ltr'><strong>alia</strong></span> <span class='ocrx_word' id='word_1_28' title='bbox 472 715 558 787; x_wconf 87' lang='lat' dir='ltr'><strong>ratio</strong></span> <span class='ocrx_word' id='word_1_29' title='bbox 575 715 764 815; x_wconf 78' lang='lat' dir='ltr'><strong>conspirat,</strong></span> <span class='ocrx_word' id='word_1_30' title='bbox 786 715 888 788; x_wconf 92' lang='lat' dir='ltr'><strong>immo</strong></span> <span class='ocrx_word' id='word_1_31' title='bbox 905 716 1080 804; x_wconf 87' lang='lat' dir='ltr'><strong>nonalia,</strong></span> <span class='ocrx_word' id='word_1_32' title='bbox 1100 717 1163 793; x_wconf 86' lang='lat' dir='ltr'><strong>sed</strong></span> <span class='ocrx_word' id='word_1_33' title='bbox 1175 742 1254 817; x_wconf 85' lang='lat' dir='ltr'><strong>quae</strong></span> 
     </span>
     <span class='ocr_line' id='line_1_5' title="bbox 142 827 1253 932; baseline 0.006 -33"><span class='ocrx_word' id='word_1_34' title='bbox 142 827 230 899; x_wconf 85' lang='lat' dir='ltr'><strong>initii</strong></span> <span class='ocrx_word' id='word_1_35' title='bbox 255 828 397 901; x_wconf 87' lang='lat' dir='ltr'><strong>sormam</strong></span> <span class='ocrx_word' id='word_1_36' title='bbox 422 829 602 931; x_wconf 78' lang='lat' dir='ltr'><strong>imposuit,</strong></span> <span class='ocrx_word' id='word_1_37' title='bbox 630 845 664 903; x_wconf 91' lang='lat' dir='ltr'><strong>et</strong></span> <span class='ocrx_word' id='word_1_38' title='bbox 685 829 892 903; x_wconf 85' lang='lat' dir='ltr'><strong>voluntatem</strong></span> <span class='ocrx_word' id='word_1_39' title='bbox 916 830 979 904; x_wconf 79' lang='lat' dir='ltr'><strong>llei</strong></span> <span class='ocrx_word' id='word_1_40' title='bbox 995 831 1103 905; x_wconf 85' lang='lat' dir='ltr'><strong>morit</strong></span> <span class='ocrx_word' id='word_1_41' title='bbox 1120 830 1166 904; x_wconf 87' lang='lat' dir='ltr'><strong>ad</strong></span> <span class='ocrx_word' id='word_1_42' title='bbox 1187 857 1253 932; x_wconf 78' lang='lat' dir='ltr'><strong>pm</strong></span> 
     </span>
     <span class='ocr_line' id='line_1_6' title="bbox 142 938 1252 1044; baseline 0.005 -31"><span class='ocrx_word' id='word_1_43' title='bbox 142 939 342 1015; x_wconf 78' lang='lat' dir='ltr'><strong>bibitionem</strong></span> <span class='ocrx_word' id='word_1_44' title='bbox 368 938 517 1044; x_wconf 83' lang='lat' dir='ltr'><strong>repudii:</strong></span> <span class='ocrx_word' id='word_1_45' title='bbox 539 943 699 1044; x_wconf 90' lang='lat' dir='ltr'><strong>quoniam</strong></span> <span class='ocrx_word' id='word_1_46' title='bbox 724 944 784 1042; x_wconf 91' lang='lat' dir='ltr'><strong>qni</strong></span> <span class='ocrx_word' id='word_1_47' title='bbox 802 943 969 1018; x_wconf 82' lang='lat' dir='ltr'><strong>dimiserit</strong></span> <span class='ocrx_word' id='word_1_48' title='bbox 983 969 1126 1018; x_wconf 89' lang='lat' dir='ltr'><strong>uxorem</strong></span> <span class='ocrx_word' id='word_1_49' title='bbox 1144 970 1252 1032; x_wconf 86' lang='lat' dir='ltr'><strong>snam,</strong></span> 
     </span>
     <span class='ocr_line' id='line_1_7' title="bbox 142 1056 1252 1157; baseline 0.003 -27"><span class='ocrx_word' id='word_1_50' title='bbox 142 1072 379 1157; x_wconf 78' lang='lat' dir='ltr'><strong>praeterquam</strong></span> <span class='ocrx_word' id='word_1_51' title='bbox 410 1084 452 1131; x_wconf 87' lang='lat' dir='ltr'><strong>ex</strong></span> <span class='ocrx_word' id='word_1_52' title='bbox 482 1081 586 1132; x_wconf 87' lang='lat' dir='ltr'><strong>causa</strong></span> <span class='ocrx_word' id='word_1_53' title='bbox 618 1056 805 1144; x_wconf 90' lang='lat' dir='ltr'><strong>adulterii,</strong></span> <span class='ocrx_word' id='word_1_54' title='bbox 840 1057 921 1132; x_wconf 86' lang='lat' dir='ltr'><strong>lacit</strong></span> <span class='ocrx_word' id='word_1_55' title='bbox 948 1084 1024 1134; x_wconf 89' lang='lat' dir='ltr'><strong>eam</strong></span> <span class='ocrx_word' id='word_1_56' title='bbox 1053 1058 1252 1146; x_wconf 89' lang='lat' dir='ltr'><strong>adulterari;</strong></span> 
     </span>
     <span class='ocr_line' id='line_1_8' title="bbox 142 1171 1255 1274; baseline 0.002 -29"><span class='ocrx_word' id='word_1_57' title='bbox 142 1187 176 1246; x_wconf 92' lang='lat' dir='ltr'><strong>et</strong></span> <span class='ocrx_word' id='word_1_58' title='bbox 199 1172 259 1271; x_wconf 90' lang='lat' dir='ltr'><strong>qni</strong></span> <span class='ocrx_word' id='word_1_59' title='bbox 284 1172 460 1247; x_wconf 90' lang='lat' dir='ltr'><strong>dimissam</strong></span> <span class='ocrx_word' id='word_1_60' title='bbox 485 1200 506 1247; x_wconf 87' lang='lat' dir='ltr'><strong>a</strong></span> <span class='ocrx_word' id='word_1_61' title='bbox 530 1172 604 1246; x_wconf 83' lang='lat' dir='ltr'><strong>rire</strong></span> <span class='ocrx_word' id='word_1_62' title='bbox 628 1172 777 1260; x_wconf 88' lang='lat' dir='ltr'><strong>duxerit,</strong></span> <span class='ocrx_word' id='word_1_63' title='bbox 799 1171 966 1247; x_wconf 85' lang='lat' dir='ltr'><strong>adulterat</strong></span> <span class='ocrx_word' id='word_1_64' title='bbox 984 1175 1121 1274; x_wconf 88' lang='lat' dir='ltr'><strong>ntique.</strong></span> <span class='ocrx_word' id='word_1_65' title='bbox 1135 1173 1255 1249; x_wconf 77' lang='lat' dir='ltr'><strong>Nocet</strong></span> 
     </span>
     <span class='ocr_line' id='line_1_9' title="bbox 140 1285 1251 1389; baseline 0 -30"><span class='ocrx_word' id='word_1_66' title='bbox 140 1286 259 1359; x_wconf 72' lang='lat' dir='ltr'><strong>nobem</strong></span> <span class='ocrx_word' id='word_1_67' title='bbox 284 1287 426 1385; x_wconf 78' lang='lat' dir='ltr'><strong>lepitime</strong></span> <span class='ocrx_word' id='word_1_68' title='bbox 446 1301 553 1385; x_wconf 81' lang='lat' dir='ltr'><strong>potest</strong></span> <span class='ocrx_word' id='word_1_69' title='bbox 574 1285 771 1384; x_wconf 59' lang='lat' dir='ltr'><strong>rendere·</strong></span> <span class='ocrx_word' id='word_1_70' title='bbox 797 1303 831 1361; x_wconf 93' lang='lat' dir='ltr'><strong>et</strong></span> <span class='ocrx_word' id='word_1_71' title='bbox 854 1286 884 1362; x_wconf 88' lang='lat' dir='ltr'><strong>si</strong></span> <span class='ocrx_word' id='word_1_72' title='bbox 909 1285 993 1389; x_wconf 88' lang='lat' dir='ltr'><strong>quid</strong></span> <span class='ocrx_word' id='word_1_73' title='bbox 1017 1288 1089 1363; x_wconf 88' lang='lat' dir='ltr'><strong>tale</strong></span> <span class='ocrx_word' id='word_1_74' title='bbox 1120 1286 1251 1362; x_wconf 91' lang='lat' dir='ltr'><strong>commi·</strong></span> 
     </span>
     <span class='ocr_line' id='line_1_10' title="bbox 141 1402 1250 1504; baseline -0.001 -26"><span class='ocrx_word' id='word_1_75' title='bbox 141 1403 223 1478; x_wconf 87' lang='lat' dir='ltr'><strong>serit</strong></span> <span class='ocrx_word' id='word_1_76' title='bbox 245 1403 321 1479; x_wconf 92' lang='lat' dir='ltr'><strong>sine</strong></span> <span class='ocrx_word' id='word_1_77' title='bbox 344 1402 549 1477; x_wconf 83' lang='lat' dir='ltr'><strong>matrimonii</strong></span> <span class='ocrx_word' id='word_1_78' title='bbox 574 1402 726 1490; x_wconf 89' lang='lat' dir='ltr'><strong>nomine,</strong></span> <span class='ocrx_word' id='word_1_79' title='bbox 755 1428 824 1476; x_wconf 88' lang='lat' dir='ltr'><strong>non</strong></span> <span class='ocrx_word' id='word_1_80' title='bbox 846 1404 938 1504; x_wconf 89' lang='lat' dir='ltr'><strong>capit</strong></span> <span class='ocrx_word' id='word_1_81' title='bbox 961 1402 1112 1501; x_wconf 73' lang='lat' dir='ltr'><strong>elogium</strong></span> <span class='ocrx_word' id='word_1_82' title='bbox 1129 1403 1250 1477; x_wconf 80' lang='lat' dir='ltr'><strong>adulte</strong></span> 
     </span>
     <span class='ocr_line' id='line_1_11' title="bbox 141 1516 1249 1617; baseline 0.001 -27"><span class='ocrx_word' id='word_1_83' title='bbox 141 1517 183 1591; x_wconf 93' lang='lat' dir='ltr'><strong>rii</strong></span> <span class='ocrx_word' id='word_1_84' title='bbox 199 1576 208 1606; x_wconf 93' lang='lat'><strong>,</strong></span> <span class='ocrx_word' id='word_1_85' title='bbox 231 1544 300 1617; x_wconf 89' lang='lat' dir='ltr'><strong>qua</strong></span> <span class='ocrx_word' id='word_1_86' title='bbox 316 1517 520 1591; x_wconf 86' lang='lat' dir='ltr'><strong>adulterium</strong></span> <span class='ocrx_word' id='word_1_87' title='bbox 537 1517 573 1589; x_wconf 92' lang='lat' dir='ltr'><strong>in</strong></span> <span class='ocrx_word' id='word_1_88' title='bbox 590 1516 803 1591; x_wconf 90' lang='lat' dir='ltr'><strong>matrimonio</strong></span> <span class='ocrx_word' id='word_1_89' title='bbox 819 1518 947 1591; x_wconf 85' lang='lat' dir='ltr'><strong>crimen</strong></span> <span class='ocrx_word' id='word_1_90' title='bbox 963 1516 1041 1593; x_wconf 79' lang='lat' dir='ltr'><strong>eat?</strong></span> <span class='ocrx_word' id='word_1_91' title='bbox 1057 1519 1153 1593; x_wconf 81' lang='lat' dir='ltr'><strong>Deus</strong></span> <span class='ocrx_word' id='word_1_92' title='bbox 1164 1517 1249 1591; x_wconf 90' lang='lat' dir='ltr'><strong>aliter</strong></span> 
     </span>
     <span class='ocr_line' id='line_1_12' title="bbox 140 1631 1249 1732; baseline -0.004 -24"><span class='ocrx_word' id='word_1_93' title='bbox 140 1633 271 1708; x_wconf 86' lang='lat' dir='ltr'><strong>censuit</strong></span> <span class='ocrx_word' id='word_1_94' title='bbox 295 1633 379 1707; x_wconf 91' lang='lat' dir='ltr'><strong>citra</strong></span> <span class='ocrx_word' id='word_1_95' title='bbox 403 1658 506 1732; x_wconf 91' lang='lat' dir='ltr'><strong>quam</strong></span> <span class='ocrx_word' id='word_1_96' title='bbox 532 1631 705 1718; x_wconf 86' lang='lat' dir='ltr'><strong>homines,</strong></span> <span class='ocrx_word' id='word_1_97' title='bbox 733 1646 772 1706; x_wconf 91' lang='lat' dir='ltr'><strong>ut</strong></span> <span class='ocrx_word' id='word_1_98' title='bbox 796 1631 831 1703; x_wconf 91' lang='lat' dir='ltr'><strong>in</strong></span> <span class='ocrx_word' id='word_1_99' title='bbox 857 1647 982 1720; x_wconf 86' lang='lat' dir='ltr'><strong>totum,</strong></span> <span class='ocrx_word' id='word_1_100' title='bbox 1009 1632 1085 1706; x_wconf 84' lang='lat' dir='ltr'><strong>sire</strong></span> <span class='ocrx_word' id='word_1_101' title='bbox 1109 1658 1172 1732; x_wconf 91' lang='lat' dir='ltr'><strong>per</strong></span> <span class='ocrx_word' id='word_1_102' title='bbox 1198 1657 1249 1705; x_wconf 88' lang='lat' dir='ltr'><strong>nu·</strong></span> 
     </span>
     <span class='ocr_line' id='line_1_13' title="bbox 140 1744 1249 1849; baseline -0.003 -26"><span class='ocrx_word' id='word_1_103' title='bbox 140 1749 253 1849; x_wconf 87' lang='lat' dir='ltr'><strong>ptias,</strong></span> <span class='ocrx_word' id='word_1_104' title='bbox 281 1748 355 1824; x_wconf 85' lang='lat' dir='ltr'><strong>sire</strong></span> <span class='ocrx_word' id='word_1_105' title='bbox 378 1747 501 1846; x_wconf 79' lang='lat' dir='ltr'><strong>vulgo,</strong></span> <span class='ocrx_word' id='word_1_106' title='bbox 520 1746 659 1822; x_wconf 89' lang='lat' dir='ltr'><strong>alterius</strong></span> <span class='ocrx_word' id='word_1_107' title='bbox 676 1745 740 1820; x_wconf 85' lang='lat' dir='ltr'><strong>viri</strong></span> <span class='ocrx_word' id='word_1_108' title='bbox 766 1746 929 1823; x_wconf 86' lang='lat' dir='ltr'><strong>admissio</strong></span> <span class='ocrx_word' id='word_1_109' title='bbox 954 1744 1162 1821; x_wconf 81' lang='lat' dir='ltr'><strong>adulterium</strong></span> <span class='ocrx_word' id='word_1_110' title='bbox 1185 1771 1249 1848; x_wconf 79' lang='lat' dir='ltr'><strong>pro</strong></span> 
     </span>
     <span class='ocr_line' id='line_1_14' title="bbox 140 1858 1245 1963; baseline -0.001 -25"><span class='ocrx_word' id='word_1_111' title='bbox 140 1865 323 1940; x_wconf 87' lang='lat' dir='ltr'><strong>nuntietur.</strong></span> <span class='ocrx_word' id='word_1_112' title='bbox 353 1864 533 1939; x_wconf 84' lang='lat' dir='ltr'><strong>Videamus</strong></span> <span class='ocrx_word' id='word_1_113' title='bbox 564 1862 655 1938; x_wconf 90' lang='lat' dir='ltr'><strong>enim</strong></span> <span class='ocrx_word' id='word_1_114' title='bbox 687 1860 771 1963; x_wconf 88' lang='lat' dir='ltr'><strong>qnid</strong></span> <span class='ocrx_word' id='word_1_115' title='bbox 801 1862 847 1937; x_wconf 90' lang='lat' dir='ltr'><strong>sit</strong></span> <span class='ocrx_word' id='word_1_116' title='bbox 877 1862 1133 1937; x_wconf 88' lang='lat' dir='ltr'><strong>matrimonium</strong></span> <span class='ocrx_word' id='word_1_117' title='bbox 1165 1858 1245 1962; x_wconf 85' lang='lat' dir='ltr'><strong>apul</strong></span> 
     </span>
     <span class='ocr_line' id='line_1_15' title="bbox 139 1977 1243 2079; baseline -0.006 -24"><span class='ocrx_word' id='word_1_118' title='bbox 139 1980 268 2068; x_wconf 85' lang='lat' dir='ltr'><strong>Deum,</strong></span> <span class='ocrx_word' id='word_1_119' title='bbox 296 1997 330 2054; x_wconf 89' lang='lat' dir='ltr'><strong>et</strong></span> <span class='ocrx_word' id='word_1_120' title='bbox 355 1980 402 2054; x_wconf 89' lang='lat' dir='ltr'><strong>ita</strong></span> <span class='ocrx_word' id='word_1_121' title='bbox 435 2003 674 2078; x_wconf 83' lang='lat' dir='ltr'><strong>cognoscemus</strong></span> <span class='ocrx_word' id='word_1_122' title='bbox 707 1977 790 2079; x_wconf 88' lang='lat' dir='ltr'><strong>qnid</strong></span> <span class='ocrx_word' id='word_1_123' title='bbox 820 1977 866 2053; x_wconf 89' lang='lat' dir='ltr'><strong>sit</strong></span> <span class='ocrx_word' id='word_1_124' title='bbox 898 2003 1006 2079; x_wconf 87' lang='lat' dir='ltr'><strong>aeque</strong></span> <span class='ocrx_word' id='word_1_125' title='bbox 1038 1977 1243 2054; x_wconf 84' lang='lat' dir='ltr'><strong>adulterium.</strong></span> 
     </span>
     <span class='ocr_line' id='line_1_16' title="bbox 140 2094 1245 2193; baseline -0.001 -23"><span class='ocrx_word' id='word_1_126' title='bbox 140 2096 391 2170; x_wconf 76' lang='lat' dir='ltr'><strong>Matrimonium</strong></span> <span class='ocrx_word' id='word_1_127' title='bbox 416 2112 486 2184; x_wconf 91' lang='lat' dir='ltr'><strong>est,</strong></span> <span class='ocrx_word' id='word_1_128' title='bbox 514 2122 591 2170; x_wconf 88' lang='lat' dir='ltr'><strong>cum</strong></span> <span class='ocrx_word' id='word_1_129' title='bbox 616 2097 707 2170; x_wconf 91' lang='lat' dir='ltr'><strong>Dens</strong></span> <span class='ocrx_word' id='word_1_130' title='bbox 731 2094 841 2193; x_wconf 82' lang='lat' dir='ltr'><strong>iungit</strong></span> <span class='ocrx_word' id='word_1_131' title='bbox 867 2094 954 2169; x_wconf 89' lang='lat' dir='ltr'><strong>duos</strong></span> <span class='ocrx_word' id='word_1_132' title='bbox 982 2094 1019 2168; x_wconf 92' lang='lat' dir='ltr'><strong>in</strong></span> <span class='ocrx_word' id='word_1_133' title='bbox 1048 2121 1156 2169; x_wconf 88' lang='lat' dir='ltr'><strong>unam</strong></span> <span class='ocrx_word' id='word_1_134' title='bbox 1186 2119 1245 2169; x_wconf 86' lang='lat' dir='ltr'><strong>car·</strong></span> 
     </span>
     <span class='ocr_line' id='line_1_17' title="bbox 140 2207 1243 2310; baseline 0 -26"><span class='ocrx_word' id='word_1_135' title='bbox 140 2239 236 2299; x_wconf 91' lang='lat' dir='ltr'><strong>nam,</strong></span> <span class='ocrx_word' id='word_1_136' title='bbox 265 2227 323 2284; x_wconf 89' lang='lat' dir='ltr'><strong>aut</strong></span> <span class='ocrx_word' id='word_1_137' title='bbox 348 2212 478 2287; x_wconf 90' lang='lat' dir='ltr'><strong>iunctos</strong></span> <span class='ocrx_word' id='word_1_138' title='bbox 503 2210 757 2310; x_wconf 90' lang='lat' dir='ltr'><strong>deprehendens</strong></span> <span class='ocrx_word' id='word_1_139' title='bbox 782 2210 817 2282; x_wconf 96' lang='lat' dir='ltr'><strong>in</strong></span> <span class='ocrx_word' id='word_1_140' title='bbox 835 2207 954 2284; x_wconf 89' lang='lat' dir='ltr'><strong>eadem</strong></span> <span class='ocrx_word' id='word_1_141' title='bbox 970 2235 1092 2298; x_wconf 88' lang='lat' dir='ltr'><strong>carne,</strong></span> <span class='ocrx_word' id='word_1_142' title='bbox 1117 2209 1243 2286; x_wconf 85' lang='lat' dir='ltr'><strong>coniun-</strong></span> 
     </span>
     <span class='ocr_line' id='line_1_18' title="bbox 139 2324 1243 2428; baseline -0.003 -27"><span class='ocrx_word' id='word_1_143' title='bbox 139 2327 284 2401; x_wconf 88' lang='lat' dir='ltr'><strong>ctionem</strong></span> <span class='ocrx_word' id='word_1_144' title='bbox 307 2327 465 2425; x_wconf 83' lang='lat' dir='ltr'><strong>signavit:</strong></span> <span class='ocrx_word' id='word_1_145' title='bbox 484 2324 695 2401; x_wconf 74' lang='lat' dir='ltr'><strong>Adulterium</strong></span> <span class='ocrx_word' id='word_1_146' title='bbox 719 2343 790 2416; x_wconf 84' lang='lat' dir='ltr'><strong>est,</strong></span> <span class='ocrx_word' id='word_1_147' title='bbox 811 2352 887 2400; x_wconf 91' lang='lat' dir='ltr'><strong>eum</strong></span> <span class='ocrx_word' id='word_1_148' title='bbox 905 2326 1164 2428; x_wconf 89' lang='lat' dir='ltr'><strong>quoquomodo</strong></span> <span class='ocrx_word' id='word_1_149' title='bbox 1186 2325 1243 2398; x_wconf 87' lang='lat' dir='ltr'><strong>dis·</strong></span> 
     </span>
     <span class='ocr_line' id='line_1_19' title="bbox 141 2442 1240 2543; baseline -0.003 -28"><span class='ocrx_word' id='word_1_150' title='bbox 141 2443 263 2518; x_wconf 90' lang='lat' dir='ltr'><strong>iunctis</strong></span> <span class='ocrx_word' id='word_1_151' title='bbox 288 2443 440 2531; x_wconf 87' lang='lat' dir='ltr'><strong>duobus,</strong></span> <span class='ocrx_word' id='word_1_152' title='bbox 461 2443 528 2517; x_wconf 89' lang='lat' dir='ltr'><strong>alia</strong></span> <span class='ocrx_word' id='word_1_153' title='bbox 553 2468 652 2531; x_wconf 88' lang='lat' dir='ltr'><strong>caro,</strong></span> <span class='ocrx_word' id='word_1_154' title='bbox 674 2443 777 2515; x_wconf 93' lang='lat' dir='ltr'><strong>immo</strong></span> <span class='ocrx_word' id='word_1_155' title='bbox 794 2442 904 2517; x_wconf 87' lang='lat' dir='ltr'><strong>aliena</strong></span> <span class='ocrx_word' id='word_1_156' title='bbox 921 2443 1104 2531; x_wconf 87' lang='lat' dir='ltr'><strong>miscetur,</strong></span> <span class='ocrx_word' id='word_1_157' title='bbox 1125 2443 1169 2516; x_wconf 90' lang='lat' dir='ltr'><strong>de</strong></span> <span class='ocrx_word' id='word_1_158' title='bbox 1187 2464 1240 2543; x_wconf 84' lang='lat' dir='ltr'><strong>qna</strong></span> 
     </span>
     <span class='ocr_line' id='line_1_20' title="bbox 140 2557 1241 2659; baseline -0.003 -28"><span class='ocrx_word' id='word_1_159' title='bbox 140 2557 208 2633; x_wconf 91' lang='lat' dir='ltr'><strong>dici</strong></span> <span class='ocrx_word' id='word_1_160' title='bbox 235 2586 301 2633; x_wconf 91' lang='lat' dir='ltr'><strong>non</strong></span> <span class='ocrx_word' id='word_1_161' title='bbox 327 2560 451 2659; x_wconf 92' lang='lat' dir='ltr'><strong>possit,</strong></span> <span class='ocrx_word' id='word_1_162' title='bbox 481 2559 565 2633; x_wconf 89' lang='lat' dir='ltr'><strong>haec</strong></span> <span class='ocrx_word' id='word_1_163' title='bbox 590 2575 640 2633; x_wconf 91' lang='lat' dir='ltr'><strong>est</strong></span> <span class='ocrx_word' id='word_1_164' title='bbox 665 2585 743 2632; x_wconf 90' lang='lat' dir='ltr'><strong>caro</strong></span> <span class='ocrx_word' id='word_1_165' title='bbox 767 2586 808 2632; x_wconf 84' lang='lat' dir='ltr'><strong>ex</strong></span> <span class='ocrx_word' id='word_1_166' title='bbox 833 2585 932 2634; x_wconf 88' lang='lat' dir='ltr'><strong>carne</strong></span> <span class='ocrx_word' id='word_1_167' title='bbox 958 2585 1053 2646; x_wconf 90' lang='lat' dir='ltr'><strong>mea,</strong></span> <span class='ocrx_word' id='word_1_168' title='bbox 1083 2576 1117 2633; x_wconf 91' lang='lat' dir='ltr'><strong>et</strong></span> <span class='ocrx_word' id='word_1_169' title='bbox 1137 2558 1241 2632; x_wconf 80' lang='lat' dir='ltr'><strong>hocne</strong></span> 
     </span>
     <span class='ocr_line' id='line_1_21' title="bbox 140 2674 1241 2773; baseline -0.006 -24"><span class='ocrx_word' id='word_1_170' title='bbox 140 2702 182 2749; x_wconf 84' lang='lat' dir='ltr'><strong>ex</strong></span> <span class='ocrx_word' id='word_1_171' title='bbox 199 2675 332 2750; x_wconf 87' lang='lat' dir='ltr'><strong>ossibus</strong></span> <span class='ocrx_word' id='word_1_172' title='bbox 348 2676 443 2750; x_wconf 88' lang='lat' dir='ltr'><strong>meis.</strong></span> <span class='ocrx_word' id='word_1_173' title='bbox 461 2675 568 2749; x_wconf 90' lang='lat' dir='ltr'><strong>Semel</strong></span> <span class='ocrx_word' id='word_1_174' title='bbox 588 2675 677 2748; x_wconf 90' lang='lat' dir='ltr'><strong>enim</strong></span> <span class='ocrx_word' id='word_1_175' title='bbox 695 2674 759 2748; x_wconf 89' lang='lat' dir='ltr'><strong>hoc</strong></span> <span class='ocrx_word' id='word_1_176' title='bbox 771 2690 804 2747; x_wconf 89' lang='lat' dir='ltr'><strong>et</strong></span> <span class='ocrx_word' id='word_1_177' title='bbox 823 2675 945 2747; x_wconf 90' lang='lat' dir='ltr'><strong>lactum</strong></span> <span class='ocrx_word' id='word_1_178' title='bbox 957 2689 991 2747; x_wconf 88' lang='lat' dir='ltr'><strong>et</strong></span> <span class='ocrx_word' id='word_1_179' title='bbox 1004 2674 1241 2773; x_wconf 84' lang='lat' dir='ltr'><strong>pronuntiatum</strong></span> 
     </span>
     <span class='ocr_line' id='line_1_22' title="bbox 141 2790 1241 2890; baseline -0.008 -25"><span class='ocrx_word' id='word_1_180' title='bbox 141 2791 229 2865; x_wconf 84' lang='lat' dir='ltr'><strong>sicut</strong></span> <span class='ocrx_word' id='word_1_181' title='bbox 253 2791 296 2864; x_wconf 93' lang='lat' dir='ltr'><strong>ab</strong></span> <span class='ocrx_word' id='word_1_182' title='bbox 322 2791 439 2878; x_wconf 91' lang='lat' dir='ltr'><strong>initio,</strong></span> <span class='ocrx_word' id='word_1_183' title='bbox 469 2792 573 2864; x_wconf 90' lang='lat' dir='ltr'><strong>itaet</strong></span> <span class='ocrx_word' id='word_1_184' title='bbox 598 2816 687 2863; x_wconf 92' lang='lat' dir='ltr'><strong>nunc</strong></span> <span class='ocrx_word' id='word_1_185' title='bbox 712 2790 747 2861; x_wconf 93' lang='lat' dir='ltr'><strong>in</strong></span> <span class='ocrx_word' id='word_1_186' title='bbox 774 2790 875 2863; x_wconf 89' lang='lat' dir='ltr'><strong>aliam</strong></span> <span class='ocrx_word' id='word_1_187' title='bbox 902 2815 1037 2862; x_wconf 90' lang='lat' dir='ltr'><strong>carnem</strong></span> <span class='ocrx_word' id='word_1_188' title='bbox 1064 2815 1133 2863; x_wconf 93' lang='lat' dir='ltr'><strong>non</strong></span> <span class='ocrx_word' id='word_1_189' title='bbox 1154 2800 1241 2890; x_wconf 86' lang='lat' dir='ltr'><strong>potest</strong></span> 
     </span>
     <span class='ocr_line' id='line_1_23' title="bbox 140 2899 1241 3007; baseline -0.007 -27"><span class='ocrx_word' id='word_1_190' title='bbox 140 2907 333 2980; x_wconf 81' lang='lat' dir='ltr'><strong>convenire.</strong></span> <span class='ocrx_word' id='word_1_191' title='bbox 355 2909 472 3007; x_wconf 86' lang='lat' dir='ltr'><strong>ltaque</strong></span> <span class='ocrx_word' id='word_1_192' title='bbox 488 2907 561 2981; x_wconf 89' lang='lat' dir='ltr'><strong>sine</strong></span> <span class='ocrx_word' id='word_1_193' title='bbox 578 2931 680 2980; x_wconf 85' lang='lat' dir='ltr'><strong>causa</strong></span> <span class='ocrx_word' id='word_1_194' title='bbox 697 2905 808 2992; x_wconf 87' lang='lat' dir='ltr'><strong>dices,</strong></span> <span class='ocrx_word' id='word_1_195' title='bbox 828 2905 936 2977; x_wconf 87' lang='lat' dir='ltr'><strong>Deum</strong></span> <span class='ocrx_word' id='word_1_196' title='bbox 948 2907 1023 2977; x_wconf 85' lang='lat' dir='ltr'><strong>civo</strong></span> <span class='ocrx_word' id='word_1_197' title='bbox 1035 2907 1157 2977; x_wconf 85' lang='lat' dir='ltr'><strong>morito</strong></span> <span class='ocrx_word' id='word_1_198' title='bbox 1174 2899 1241 2975; x_wconf 80' lang='lat' dir='ltr'><strong>nolle</strong></span> 
     </span>
     <span class='ocr_line' id='line_1_24' title="bbox 139 3014 1239 3121; baseline -0.006 -29"><span class='ocrx_word' id='word_1_199' title='bbox 139 3022 347 3121; x_wconf 77' lang='lat' dir='ltr'><strong>repudiatam</strong></span> <span class='ocrx_word' id='word_1_200' title='bbox 371 3022 436 3096; x_wconf 85' lang='lat' dir='ltr'><strong>olii</strong></span> <span class='ocrx_word' id='word_1_201' title='bbox 462 3023 534 3094; x_wconf 82' lang='lat' dir='ltr'><strong>viro</strong></span> <span class='ocrx_word' id='word_1_202' title='bbox 565 3022 677 3119; x_wconf 73' lang='lat' dir='ltr'><strong>inopi,</strong></span> <span class='ocrx_word' id='word_1_203' title='bbox 707 3019 804 3119; x_wconf 88' lang='lat' dir='ltr'><strong>quasi</strong></span> <span class='ocrx_word' id='word_1_204' title='bbox 836 3034 967 3092; x_wconf 93' lang='lat' dir='ltr'><strong>mortuo</strong></span> <span class='ocrx_word' id='word_1_205' title='bbox 997 3018 1101 3107; x_wconf 82' lang='lat' dir='ltr'><strong>velit3</strong></span> <span class='ocrx_word' id='word_1_206' title='bbox 1121 3014 1239 3120; x_wconf 85' lang='lat' dir='ltr'><strong>quando</strong></span> 
     </span>
     <span class='ocr_line' id='line_1_25' title="bbox 139 3130 1240 3234; baseline -0.01 -23"><span class='ocrx_word' id='word_1_207' title='bbox 139 3136 169 3211; x_wconf 88' lang='lat' dir='ltr'><strong>si</strong></span> <span class='ocrx_word' id='word_1_208' title='bbox 194 3154 325 3212; x_wconf 89' lang='lat' dir='ltr'><strong>mortuo</strong></span> <span class='ocrx_word' id='word_1_209' title='bbox 356 3164 422 3226; x_wconf 87' lang='lat' dir='ltr'><strong>non</strong></span> <span class='ocrx_word' id='word_1_210' title='bbox 457 3153 606 3224; x_wconf 89' lang='lat' dir='ltr'><strong>tenetur,</strong></span> <span class='ocrx_word' id='word_1_211' title='bbox 640 3135 781 3234; x_wconf 88' lang='lat' dir='ltr'><strong>proinde</strong></span> <span class='ocrx_word' id='word_1_212' title='bbox 806 3161 867 3210; x_wconf 91' lang='lat' dir='ltr'><strong>nec</strong></span> <span class='ocrx_word' id='word_1_213' title='bbox 898 3135 997 3221; x_wconf 80' lang='lat' dir='ltr'><strong>viv03</strong></span> <span class='ocrx_word' id='word_1_214' title='bbox 1020 3152 1090 3207; x_wconf 89' lang='lat' dir='ltr'><strong>tam</strong></span> <span class='ocrx_word' id='word_1_215' title='bbox 1120 3130 1240 3234; x_wconf 88' lang='lat' dir='ltr'><strong>repudio</strong></span> 
     </span>
     <span class='ocr_line' id='line_1_26' title="bbox 140 3246 1237 3351; baseline 0.002 -26"><span class='ocrx_word' id='word_1_216' title='bbox 140 3253 390 3326; x_wconf 87' lang='lat' dir='ltr'><strong>matrimonium</strong></span> <span class='ocrx_word' id='word_1_217' title='bbox 417 3253 596 3326; x_wconf 91' lang='lat' dir='ltr'><strong>dirimente</strong></span> <span class='ocrx_word' id='word_1_218' title='bbox 620 3278 723 3351; x_wconf 89' lang='lat' dir='ltr'><strong>quam</strong></span> <span class='ocrx_word' id='word_1_219' title='bbox 751 3268 878 3338; x_wconf 92' lang='lat' dir='ltr'><strong>morte,</strong></span> <span class='ocrx_word' id='word_1_220' title='bbox 914 3276 980 3324; x_wconf 91' lang='lat' dir='ltr'><strong>non</strong></span> <span class='ocrx_word' id='word_1_221' title='bbox 1010 3251 1178 3324; x_wconf 88' lang='lat' dir='ltr'><strong>tenebitur</strong></span> <span class='ocrx_word' id='word_1_222' title='bbox 1203 3246 1237 3328; x_wconf 71' lang='lat' dir='ltr'><strong>el·</strong></span> 
     </span>
     <span class='ocr_line' id='line_1_27' title="bbox 140 3364 1241 3466; baseline -0.005 -28"><span class='ocrx_word' id='word_1_223' title='bbox 140 3366 195 3438; x_wconf 90' lang='lat' dir='ltr'><strong>cui</strong></span> <span class='ocrx_word' id='word_1_224' title='bbox 222 3393 281 3465; x_wconf 91' lang='lat' dir='ltr'><strong>per</strong></span> <span class='ocrx_word' id='word_1_225' title='bbox 304 3366 395 3466; x_wconf 91' lang='lat' dir='ltr'><strong>quod</strong></span> <span class='ocrx_word' id='word_1_226' title='bbox 419 3367 613 3454; x_wconf 89' lang='lat' dir='ltr'><strong>tenebatur,</strong></span> <span class='ocrx_word' id='word_1_227' title='bbox 642 3366 821 3464; x_wconf 90' lang='lat' dir='ltr'><strong>abruptum</strong></span> <span class='ocrx_word' id='word_1_228' title='bbox 840 3381 909 3452; x_wconf 90' lang='lat' dir='ltr'><strong>est,</strong></span> <span class='ocrx_word' id='word_1_229' title='bbox 930 3364 1013 3438; x_wconf 90' lang='lat' dir='ltr'><strong>adeo</strong></span> <span class='ocrx_word' id='word_1_230' title='bbox 1031 3390 1101 3439; x_wconf 91' lang='lat' dir='ltr'><strong>non</strong></span> <span class='ocrx_word' id='word_1_231' title='bbox 1125 3364 1241 3436; x_wconf 75' lang='lat' dir='ltr'><strong>interae</strong></span> 
     </span>
     <span class='ocr_line' id='line_1_28' title="bbox 139 3478 1241 3580; baseline -0.006 -26"><span class='ocrx_word' id='word_1_232' title='bbox 139 3481 217 3557; x_wconf 81' lang='lat' dir='ltr'><strong>rivo</strong></span> <span class='ocrx_word' id='word_1_233' title='bbox 242 3504 285 3555; x_wconf 90' lang='lat' dir='ltr'><strong>an</strong></span> <span class='ocrx_word' id='word_1_234' title='bbox 307 3499 438 3556; x_wconf 92' lang='lat' dir='ltr'><strong>mortuo</strong></span> <span class='ocrx_word' id='word_1_235' title='bbox 458 3483 531 3556; x_wconf 86' lang='lat' dir='ltr'><strong>viro</strong></span> <span class='ocrx_word' id='word_1_236' title='bbox 557 3482 673 3555; x_wconf 88' lang='lat' dir='ltr'><strong>nubat.</strong></span> <span class='ocrx_word' id='word_1_237' title='bbox 702 3483 817 3580; x_wconf 89' lang='lat' dir='ltr'><strong>Neque</strong></span> <span class='ocrx_word' id='word_1_238' title='bbox 840 3481 931 3554; x_wconf 92' lang='lat' dir='ltr'><strong>enim</strong></span> <span class='ocrx_word' id='word_1_239' title='bbox 957 3481 993 3552; x_wconf 90' lang='lat' dir='ltr'><strong>in</strong></span> <span class='ocrx_word' id='word_1_240' title='bbox 1024 3479 1123 3553; x_wconf 90' lang='lat' dir='ltr'><strong>illum</strong></span> <span class='ocrx_word' id='word_1_241' title='bbox 1152 3478 1241 3553; x_wconf 84' lang='lat' dir='ltr'><strong>delin-</strong></span> 
     </span>
     <span class='ocr_line' id='line_1_29' title="bbox 141 3587 1242 3698; baseline 0 -30"><span class='ocrx_word' id='word_1_242' title='bbox 141 3597 237 3698; x_wconf 86' lang='lat' dir='ltr'><strong>quit,</strong></span> <span class='ocrx_word' id='word_1_243' title='bbox 266 3597 324 3671; x_wconf 90' lang='lat' dir='ltr'><strong>sed</strong></span> <span class='ocrx_word' id='word_1_244' title='bbox 351 3598 385 3670; x_wconf 88' lang='lat' dir='ltr'><strong>in</strong></span> <span class='ocrx_word' id='word_1_245' title='bbox 411 3597 638 3696; x_wconf 88' lang='lat' dir='ltr'><strong>semetipsam.</strong></span> <span class='ocrx_word' id='word_1_246' title='bbox 660 3597 768 3670; x_wconf 89' lang='lat' dir='ltr'><strong>Omne</strong></span> <span class='ocrx_word' id='word_1_247' title='bbox 794 3595 953 3670; x_wconf 90' lang='lat' dir='ltr'><strong>delictum</strong></span> <span class='ocrx_word' id='word_1_248' title='bbox 971 3596 1064 3694; x_wconf 93' lang='lat' dir='ltr'><strong>quod</strong></span> <span class='ocrx_word' id='word_1_249' title='bbox 1089 3587 1242 3669; x_wconf 78' lang='lat' dir='ltr'><strong>admiserit</strong></span> 
     </span>
     <span class='ocr_line' id='line_1_30' title="bbox 139 3709 1240 3816; baseline 0 -32"><span class='ocrx_word' id='word_1_250' title='bbox 139 3711 253 3799; x_wconf 92' lang='lat' dir='ltr'><strong>homo,</strong></span> <span class='ocrx_word' id='word_1_251' title='bbox 269 3728 363 3786; x_wconf 82' lang='lat' dir='ltr'><strong>extra</strong></span> <span class='ocrx_word' id='word_1_252' title='bbox 383 3738 506 3811; x_wconf 89' lang='lat' dir='ltr'><strong>corpus</strong></span> <span class='ocrx_word' id='word_1_253' title='bbox 523 3728 592 3786; x_wconf 90' lang='lat' dir='ltr'><strong>est:</strong></span> <span class='ocrx_word' id='word_1_254' title='bbox 614 3713 673 3810; x_wconf 91' lang='lat' dir='ltr'><strong>qui</strong></span> <span class='ocrx_word' id='word_1_255' title='bbox 700 3727 810 3784; x_wconf 88' lang='lat' dir='ltr'><strong>autem</strong></span> <span class='ocrx_word' id='word_1_256' title='bbox 836 3709 1062 3799; x_wconf 88' lang='lat' dir='ltr'><strong>adulteratur,</strong></span> <span class='ocrx_word' id='word_1_257' title='bbox 1080 3710 1121 3816; x_wconf 52' lang='lat' dir='ltr'><strong>⁴in</strong></span> <span class='ocrx_word' id='word_1_258' title='bbox 1140 3725 1240 3809; x_wconf 70' lang='lat' dir='ltr'><strong>carpel</strong></span> 
     </span>
     <span class='ocr_line' id='line_1_31' title="bbox 139 3817 1241 3926; baseline -0.005 -24"><span class='ocrx_word' id='word_1_259' title='bbox 139 3851 237 3902; x_wconf 83' lang='lat' dir='ltr'><strong>suum</strong></span> <span class='ocrx_word' id='word_1_260' title='bbox 256 3826 435 3926; x_wconf 90' lang='lat' dir='ltr'><strong>delinquit.</strong></span> <span class='ocrx_word' id='word_1_261' title='bbox 452 3826 667 3899; x_wconf 79' lang='lat' dir='ltr'><strong>Adulteratur</strong></span> <span class='ocrx_word' id='word_1_262' title='bbox 682 3842 811 3912; x_wconf 89' lang='lat' dir='ltr'><strong>autem,</strong></span> <span class='ocrx_word' id='word_1_263' title='bbox 832 3825 919 3899; x_wconf 89' lang='lat' dir='ltr'><strong>sicut</strong></span> <span class='ocrx_word' id='word_1_264' title='bbox 939 3850 1042 3925; x_wconf 91' lang='lat' dir='ltr'><strong>supra</strong></span> <span class='ocrx_word' id='word_1_265' title='bbox 1058 3817 1241 3926; x_wconf 82' lang='lat' dir='ltr'><strong>praestruxi·</strong></span> 
     </span>
     <span class='ocr_line' id='line_1_32' title="bbox 141 3932 1241 4042; baseline -0.006 -28"><span class='ocrx_word' id='word_1_266' title='bbox 141 3967 247 4028; x_wconf 87' lang='lat' dir='ltr'><strong>mus,</strong></span> <span class='ocrx_word' id='word_1_267' title='bbox 282 3943 340 4042; x_wconf 92' lang='lat' dir='ltr'><strong>qui</strong></span> <span class='ocrx_word' id='word_1_268' title='bbox 368 3942 469 4015; x_wconf 91' lang='lat' dir='ltr'><strong>aliam</strong></span> <span class='ocrx_word' id='word_1_269' title='bbox 495 3968 628 4015; x_wconf 88' lang='lat' dir='ltr'><strong>carnem</strong></span> <span class='ocrx_word' id='word_1_270' title='bbox 659 3942 725 4015; x_wconf 92' lang='lat' dir='ltr'><strong>sibi</strong></span> <span class='ocrx_word' id='word_1_271' title='bbox 749 3943 914 4016; x_wconf 89' lang='lat' dir='ltr'><strong>immiscet</strong></span> <span class='ocrx_word' id='word_1_272' title='bbox 942 3965 1046 4039; x_wconf 86' lang='lat' dir='ltr'><strong>supra</strong></span> <span class='ocrx_word' id='word_1_273' title='bbox 1071 3941 1164 4013; x_wconf 89' lang='lat' dir='ltr'><strong>illam</strong></span> <span class='ocrx_word' id='word_1_274' title='bbox 1189 3932 1241 4038; x_wconf 91' lang='lat' dir='ltr'><strong>pri·</strong></span> 
     </span>
     <span class='ocr_line' id='line_1_33' title="bbox 140 4053 1240 4156; baseline -0.007 -25"><span class='ocrx_word' id='word_1_275' title='bbox 140 4057 286 4152; x_wconf 82' lang='lat' dir='ltr'><strong>atinam,</strong></span> <span class='ocrx_word' id='word_1_276' title='bbox 316 4083 418 4156; x_wconf 88' lang='lat' dir='ltr'><strong>quam</strong></span> <span class='ocrx_word' id='word_1_277' title='bbox 444 4059 535 4131; x_wconf 86' lang='lat' dir='ltr'><strong>Deus</strong></span> <span class='ocrx_word' id='word_1_278' title='bbox 560 4073 618 4129; x_wconf 92' lang='lat' dir='ltr'><strong>aut</strong></span> <span class='ocrx_word' id='word_1_279' title='bbox 642 4056 817 4129; x_wconf 81' lang='lat' dir='ltr'><strong>coniunxit</strong></span> <span class='ocrx_word' id='word_1_280' title='bbox 842 4055 877 4128; x_wconf 91' lang='lat' dir='ltr'><strong>in</strong></span> <span class='ocrx_word' id='word_1_281' title='bbox 902 4055 1003 4142; x_wconf 84' lang='lat' dir='ltr'><strong>duna,</strong></span> <span class='ocrx_word' id='word_1_282' title='bbox 1034 4070 1095 4129; x_wconf 89' lang='lat' dir='ltr'><strong>aut</strong></span> <span class='ocrx_word' id='word_1_283' title='bbox 1120 4053 1240 4128; x_wconf 85' lang='lat' dir='ltr'><strong>coniun-</strong></span> 
     </span>
     <span class='ocr_line' id='line_1_34' title="bbox 141 4159 1239 4274; baseline -0.009 -27"><span class='ocrx_word' id='word_1_284' title='bbox 141 4188 230 4247; x_wconf 86' lang='lat' dir='ltr'><strong>ctam</strong></span> <span class='ocrx_word' id='word_1_285' title='bbox 257 4172 491 4274; x_wconf 89' lang='lat' dir='ltr'><strong>deprehendit.</strong></span> <span class='ocrx_word' id='word_1_286' title='bbox 515 4173 661 4273; x_wconf 92' lang='lat' dir='ltr'><strong>ldecque</strong></span> <span class='ocrx_word' id='word_1_287' title='bbox 690 4172 828 4246; x_wconf 89' lang='lat' dir='ltr'><strong>abstulit</strong></span> <span class='ocrx_word' id='word_1_288' title='bbox 859 4170 1054 4271; x_wconf 89' lang='lat' dir='ltr'><strong>repudium,</strong></span> <span class='ocrx_word' id='word_1_289' title='bbox 1090 4168 1180 4270; x_wconf 90' lang='lat' dir='ltr'><strong>quod</strong></span> <span class='ocrx_word' id='word_1_290' title='bbox 1209 4159 1239 4236; x_wconf 82' lang='lat' dir='ltr'><strong>ab</strong></span> 
     </span>
     <span class='ocr_line' id='line_1_35' title="bbox 141 4283 1236 4386; baseline -0.005 -27"><span class='ocrx_word' id='word_1_291' title='bbox 141 4288 238 4362; x_wconf 91' lang='lat' dir='ltr'><strong>initio</strong></span> <span class='ocrx_word' id='word_1_292' title='bbox 264 4287 439 4374; x_wconf 77' lang='lat' dir='ltr'><strong>nonfuit,</strong></span> <span class='ocrx_word' id='word_1_293' title='bbox 464 4303 519 4376; x_wconf 91' lang='lat' dir='ltr'><strong>ut,</strong></span> <span class='ocrx_word' id='word_1_294' title='bbox 548 4287 639 4386; x_wconf 89' lang='lat' dir='ltr'><strong>quod</strong></span> <span class='ocrx_word' id='word_1_295' title='bbox 665 4286 709 4361; x_wconf 87' lang='lat' dir='ltr'><strong>ab</strong></span> <span class='ocrx_word' id='word_1_296' title='bbox 734 4285 831 4361; x_wconf 92' lang='lat' dir='ltr'><strong>initio</strong></span> <span class='ocrx_word' id='word_1_297' title='bbox 857 4285 940 4375; x_wconf 80' lang='lat' dir='ltr'><strong>suit,</strong></span> <span class='ocrx_word' id='word_1_298' title='bbox 969 4284 1102 4359; x_wconf 86' lang='lat' dir='ltr'><strong>muniat</strong></span> <span class='ocrx_word' id='word_1_299' title='bbox 1116 4283 1236 4357; x_wconf 79' lang='lat' dir='ltr'><strong>duone</strong></span> 
     </span>
    </p>
   </div>
   <div class='ocr_carea' id='block_1_3' title="bbox 0 0 1402 5064">
    <p class='ocr_par' dir='ltr' id='par_1_3' title="bbox 0 0 1402 5064">
     <span class='ocr_line' id='line_1_36' title="bbox 0 0 1402 5064; baseline 0 0"><span class='ocrx_word' id='word_1_300' title='bbox 0 0 1402 5064; x_wconf 95' lang='lat' dir='ltr'><strong> </strong></span> 
     </span>
    </p>
   </div>
  </div>
 </body>
</html>
