2796 5064
140 336 209 409 itt
293 359 355 409 nm.
377 359 424 408 111.
446 357 533 409 srcr.
555 358 685 409 mrem.
708 358 748 407 nn
761 356 872 409 morse.
891 358 986 410 narn.
1008 358 1133 411 eumer.

139 505 237 565 nam,
258 477 352 551 iuxta
374 503 475 576 quam
501 476 621 551 mulier
646 475 798 550 adultera
815 494 890 565 est,
909 502 999 576 quae
1014 479 1151 552 vivente
1170 480 1244 565 viro,

139 592 193 666 cui
208 590 346 688 alligata
357 606 409 663 est
420 617 529 690 usque
545 590 588 662 ad
606 590 681 664 eius
698 590 848 678 obitum,
869 591 969 665 fuerit
984 616 1065 664 cum
1081 590 1150 666 alio
1166 593 1246 677 viro,

140 706 234 781 nulla
256 706 451 805 exceptione
476 705 563 779 saeta
585 708 674 801 (tt).

214 821 323 922 Atque
345 838 383 894 ut
409 823 475 894 iarn
503 821 697 909 absolvam,
718 846 807 920 quae
823 820 867 894 ad
885 819 1067 918 Origenem
1085 838 1247 921 spectant,

141 937 219 1011 dico
245 937 358 1037 ipsum
384 937 521 1037 quidem
545 937 716 1010 affirmare
735 935 779 1010 ob
805 934 911 1008 solam
937 935 1196 1010 fornicationem
1216 936 1250 1008 li-

141 1079 218 1128 cere
241 1079 403 1141 uxorem,
430 1070 464 1126 et
487 1052 625 1152 quidem
648 1053 684 1124 in
709 1065 929 1151 perpetuum,
949 1050 1145 1139 dimittero3
1166 1077 1251 1123 num·

142 1193 246 1268 quam
261 1193 341 1242 nero
358 1193 511 1241 asserere
527 1168 622 1241 uxori
641 1166 805 1240 dimissae
822 1164 865 1239 ob
884 1165 1144 1239 fornicationem
1162 1165 1250 1237 licere

143 1282 237 1356 alteri
257 1281 404 1369 nubere,
426 1283 528 1355 immo
545 1282 748 1356 contrarium
766 1294 960 1355 constanter
974 1278 1155 1354 adstruere
1172 1281 1250 1353 iuxta

141 1396 342 1473 catholicam
366 1397 573 1482 doctrinam,
602 1397 700 1472 cuius
725 1422 764 1471 se
787 1388 989 1471 assertorem
1005 1411 1039 1469 et
1057 1411 1181 1471 testem
1203 1421 1250 1467 cr·

142 1512 255 1589 hibuit
274 1514 365 1610 (ts).

628 1697 665 1795 5.
694 1696 764 1769 vlt.

592 1901 628 1949 [te
642 1912 664 1947 s.
676 1899 809 1962 cypriano.

217 2067 266 2139 De
283 2092 312 2138 s.
326 2063 486 2165 Cypriani
505 2079 616 2135 mente
629 2088 695 2137 non
708 2062 864 2162 estquod
884 2063 1121 2160 ambigamns3
1140 2064 1249 2138 etenim

148 2195 406 2280 praeterquam
433 2177 524 2279 quod
555 2177 712 2278 nuspiam
742 2177 922 2251 affirmavit
947 2177 1052 2252 licere
1077 2177 1249 2279 aliquando

144 2293 217 2368 viro
235 2293 282 2364 ita
298 2291 468 2364 dimittere
485 2317 623 2364 uxorem
642 2317 760 2378 suam,
780 2307 817 2364 ut
834 2291 944 2391 possit
960 2290 1101 2365 alteram
1121 2293 1247 2375 ducere,

145 2424 260 2507 aperte
277 2432 525 2507 quamcumque
541 2405 816 2480 dissolubilitatis
834 2405 1023 2506 coniugalis
1035 2407 1166 2481 vinculi
1183 2431 1248 2481 can·

144 2549 217 2596 sam
244 2519 401 2595 excludit,

216 2635 259 2708 Et
276 2635 412 2735 quidem
431 2635 466 2706 in
485 2634 572 2708 libro
590 2636 855 2707 Testimoniorum
872 2633 916 2707 od
930 2634 1121 2722 Quirinum,
1143 2637 1177 2707 in
1194 2656 1247 2733 quo

143 2748 318 2849 profitetur
330 2775 367 2822 se
381 2764 559 2848 praecepta
572 2763 606 2820 et
618 2750 802 2821 sententias
812 2750 1060 2847 Scripturarum
1070 2748 1244 2846 collegisse,

145 2891 221 2938 cnm
240 2862 453 2965 pervenitad
472 2863 703 2964 exponendam
722 2864 848 2936 Christi
866 2863 1053 2937 doctrinam
1072 2865 1164 2937 circa
1192 2886 1247 2933 rna·

145 2980 361 3068 trimoninm,
389 3007 464 3053 eam
491 2980 607 3080 paucis
634 2979 689 3052 his
714 2979 827 3053 verbis
852 2979 1048 3079 complexus
1075 2980 1247 3053 essedae

145 3122 214 3168 rem
232 3123 253 3167 a
269 3095 341 3169 viro
361 3122 426 3168 non
445 3094 618 3184 recedere,
645 3113 704 3168 aut
721 3095 750 3168 si
771 3096 966 3183 recesserit,
996 3096 1173 3196 innuptam
1194 3117 1247 3165 ma·

144 3237 240 3296 nere;
263 3210 386 3283 Paulus
412 3209 456 3284 ad
481 3210 691 3284 Corinthios:
714 3211 756 3284 iis
790 3228 923 3296 autern,
957 3213 1016 3310 qui
1052 3223 1244 3310 nupserunt,

144 3325 316 3424 praecipio
342 3352 407 3399 non
434 3352 495 3424 ego
521 3325 580 3398 sed
606 3325 788 3413 Dominus,
818 3352 954 3398 uxorem
981 3352 1002 3398 a
1027 3326 1101 3398 viro
1128 3347 1247 3398 nense

148 3440 283 3539 parari,
313 3441 343 3514 si
370 3456 478 3513 autern
513 3441 706 3528 recesserit,
741 3468 876 3514 manere
907 3442 1105 3540 innuptam,
1141 3456 1197 3513 ant
1213 3459 1247 3508 re·

218 3660 269 3724 (52)
286 3662 401 3724 Apposiie
417 3662 472 3710 Nat.
486 3661 602 3710 Alexand.
613 3659 699 3711 Theoi.
711 3660 796 3723 dopm.
810 3660 852 3709 lib.
865 3663 894 3708 ii.
906 3663 941 3709 De
954 3662 1035 3709 matr.
1046 3673 1118 3723 prop.
1130 3667 1153 3709 2.
1165 3658 1194 3709 ad
1204 3659 1247 3706 inte

146 3753 209 3804 qnae
227 3740 274 3789 sibi
291 3741 382 3790 obiecit
401 3742 513 3800 crimnis
532 3741 624 3803 sertia,
641 3754 704 3804 resp.
719 3745 830 3790 uvarum
842 3740 1246 3803 ortgonmprtmnsittmmismpoe

145 3822 232 3869 eontra
251 3819 401 3882 scripturam
420 3820 558 3882 permisisse
575 3820 625 3882 ait,
643 3818 923 3881 mrumstscmtmmm
936 3817 1082 3880 adulteris,
1094 3818 1150 3867 aliis
1161 3816 1246 3870 nubam

147 3900 185 3949 vel
198 3900 369 3962 permiserunt,
382 3899 407 3948 id
419 3904 455 3949 cst
467 3899 615 3962 impunitum
633 3900 793 3962 reliquerunt,
805 3899 837 3949 ob
847 3899 959 3962 graviora
973 3899 1038 3949 maia
1049 3898 1166 3960 sitands,
1176 3894 1213 3948 sed
1222 3895 1247 3943 h·

146 3994 202 4032 men
212 3994 261 4030 non
273 3981 466 4044 approbaruntn·

217 4063 268 4124 (5³)
283 4064 336 4112 Hac
348 4062 410 4112 torte
423 4061 454 4111 de
468 4073 542 4111 causa
557 4064 593 4110 io.
605 4061 747 4111 Gortrnrdns
759 4062 821 4111 inter
836 4063 952 4124 patronos
964 4060 1129 4110 divortiorum
1138 4059 1246 4122 origenem

147 4156 197 4193 non
217 4144 347 4193 recensuit.
361 4145 462 4205 insuper
474 4156 503 4192 ex
516 4142 589 4192 dictis
604 4143 684 4192 cincei
699 4155 774 4205 quam
789 4141 850 4190 ialso
862 4141 967 4190 affirmet
977 4142 1104 4191 Larinoius
1115 4133 1247 4204 «quoden-

146 4237 218 4286 ganes
230 4224 414 4275 matrimonium
425 4226 523 4288 propter
535 4224 650 4274 adulterii
664 4223 756 4274 crimen
769 4223 851 4272 dirimi
861 4224 930 4285 potet
942 4223 1011 4273 iuxta
1020 4220 1248 4286 scriptorammrn

145 4303 261 4366 Origenes
270 4305 412 4367 oppositum
424 4304 531 4366 praecise
541 4302 621 4352 docet.
