2796 5064
270 395 340 448 cu.
353 396 402 448 ur.
417 396 456 446 ot
474 396 570 448 seusu
589 395 1117 458 rnun.o1n.1umss.rmm.rnr.1.
1186 374 1256 445 tii

205 515 275 602 Qui
297 541 377 590 vero
395 516 601 590 lactantium
623 517 782 590 eceteris
806 515 991 590 catholicae
1013 515 1185 589 doctrinae
1203 517 1259 591 ad-

135 630 322 706 sertoribus
348 632 489 707 minime
510 632 705 733 discrepare
730 632 950 720 contendunt,
971 632 1197 705 diversimode
1223 632 1258 704 id

134 746 300 821 alliciunt.
321 749 405 821 Nam
424 765 522 836 sunt,
547 749 605 848 qui
628 767 767 822 censent
787 749 993 822 lactantium
1013 749 1059 821 ita
1078 747 1260 846 scripsisse

135 878 291 962 respectu
309 862 425 937 habito
438 863 482 936 ad
496 864 587 962 leges
605 863 739 950 civiles,
761 890 849 963 quae
867 880 975 936 aetate
991 863 1051 936 illa
1070 864 1259 937 contraius

135 977 289 1052 naturale
314 994 349 1052 et
371 979 524 1053 diuinum
543 979 629 1052 alias
653 980 790 1079 nuptias
815 980 888 1053 viro
914 979 1094 1051 dimittenti
1119 1004 1259 1051 uxorem

134 1118 230 1165 suam
244 1090 292 1166 ob
301 1091 555 1167 fornicationem
569 1093 798 1168 concedebant
810 1096 899 1189 (61).
910 1092 952 1165 At
963 1119 1002 1165 ex
1016 1107 1172 1167 contextu
1186 1120 1262 1166 con-

134 1208 274 1281 trarium
288 1225 448 1308 apparet3
465 1209 635 1309 siquidem
653 1210 729 1309 ipse
747 1209 860 1309 potius
878 1209 1036 1282 ciuilibus
1054 1208 1187 1305 legibus
1200 1235 1261 1307 op-

133 1323 228 1422 ponit
252 1320 362 1421 legem
387 1323 553 1396 divinam.
581 1323 646 1395 Alii
675 1340 786 1396 autem
820 1323 904 1396 forte
929 1322 1140 1423 probabilius
1171 1322 1261 1395 arbi-

133 1454 267 1511 trantur
287 1464 354 1511 nou
374 1436 467 1511 aliud
487 1439 697 1512 lactantium
716 1439 871 1512 adductis
888 1438 1005 1511 verbis
1024 1438 1256 1536 significasse,

132 1580 235 1655 quam
254 1554 348 1656 quod
362 1554 519 1629 Christus
537 1556 654 1628 blattb.
671 1557 760 1628 xlx.
777 1555 912 1641 docuit,
934 1581 1055 1654 nempe
1074 1581 1140 1627 non
1159 1552 1261 1628 licere

131 1686 265 1770 praeter
293 1670 546 1745 [ominationem
571 1696 708 1745 uxorem
733 1671 921 1759 dimittere,
942 1672 1025 1772 quin
1044 1687 1155 1743 tamen
1180 1696 1261 1744 con-

132 1787 295 1873 cesserit,
316 1812 419 1861 uxore
439 1786 505 1860 bac
524 1786 568 1859 de
589 1813 693 1860 causa
717 1786 882 1874 dimissa,
905 1785 1007 1859 aliam
1028 1786 1151 1859 ducere
1167 1786 1257 1882 (62).

203 1902 276 1975 Nec
294 1901 418 1974 desunt
434 1918 631 1999 argumenta
648 1901 813 1975 indirecta
827 1916 859 1975 et
872 1901 1014 1989 directa,
1030 1927 1118 2001 quae
1133 1900 1166 1972 id
1181 1926 1262 1973 sua-

133 2013 212 2089 dere
228 2014 422 2089 videantur.
436 2015 605 2090 Indirecta
622 2015 761 2115 quidem
780 2031 939 2115 petuntur
951 2031 1021 2088 tum
1035 2042 1075 2089 ex
1088 2041 1145 2104 eo,
1167 2013 1259 2115 quod

132 2157 320 2232 numquam
328 2132 520 2205 Lactantius
535 2132 569 2204 in
583 2133 656 2206 suis
669 2132 829 2231 operibus
841 2130 896 2204 vel
909 2131 1060 2204 insinuet
1072 2130 1258 2232 aliquando

132 2244 234 2321 licere
268 2263 407 2347 propter
430 2246 633 2321 adulterium
660 2248 706 2321 ita
731 2247 870 2321 dissolvi
901 2247 1114 2345 coniugium,
1144 2263 1180 2319 ut
1205 2246 1257 2320 las

131 2361 176 2436 ait
200 2362 305 2436 aliam
330 2363 454 2436 ducere
478 2389 636 2450 uxorem3
658 2379 727 2434 tum
746 2389 786 2435 ex
803 2389 843 2435 eo
860 2362 951 2462 quod
974 2362 1063 2435 idem
1087 2360 1260 2435 disserens

131 2475 174 2551 de
199 2477 360 2552 civilibus
383 2477 516 2575 legibus
538 2479 742 2576 comparatis
764 2505 840 2552 cum
863 2477 936 2575 lege
956 2477 1072 2551 divina
1093 2478 1258 2551 omnimo-

131 2590 210 2666 dam
238 2593 389 2690 coniugii
415 2593 569 2666 adstruat
594 2593 805 2680 firmitatem,
834 2593 1007 2666 scribens:
1031 2593 1133 2664 «Non
1152 2590 1255 2678 enim,

132 2705 225 2780 siout
252 2707 337 2780 iuris
365 2706 491 2807 publici
510 2706 594 2780 ratio
612 2720 663 2779 est
685 2709 774 2803 (63),
791 2705 863 2779 sola
882 2706 1004 2778 mulier
1021 2704 1174 2778 adultera
1190 2720 1254 2791 est,

131 2847 221 2921 quae
247 2819 351 2894 habet
375 2821 496 2894 alium:
518 2822 659 2895 maritus
678 2837 802 2907 autem,
824 2821 956 2894 etiamsi
979 2819 1093 2919 plures
1121 2819 1256 2907 habeat,

131 2938 321 3012 acrimine
349 2937 506 3011 adulterii
542 2936 672 3012 solutus
698 2955 762 3010 est.
789 2937 854 3009 Sed
880 2937 997 3009 divina
1021 2935 1074 3009 len
1101 2937 1147 3009 ita
1173 2935 1259 3008 duos

131 3053 165 3126 in
204 3053 477 3140 matrimonium,
516 3053 607 3154 quod
633 3070 685 3126 est
712 3053 747 3124 in
776 3078 899 3153 corpus
925 3079 1057 3140 unum,
1086 3050 1160 3151 pari
1187 3051 1260 3125 iure

131 3168 326 3266 coniungit,
353 3183 390 3240 ut
413 3167 545 3241 adulter
580 3167 744 3241 habeatur
770 3168 928 3269 quisquis
962 3193 1159 3266 compagem
1185 3190 1259 3241 cor-

131 3282 225 3383 poris
251 3282 288 3355 in
313 3281 449 3357 diversa
474 3282 668 3357 distraxerit
684 3283 800 3379 (66).»

201 3538 255 3603 (ot)
272 3540 311 3589 tte
328 3538 410 3589 iacobi
431 3539 457 3589 in
477 3552 541 3604 resp.
554 3539 585 3589 ad
603 3541 685 3590 Braun
701 3540 727 3590 in
743 3552 784 3603 op.
795 3539 838 3589 cit.
851 3537 1080 3590 Indmotubitttuo
1091 3536 1193 3590 otneutt
1204 3550 1258 3588 mo·

131 3617 281 3671 marat.
293 3620 359 3668 sect.
373 3621 405 3667 ii.
417 3631 472 3682 cep.
484 3621 504 3669 l.
514 3619 538 3683 §.
551 3626 575 3670 6.
587 3632 642 3683 pag.
655 3623 695 3670 76.

203 3699 257 3761 (62)
272 3698 311 3748 ita
328 3699 424 3761 Nourry
443 3701 468 3748 io
487 3701 626 3762 Appurotu
645 3697 681 3748 od
702 3697 822 3749 otbtiotit.
836 3703 945 3748 moxtm.
955 3700 1079 3762 potrum,
1092 3700 1154 3748 tom.
1164 3699 1197 3747 fl.
1210 3696 1259 3747 dis·

131 3780 189 3830 tut.
201 3779 246 3828 111.
261 3776 286 3826 ta
298 3778 410 3826 meunt.
421 3790 476 3842 cap.
489 3782 528 3828 27.
541 3780 588 3828 art.
603 3785 628 3829 6.

202 3858 258 3921 (63)
273 3856 369 3908 uitauit
385 3857 417 3907 ari
439 3857 488 3921 lep.
502 3859 603 3909 tottam
617 3858 651 3909 de
667 3857 767 3919 adult,
778 3871 828 3921 quo
840 3857 937 3908 mulieri
949 3869 998 3907 non
1010 3856 1161 3920 permittitur
1175 3856 1201 3906 in
1214 3869 1260 3920 pu·

131 3938 197 3990 blico
208 3937 305 3988 indicio
319 3938 451 3988 accusandi
468 3939 585 4002 facultas,
600 3940 697 3988 etiamsi
716 3938 840 4003 propriam
858 3939 975 3988 iniuriam
991 3937 1110 3987 adversus
1130 3936 1260 3998 coniugem

130 4019 307 4085 expostularet.
318 4017 393 4077 Quod
404 4033 453 4069 non
469 4020 550 4070 sotum
564 4020 707 4070 Lactantius
729 4018 784 4069 heic
803 4018 967 4083 improbrasse
985 4017 1098 4078 ridetur,
1121 4016 1164 4065 sed
1184 4016 1259 4066 etiam

130 4099 356 4164 praecontionatus.
369 4097 395 4148 in
408 4101 513 4156 Quaest.
525 4098 561 4149 ud
571 4097 692 4149 Antiocir.
709 4097 804 4149 ducem
824 4097 857 4148 ad
873 4098 966 4148 calcem
984 4110 1042 4160 opp.
1055 4109 1076 4146 o.
1087 4096 1206 4146 immas.
1218 4093 1258 4145 ed.

131 4180 210 4231 laur.
222 4183 286 4230 tom.
296 4181 329 4229 ii.
342 4191 398 4242 pag.
412 4186 466 4230 268.
478 4178 536 4229 item
548 4178 681 4242 Gregorius
692 4178 828 4240 nanaiana,
841 4176 986 4227 Ambrosius
995 4175 1087 4238 aliique
1098 4173 1164 4238 apud
1177 4173 1261 4224 cuiae

132 4259 198 4311 6616
210 4258 269 4311 eod.
281 4256 323 4309 tit.

204 4340 256 4404 (at)
273 4337 337 4390 ibid.
353 4337 451 4390 litavi.
464 4340 554 4390 moto.
564 4340 681 4390 tnrtttut.
693 4351 748 4402 cap.
760 4339 848 4389 xxiii.
861 4349 887 4387 u.
898 4340 938 4387 tt.
948 4335 988 4388 ed.
1000 4336 1043 4385 ctt.
1056 4346 1111 4398 pag.
1120 4337 1164 4385 att
1174 4344 1227 4396 seo.
