2796 5064
218 393 290 449 ett-
305 390 343 447 ιι.
357 390 399 442 nn
411 389 637 441 marsanam.
650 389 786 440 memus.
803 390 917 440 anunm
929 390 1004 441 rm.
1020 389 1070 440 ur.
1132 366 1199 438 m

109 507 522 587 numerationem.
540 509 599 582 st.
612 507 814 608 «Relinquat
827 505 1204 607 temporaraneum,-

109 641 276 701 tmatrem
294 639 328 698 et
344 621 544 699 adhaerabit
561 624 774 708 morienne,
784 638 829 695 ot
844 621 1027 697 eruntduo
1043 621 1083 693 in·
1099 646 1206 694 earne

109 765 192 817 aa.»
203 739 267 812 His
284 756 396 813 autem
413 736 527 812 verbis
551 736 775 835 significatam
793 748 873 838 esses
894 734 1205 810 indissolubilitatis

109 882 192 956 μω
209 855 311 931 docet
326 850 620 932 Christusliatth.
635 854 726 941 xlx,
742 855 823 943 dum
841 853 938 926 exiis
952 851 1221 939 infertteQuod-

109 986 175 1070 rge'
192 971 286 1045 Deus
315 966 504 1058 coniunxit,
535 967 637 1042 homo
662 992 730 1041 non
760 967 981 1068 separetnld
1010 991 1089 1040 uero
1115 964 1207 1065 quod

109 1086 222 1185 alege
233 1084 369 1186 repudii
383 1086 518 1185 lloyses
531 1083 666 1171 statuit,
682 1082 830 1157 ostendit
840 1082 1064 1182 permittentis
1078 1081 1203 1166 luisse,

109 1228 151 1279 on
178 1200 422 1302 approbantis,
451 1216 485 1273 et
508 1199 647 1299 quidem
672 1198 717 1272 ad
738 1199 903 1271 duritiam
923 1197 1045 1295 cordis
1071 1222 1204 1284 eorum,

110 1318 213 1395 uibus
239 1317 304 1391 lex·
318 1315 386 1390 illa·
403 1317 482 1390 data
506 1314 712 1403 luit,'salta
736 1322 847 1387 tamen
873 1313 947 1411 legs
975 1311 1215 1413 primordiali,¹

109 1460 189 1533 uam
216 1434 313 1507 Deus
328 1458 389 1532 per
404 1431 692 1532 dispensationem
710 1456 778 1527 non
795 1430 982 1527 abmgarit'.
999 1429 1075 1502 ‘Hoc
1096 1428 1208 1527 ipsum

109 1549 191 1648 gitur
217 1548 344 1622 Paulus
368 1548 469 1621 etiam
488 1547 686 1646 signifieat,
713 1547 796 1619 dum
829 1545 1001 1645 praelatus
1031 1570 1069 1618 se
1100 1542 1208 1640 legem

109 1662 278 1739 cientibus
295 1663 408 1763 loqui,·
427 1663 574 1737 sffirmat
590 1662 814 1737 mulierem'
783 1688 862 1735 viro.
869 1686 948 1747 suo,
965 1659 1070 1733 dum
1061 1685 1091 1732 rs
1101 1659 1205 1745 vivit,

109 1775 271 1917 bligatam
284 1785 435 1864 manere‚'
444 1804 506 1852 nec
520 1778 587 1851 nisi
601 1777 677 1850 eius
689 1776 894 1850 mortesolri
898 1773 1075 1873 elegaviri
1092 1773 1208 1870 (115).

109 1891 163 1967 tiri
186 1891 281 1965 enim
300 1890 339 1962 id·
353 1891 565 1978 admittatur,
585 1892 632 1964 uti
652 1896 718 1964 iam
736 1889 903 1976 diximus
914 1889 1016 1963 nulla
1033 1889 1163 1962 leret
1131 1913 1209 1962 erus

109 2004 312 2107 amparatim
334 2007 425 2106 quod
452 2005 702 2106 sine-Apostoli
729 2005 853 2078 iniuria
877 2005 946 2078 diei
972 2005 1101 2104 nequit.

163 2122 400 2222 Quapmpter‚
428 2126 491 2196 ot'si
517 2122 675 2196 daremus
702 2121 901 2221 Apostolum
925 2121 1056 2193 directe·
1070 2119 1114 2194 ad
1136 2145 1213 2194 eon

109 2237 184 2336 ugia
209 2237 380 2324 alludere,
407 2264 497 2338 quae
521 2265 626 2338 penes
656 2238 795 2312 iudaeos
815 2235 1095 2324 'celebrabanturr
1128 2236 1214 2310 dici·

109 2381 167 2429 nus
184 2372 298 2428 tamen
316 2380 393 2428 eum
411 2354 504 2454 loqui
522 2355 566 2427 de
583 2356 627 2428 iis'
645 2356 738 2428 iuxta
755 2354 862 2452 legem
875 2350 1086 2453 primitivam
1108 2353 1214 2426 emni-

109 2470 570 2559 totlaevindissolubilitatis,
603 2487 747 2570 prouta
772 2471 908 2543 Christo
933 2470 985 2541 lex
1016 2496 1058 2542 ea
1090 2468 1153 2541 luit
1181 2485 1214 2541 et

109 2585 262 2663 tutante
296 2602 331 2660 et
363 2586 582 2672 confirmata,
619 2586 771 2685 adeoque
801 2584 998 2685 Apostolum
1031 2583 1222 2656 allocutum·

109 2703 201 2779 neae
227 2701 347 2776 fideles
369 2709 410 2775 ei
433 2702 603 2776 iudaismo
626 2706 827 2787 conversos,
859 2700 1084 2774 similitudine
1111 2699 1214 2798 petita

109 2846 132 2893 ι
156 2817 312 2903 notione,
340 2845 443 2918 quam
469 2819 512 2891 de
536 2819 749 2891 matrimonio
775 2817 945 2890 habebant
971 2813 1039 2888 tum
1057 2839 1097 2886 ex
1120 2813 1210 2909 leget,

109 2961 163 3011 um
189 2960 232 3007 ex
258 2934 410 3021 Christo,
440 2952 478 3007 ut
501 2934 695 3009 ostenderet
711 2933 818 3031 legem
838 2932 992 3005 ritualem
1009 2955 1048 3002 ae
1070 2928 1229 3001 iudicia-¹

109 3076 157 3125 sm
185 3050 368 3123 mosaicam
394 3069 500 3123 morte
525 3050 650 3123 Christi
676 3074 842 3123 cessasse.

167 3164 261 3238 Haeo
273 3190 352 3238 vero
365 3165 622 3252 confirmantur,
640 3165 670 3239 si
686 3165 769 3238 ratio
783 3162 948 3236 habeatur
960 3159 1212 3256 chronologiae,

109 3304 162 3381 [aa
187 3293 337 3367 constat,
365 3279 543 3379 epistolam
570 3279 613 3352 ad
641 3304 798 3352 romanos
816 3276 859 3350 ab
877 3275 1035 3376 Apostolo
1057 3274 1216 3374 scriptam

109 3393 203 3483 uisse
230 3394 344 3493 plures
369 3421 477 3469 anuos
500 3410 679 3496 postquam
696 3395 829 3468 Marcus
848 3392 883 3464 in
901 3417 1114 3467 romanorum
1141 3384 1237 3487 gra-⁴

109 3510 176 3585 iam
206 3536 308 3583 suurn
334 3528 530 3583 exaraverat
553 3510 781 3611 evangelium,
811 3510 845 3580 in
872 3534 939 3608 quo
957 3506 1103 3579 ex'Petri
1121 3531 1218 3606 prae-

109 3624 265 3700 licatione
292 3625 449 3700 retulerat
473 3624 599 3699 Christi
626 3625 811 3699 doctrinam
837 3624 880 3697 de
898 3623 1045 3723 perlecta
1067 3620 1217 3719 coniugii

110 3740 400 3817 ndissoluhilitate
422 3745 535 3837 (tto).
553 3744 637 3841 Cum
656 3742 798 3842 proinde
816 3742 928 3814 iudaei
948 3739 1065 3813 lideles
1089 3737 1217 3835 iamdiu

165 3924 237 3988 (tit)
252 3922 293 3971 ct.
309 3921 404 3971 Estium
419 3924 564 3971 Commeat.
576 3923 600 3971 in
613 3924 684 3985 epist.
698 3923 729 3970 ad
746 3926 816 3971 Boni.
827 3923 882 3970 vit.
898 3928 905 3970 t
925 3934 994 3983 seqq.

167 4008 190 4067 (ι
199 4004 238 4064 te)
254 4004 317 4052 Nam
329 4014 350 4050 t.
361 4003 553 4051 Petrusiiomam
567 4003 634 4052 venit
643 4016 683 4051 an.
695 4002 839 4061 ttctauttit,
852 4015 939 4064 nempe
949 4014 1019 4051 uerae
1031 3998 1217 4061 vntgurtsxutt.

112 4087 134 4136 cl
148 4085 182 4135 ad
197 4093 327 4133 summum
342 4093 383 4129 an.
401 4082 445 4129 iti.
458 4081 572 4143 claudii,
586 4095 656 4131 aerae
673 4082 782 4144 vulgaris
792 4083 879 4131 xLiti.
895 4083 992 4130 Marcus
1006 4093 1064 4128 tero
1075 4091 1131 4127 enm
1143 4075 1219 4125 comi·

109 4169 163 4215 atne
179 4165 205 4214 tn
222 4161 290 4212 Urbe
304 4160 459 4222 evangelium
476 4174 548 4210 suum
567 4163 665 4225 scripsit
683 4166 737 4212 antu
726 4176 816 4225 equium
831 4161 1002 4212 tlexamtriam
1019 4173 1034 4207 a
1052 4161 1123 4207 Petro
1139 4157 1218 4206 mitte·

109 4249 165 4297 mur
186 4246 246 4294 ante
266 4239 362 4290 obitum
384 4240 521 4304 Agrippae,
536 4242 630 4292 scilieet
645 4243 684 4292 vel
701 4244 831 4306 postremis
848 4240 972 4291 iriensibus
985 4240 1042 4289 anat
1055 4249 1126 4288 surse
1137 4237 1220 4299 vulga·

109 4328 219 4378 exart.
231 4322 272 4372 rel
287 4325 344 4372 ante
360 4321 468 4371 titatium
485 4323 543 4372 anui
560 4323 710 4415 insequentis
720 4327 808 4375 xtttt.
820 4322 859 4374 ct.
869 4321 999 4372 eutition
1015 4323 1051 4371 De
1066 4317 1218 4381 eounpetttr.

1080 4398 1101 4444 dt
1126 4400 1147 4441 >tt
