2796 5064
203 379 274 431 cm.
289 377 326 429 ιι.
342 378 382 428 ιι
394 375 506 428 mores.
521 377 616 428 uara.
634 377 665 426 m
681 376 769 426 crus.
785 376 896 424 snum.
914 374 985 424 aar.
1003 372 1053 424 ιιι.
1117 350 1185 423 m

105 513 167 585 at,
195 512 265 569 tam
288 512 414 571 arctam
439 521 516 571 esse
539 493 660 568 debere
684 491 892 591 coniugalem
916 494 1184 567 coniunctionem

105 612 192 688 uelis
217 612 281 686 tuit
304 611 347 687 ab
364 611 481 697 initio;
504 636 564 685 seu
589 611 760 709 antiquam
786 609 829 681 de
854 609 1063 682 matrimonio
1080 606 1186 706 legem

105 753 201 803 anes.
231 728 274 799 ll.
303 727 361 799 fl.
388 751 601 827 expressam,
630 725 665 796 in
691 750 900 822 regnosco,
929 750 989 799 seu
1018 725 1055 797 in
1083 724 1188 798 accle-

105 868 130 917 ιι
145 868 211 917 sua
231 843 275 916 ad
294 843 424 944 apicem
445 866 553 941 usque
578 838 753 940 adimpleri
772 839 909 927 debere,
935 839 1090 915 facultate
1105 867 1188 940 qua-

105 959 176 1032 'ua
202 957 294 1032 lloee
319 981 480 1032 concessa
506 953 696 1028 dimittendi
724 981 858 1028 uxorem
883 954 918 1026 in
941 972 1110 1054 posterum
1132 983 1189 1030 su-

105 1068 172 1147 lsta
200 1073 312 1167 (tot).

147 1185 200 1259 131
217 1185 273 1261 his
297 1184 465 1285 colligitur
493 1210 560 1260 non
579 1184 678 1259 modo
698 1184 824 1258 Christi
841 1184 978 1259 effatum
1003 1211 1078 1259 cum
1096 1203 1189 1261 ante-

105 1298 275 1375 tdentibus
300 1300 490 1388 cohaerere,
519 1326 635 1375 verum
661 1300 760 1374 etiam
791 1300 838 1373 ita
864 1325 939 1374 cum
969 1301 1189 1375 antecedenti·

105 1439 141 1490 ιι
164 1415 341 1504 connecti,
362 1432 399 1489 ut
415 1440 548 1490 omnem
572 1414 728 1489 excludat
750 1414 990 1515 exceptionalis
1016 1415 1188 1492 clausulae

105 1554 206 1617 mm,
225 1555 266 1604 ac
291 1529 458 1632 proinde
449 1557 484 1602 ιιι
505 1529 627 1629 quovis
652 1546 774 1603 eventu
795 1531 989 1628 coniugium
1011 1530 1190 1606 indissolu-

105 1642 143 1719 le
166 1671 209 1719 ex
232 1643 357 1718 Christi
383 1645 549 1718 sententia
580 1669 787 1745 permanere.

147 1760 221 1832 lam
239 1785 270 1832 ιι
261 1758 482 1834 harmonice
498 1774 607 1834 textus
624 1784 711 1859 quos
726 1760 947 1860 expendimus
961 1786 1001 1833 ex
1014 1761 1132 1835 llatth
1148 1706 1185 1832 V

105 1873 213 1948 xlx
230 1873 385 1948 llarciX.
401 1875 526 1947 etLuc
542 1875 624 1946 XVl.
648 1874 872 1973 disponantur
888 1876 1185 1963 etcoordinentur,

105 2014 168 2065 unc
185 1989 231 2063 iis
251 1989 365 2063 inesse
389 2014 527 2065 sensum
544 1988 754 2087 colligimus,
776 2016 877 2090 quem
893 1989 1007 2064 verbis
1033 1992 1118 2091 ipsis
1142 1991 1191 2066 ef-

105 2129 205 2192 ram,
221 2103 347 2206 quibus
370 2131 455 2179 usus
479 2121 532 2178 est
556 2102 598 2178 cl.
620 2104 840 2206 Ilosltovany,
856 2106 915 2206 qui
941 2108 1108 2210 egregiam
1128 2106 1190 2180 hac

105 2245 179 2321 aper
205 2246 241 2293 re
265 2245 400 2319 operam
426 2219 576 2293 navavit:
597 2220 706 2307 «Vos,
738 2219 921 2320 pharisaei,
951 2222 1114 2309 audietis,
1147 2223 1190 2295 ad

105 2333 256 2409 ivortium
284 2361 350 2408 non
372 2331 465 2408 aliud
485 2360 561 2408 esse
582 2334 693 2432 alege
710 2334 813 2408 lloeis
833 2337 1072 2423 necessarium,
1088 2363 1190 2437 quam

105 2476 110 2521 t
134 2449 279 2522 maritus
303 2448 465 2522 dimissae
491 2474 572 2523 suae
597 2449 690 2522 uxori
709 2449 833 2523 scribat
858 2449 1011 2525 libellum
1038 2452 1185 2552 repudii.

105 2588 148 2662 gc
174 2589 254 2638 vero
279 2564 355 2639 dico
388 2563 485 2638 vobis
510 2565 624 2638 llosen
655 2565 905 2639 concessionem
942 2565 1030 2640 hanc
1055 2568 1190 2641 nonnier

105 2694 212 2780 „optor
235 2677 396 2753 duritiam
422 2680 534 2754 cordis
571 2680 676 2755 vestri
702 2680 799 2755 vobis
825 2680 1037 2782 permisisse,
1057 2681 1101 2756 ab
1127 2683 1191 2755 ini-

105 2819 123 2870 o
151 2809 264 2869 autem
287 2819 353 2868 non
378 2794 485 2869 fuisse
511 2795 573 2870 sic.
594 2795 739 2897 Excepta
760 2821 864 2870 causa
885 2795 1125 2884 fornicationis,
1141 2798 1193 2869 vir

105 2933 145 2984 on
169 2924 280 3009 potest
302 2934 399 2982 suam
423 2934 560 2984 uxorem
581 2910 769 2996 dimittere,
798 2935 896 2984 secus
919 2936 995 2985 reus
1020 2926 1072 2984 cet
1095 2910 1193 2984 adul·

105 3021 170 3110 rii,
198 3021 291 3123 quod
315 3046 400 3096 uxor
423 3022 498 3098 ciue
523 3040 600 3124 post
631 3022 866 3096 dimissionem
892 3049 989 3097 suam
1010 3022 1105 3098 alteri
1130 3051 1193 3097 uu-

105 3136 207 3223 ndo,
228 3153 407 3238 perpetrat.
433 3135 483 3210 llx
510 3164 614 3212 causa
639 3137 872 3212 fornicationis
902 3153 1010 3238 potest
1034 3163 1117 3211 uxor
1140 3138 1193 3210 di-

105 3251 179 3340 tran
204 3278 314 3354 neque
330 3253 366 3326 in
382 3278 465 3327 casu
483 3252 548 3328 hoc
563 3254 618 3327 vir
633 3280 769 3328 uxorem
788 3253 974 3328 adulteram
995 3254 1189 3355 repudians,

105 3365 282 3442 lulterium
299 3368 507 3442 committere
525 3368 715 3443 censendus
728 3385 797 3456 est,
814 3369 844 3442 si
862 3369 1030 3444 uxoreius
1052 3369 1194 3444 dimissa

105 3481 172 3557 teri
203 3479 320 3555 nubat.
347 3482 448 3555 Poma
478 3481 555 3556 dico
586 3481 702 3556 vobis:
730 3507 851 3558 uxores
882 3483 1008 3557 avirie
1033 3482 1192 3557 dimissas

105 3593 154 3670 iis
183 3595 268 3670 viris
298 3594 424 3670 nubere
455 3621 523 3671 uon
553 3622 672 3698 posse,
705 3623 768 3670 nec
797 3597 907 3685 viros,
935 3598 994 3697 qui
1024 3597 1196 3672 dimittunt

105 3734 201 3785 tores
227 3736 328 3799 suus,
352 3709 439 3785 alies
463 3712 604 3786 ducere:
637 3711 719 3812 quia
750 3712 785 3784 in
812 3712 877 3787 hcc
906 3737 988 3786 casu
1013 3711 1195 3814 utrobique

105 3822 284 3899 lal'terium
301 3825 575 3901 committeretur.
599 3827 673 3901 lfea
698 3827 741 3902 de
756 3827 891 3903 vinculo
913 3828 1115 3903 matrimonii
1138 3826 1195 3902 do-

148 3999 271 4062 (toa)1ts
284 4014 382 4053 mmm
400 4001 547 4067 autortny
562 4017 603 4068 op.
623 4004 667 4056 clt.
687 4003 711 4069 ς.
722 4012 761 4057 at.
782 4005 821 4056 ct.
844 4005 992 4070 ettamquae
1008 4005 1072 4056 hano
1092 4005 1119 4056 ln
1144 4017 1196 4056 ren

105 4076 162 4130 Μ
180 4078 264 4130 utus
283 4081 426 4132 comunt.
446 4080 472 4133 tn
485 4094 539 4146 cap.
551 4082 608 4133 vlt.
620 4082 735 4135 tdttom.
748 4083 958 4148 tumescerem
970 4083 1002 4134 do
1018 4095 1125 4148 omnam
1142 4082 1195 4146 lest

105 4159 183 4210 wat
202 4157 335 4222 Apostolus
354 4172 413 4210 cum
432 4160 469 4211 ait
484 4159 626 4211 Muttcreot
639 4159 781 4225 Mttootcm
801 4174 854 4213 crta
874 4161 926 4226 teet
943 4161 1060 4225 quamdin
1084 4160 1123 4210 ιιι
1141 4161 1194 4211 etus

105 4236 157 4300 tlt,
177 4235 287 4288 ostendit
300 4251 349 4289 oon
371 4237 403 4289 de
422 4238 471 4290 alta
488 4239 541 4303 tere
561 4239 664 4303 intelligi
679 4253 751 4304 posse
765 4254 840 4307 quam
860 4240 891 4292 dc
910 4254 939 4292 es
957 4241 1009 4304 lega
1028 4239 1135 4304 conlugti
1159 4241 1194 4290 in·

105 4315 202 4368 mla
218 4316 333 4381 paradiso
353 4319 681 4383 constupratorem
700 4322 756 4372 eet:
779 4320 916 4385 Reunouet
927 4319 1001 4371 homo
1020 4321 1094 4440 eta*
