2796 5064
260 394 330 448 cre.
346 394 395 447 ιη.
413 396 452 446 nr
468 393 565 446 seusu
579 396 670 446 rnen.
690 394 871 446 crnxnnrss.
889 394 983 445 narn.
1002 394 1073 444 rnr.
1090 395 1113 443 r.
1185 371 1255 442 285

205 513 355 588 Tertium
381 514 508 613 pariter
531 511 654 586 falsum
675 512 941 614 deprehenditur
961 539 1002 586 ex
1027 529 1141 587 tenore
1160 537 1258 586 cano
1343 533 1348 546 ’

140 629 186 701 nis
206 629 265 700 lx.
289 628 408 727 inquo
425 627 570 713 dicitur,
597 654 663 701 non
684 654 784 726 posse
801 626 975 700 mulierem
995 626 1090 700 alteri
1112 626 1254 713 nubere,

138 744 200 817 nisi
221 744 317 843 prius
337 770 437 842 quem
456 743 653 843 reliquerat,
675 742 718 816 de
735 744 848 816 seculo
868 743 1011 828 exierit,
1032 759 1065 815 et
1090 768 1129 814 ex
1149 768 1257 841 poena

135 874 314 958 perpetuae
340 858 708 932 excommunicationis.

202 972 370 1057 Quartum
382 972 532 1060 demum,
549 972 639 1072 quod
658 973 701 1045 nb
718 972 923 1046 adversariis
937 971 1161 1058 desideratur,
1180 997 1257 1045 oon·

132 1087 246 1159 cilium
273 1085 515 1159 illiberitanum
537 1087 789 1186 aequivalenter
816 1087 937 1172 edixit,
959 1087 1040 1159 dum
1058 1086 1258 1159 mulieribus

133 1202 323 1288 interdicit,
344 1227 387 1274 ne
403 1201 536 1276 vivente
554 1201 698 1276 dimisso
717 1202 808 1288 viro,
837 1200 932 1275 alteri
960 1200 1144 1288 nuberent,
1166 1201 1258 1273 iuxta

134 1316 214 1390 illud
236 1315 415 1417 Apostoli:
447 1316 541 1404 Quod
561 1319 594 1391 si
611 1317 814 1401 discesserit,
840 1343 968 1389 orauere
990 1317 1178 1414 innuptum,
1200 1331 1258 1388 cut

137 1435 204 1506 niro
231 1460 291 1506 suc
315 1433 535 1506 reconciliari.

641 1668 678 1764 p.
707 1668 747 1737 x.

540 1897 575 1945 De
590 1893 701 1944 concilio
715 1894 852 1944 arelatensi.

202 2108 305 2181 Haud
319 2107 425 2182 multo
441 2124 521 2207 post
532 2107 713 2182 concilium
727 2106 967 2180 illiberitanum
983 2107 1187 2182 celebratum
1205 2124 1258 2182 ast

133 2223 165 2295 in
183 2222 303 2296 Galliis
319 2249 416 2297 conc.
439 2222 647 2310 arelatense,
675 2248 796 2321 nempe
816 2250 873 2296 an.
901 2224 984 2296 314.
1009 2222 1074 2296 suh
1099 2222 1260 2297 Constan-

132 2336 199 2410 tino
225 2338 428 2437 imperatore
451 2338 487 2409 in
511 2362 617 2411 causa
635 2337 831 2410 Caeciliani.
853 2339 892 2409 ln
912 2337 977 2411 hoc
1002 2338 1145 2413 concilio
1168 2365 1260 2438 repe·

131 2453 238 2525 rimus
263 2453 417 2526 eamdem
442 2452 643 2526 catholicam
670 2452 859 2526 doctrinam
886 2479 962 2526 ean.
991 2453 1034 2526 X.
1064 2452 1119 2526 his
1144 2452 1259 2526 verbis

129 2566 362 2641 adstructam:
396 2569 478 2642 «lle
504 2568 579 2655 his,
606 2568 665 2669 qui
687 2569 847 2666 coniuges
868 2594 950 2642 suas
969 2569 1002 2640 in
1022 2568 1187 2642 adulterio
1204 2568 1260 2641 de

131 2683 367 2782 prehendunt,
391 2699 425 2757 et
451 2683 553 2757 iidem
580 2700 660 2757 sunt
684 2684 916 2757 adolescentes
938 2682 1076 2770 fideles,
1096 2701 1129 2757 ct
1146 2683 1260 2783 prohi-

131 2797 255 2872 bentur
284 2797 431 2886 nubere,
466 2797 593 2900 placuit
624 2800 662 2871 irt
687 2799 722 2870 in
748 2815 911 2898 quantum
944 2799 1053 2898 possit
1077 2797 1257 2873 consilinm
1320 2831 1322 2835 ·

130 2913 181 2987 eis
207 2913 328 3001 detur,
359 2940 401 2987 na
425 2912 617 2987 viventibus
644 2913 807 2987 uxoribus
834 2915 932 3001 suis,
965 2912 1042 2987 licet
1067 2913 1257 2998 adulteris,

130 3029 218 3102 alias
247 3030 418 3131 accipiant
437 3032 527 3126 (85).
549 3060 566 3100 a

204 3146 302 3219 Duas
328 3162 442 3245 partes
468 3147 524 3219 hic
555 3171 663 3220 canon
693 3145 948 3248 complectitur;
981 3143 1085 3218 altera
1113 3144 1262 3220 declamt

130 3263 208 3351 ius,
237 3262 343 3336 altera
369 3289 449 3336 vcro
474 3262 611 3338 modum
630 3290 692 3336 seu
710 3264 872 3337 rationem
895 3262 1095 3337 servandam
1114 3262 1149 3334 in
1167 3262 1260 3338 illius

130 3378 343 3452 executione.
368 3378 487 3465 Quoad
511 3380 565 3452 ius
587 3379 729 3452 traditur
755 3379 847 3451 iuxta
871 3368 1100 3475 evangelicam
1126 3394 1160 3452 ct
1184 3405 1261 3480 apo

130 3493 287 3571 stolicam
304 3495 490 3568 doctrinam
513 3494 720 3596 prohibitum
738 3521 815 3568 esse
833 3493 936 3567 aliam
952 3494 1076 3569 ducere
1093 3520 1254 3582 uxorem,

132 3609 287 3683 adultera
309 3609 476 3695 dimissa,
505 3610 587 3681 dnm
612 3609 696 3681 haec
723 3610 756 3681 in
782 3610 869 3683 vivis
895 3609 1010 3706 degit:
1040 3625 1071 3682 et
1088 3610 1261 3707 prohiben-

134 3722 334 3796 turoubere.
358 3722 477 3810 Quoad
498 3724 660 3797 rationem
684 3723 866 3797 inducendi
885 3725 1115 3798 adolescentes
1143 3723 1262 3798 fideles

132 3840 176 3914 ad
195 3841 286 3914 hanc
303 3839 491 3913 doctrinam
510 3856 626 3914 sancto
645 3828 865 3928 servandam,
891 3855 1043 3914 statuunt
1060 3840 1162 3913 huius
1182 3866 1262 3914 con-

133 3956 203 4030 cilii
232 3970 346 4056 patres
371 3971 409 4028 ut
432 3982 494 4055 per
519 3956 709 4040 consilium,
739 3983 799 4031 seu
825 3983 887 4056 per
918 3956 1184 4030 exhortationem
1209 3955 1259 4027 eis

133 4074 320 4149 suadeatur
337 4100 378 4146 ne
396 4100 457 4172 per
474 4098 579 4146 novas
598 4073 734 4174 nuptias
760 4072 885 4146 Christi
904 4073 1091 4147 doctrinam
1110 4097 1150 4145 ac
1169 4094 1262 4167 prae

207 4362 259 4425 (aa)
275 4361 347 4425 Apud
363 4361 483 4413 nardulo.
501 4365 561 4413 tom.
575 4365 594 4412 1.
613 4362 660 4412 col.
674 4368 728 4411 ²65.
