2796 5064
199 90 267 161 iti
342 113 403 163 nm.
419 112 468 163 ru.
483 112 570 165 acor.
588 114 717 165 mrem.
733 114 774 165 nr
787 114 899 166 murts.
915 116 1012 168 uam.
1030 116 1156 170 crum.

197 232 339 306 ecclesia
354 233 434 320 Ilei,
460 233 495 305 in
512 258 597 334 qua,
616 234 666 306 uti
691 231 899 319 videbimus,
920 232 1019 334 plura
1044 232 1113 307 lrac
1129 234 1176 309 de
1196 261 1229 309 re
1244 235 1310 309 lue

198 363 275 422 runt
300 349 492 422 constituta.

164 489 167 503 ·
269 464 502 537 Verumtamen
528 464 581 537 ius
603 464 693 536 istud
720 488 787 536 non
812 463 929 551 adest,
949 463 1128 537 autetiam
1156 464 1313 538 amittitur

196 577 232 651 in
262 578 434 652 nonnullis
466 578 614 652 casibus.
650 577 807 652 lllicitum
835 578 964 652 scilicet
987 581 1028 652 fit
1051 578 1260 666 divortium,
1284 581 1312 653 si

195 691 372 766 lomioatio
394 692 468 765 sine
485 692 625 765 crimine
644 718 720 766 esse
737 693 926 790 contingat,
954 717 994 765 ac
1020 718 1113 766 mere
1130 693 1311 767 materialis

195 807 260 895 sit,
288 823 326 880 ut
349 833 426 880 cum
457 807 578 882 mulier
605 809 673 881 vim
703 835 806 908 passa
835 827 907 896 est,
931 824 990 881 aut
1020 834 1082 908 per
1106 834 1256 882 errorem
1278 835 1312 882 se

195 921 244 994 illi
263 923 492 1011 commiscuit,
513 950 613 1023 quem
631 924 739 998 virum
757 950 858 997 suum
874 950 951 997 esee
969 924 1112 1023 putavit.
1134 925 1223 997 Nam
1239 950 1309 997 cum

193 1036 374 1111 diuortium
402 1038 447 1112 sit
473 1063 600 1137 poena,
630 1038 659 1110 si
686 1037 779 1110 nulla
802 1039 1026 1136 praecesserit
1056 1037 1180 1138 culpa,
1211 1064 1310 1138 poena

192 1147 301 1223 locum
326 1148 451 1222 habere
477 1149 604 1248 nequit.
639 1147 795 1222 lllicitum
823 1164 996 1248 praeterea
1026 1150 1085 1236 fit,
1114 1149 1148 1222 si
1176 1164 1309 1248 uterque

192 1264 315 1337 coniux
339 1265 455 1338 eodem
486 1263 628 1336 crimine
653 1278 824 1351 teneatur,
861 1278 961 1363 prout
993 1262 1029 1334 iu
1054 1263 1132 1335 iure
1153 1263 1309 1338 canonino

192 1378 358 1451 sancitum
383 1397 435 1454 est
459 1379 502 1452 ab
523 1375 710 1451 Alexandro
736 1379 796 1450 iii.
825 1393 859 1451 et
875 1376 1071 1450 Innocentio
1091 1377 1155 1449 lll.
1180 1379 1245 1473 (l).
1264 1376 1307 1447 l'it

192 1491 271 1566 item
284 1492 507 1590 illegitimum,
523 1497 553 1568 si
567 1511 643 1594 post
656 1494 824 1591 cognitum
838 1491 1040 1567 adulterium
1052 1491 1228 1590 coniugis,
1240 1517 1305 1566 cum

190 1632 232 1680 aa
249 1633 287 1681 se
303 1608 525 1709 copulaverit;
546 1626 701 1684 censetur
716 1609 805 1683 enim
823 1608 888 1682 hoc
905 1608 940 1680 in
955 1633 1038 1682 casu
1057 1608 1192 1682 crimen
1208 1607 1304 1680 luisse

191 1721 427 1797 condonatum.
456 1725 598 1798 Domum
624 1724 653 1797 si
681 1738 796 1797 auctor
820 1721 883 1795 iuit
907 1722 1042 1818 coniugi
1068 1737 1107 1796 ut
1132 1721 1303 1797 fornicare·

191 1852 257 1910 tur.
285 1839 350 1910 lles
375 1864 435 1937 per
460 1864 498 1911 se
523 1854 631 1939 patet,
660 1864 700 1912 ac
720 1835 865 1934 theologi
891 1860 1008 1910 omnes
1029 1835 1096 1910 hac
1120 1837 1160 1910 iu
1187 1862 1223 1911 re
1245 1859 1302 1910 uuo

190 1977 248 2026 ore
272 1955 487 2028 consentiunt
502 1957 567 2050 (li).

262 2068 383 2168 Aliqua
396 2069 541 2167 agitatur
552 2070 706 2168 quaestio
717 2069 808 2142 circa
816 2067 1099 2165 significationem
1111 2067 1210 2142 vocis
1220 2065 1299 2140 odal-

190 2183 284 2267 tcrt'i;
312 2208 393 2255 num
419 2181 547 2255 scilicet
571 2183 614 2254 ad
639 2183 820 2257 divortium
843 2183 933 2256 licite
950 2181 1147 2255 laciendum
1167 2180 1298 2282 requira-

115 2339 118 2343 >
188 2314 243 2372 tur
268 2297 469 2372 adulterium
493 2323 609 2398 presse
633 2315 826 2398 sumptum,
861 2324 905 2370 an
932 2321 1011 2372 vero
1036 2295 1193 2370 sufficiat
1219 2291 1297 2369 aliud

188 2413 426 2515 quodcumque
450 2415 595 2488 immane
621 2414 752 2487 lacinus
778 2413 941 2486 adversus
970 2411 1181 2486 matrimonii
1207 2411 1297 2484 hone

186 2544 326 2616 statem,
351 2529 509 2628 quodque
527 2528 590 2601 sub
608 2528 753 2626 generali
772 2527 836 2600 hac
853 2527 1008 2600 adulterii
1034 2525 1296 2599 denominatione

186 2644 424 2744 comprehendi
454 2660 581 2742 potest;
610 2670 670 2715 seu
696 2659 734 2715 ut
757 2643 814 2717 alii
841 2641 1074 2742 quaestionem
1093 2655 1293 2741 proponunt;

184 2760 359 2858 quaeritur
383 2786 463 2831 num
489 2758 642 2832 adulterii
674 2784 794 2830 nomen
819 2757 941 2831 debeat
968 2756 1055 2828 sumi
1094 2755 1296 2854 prommott‘cr

185 2876 228 2948 da
252 2877 488 2949 commixtione
517 2876 579 2947 viri
611 2874 781 2972 coniugati
810 2900 886 2946 cum
921 2871 1061 2944 muliere
1094 2872 1171 2945 sive
1201 2869 1295 2944 soluta

183 2990 256 3063 sive
272 2993 429 3088 coniugio
447 2992 623 3076 obstricta,
652 3018 694 3063 an
713 3016 793 3063 uero
814 2989 913 3062 etiam
935 2989 1036 3087 topice
1054 2987 1129 3062 sive
1151 2983 1292 3087 ampliori

184 3105 430 3202 significatione
455 3106 497 3179 do
522 3108 641 3207 quovis
667 3105 792 3179 oarnali
819 3105 967 3203 flagitio,
995 3103 1222 3177 fornicatione
1244 3126 1294 3175 scu

182 3219 346 3294 adulterio
372 3221 577 3321 quandoque
602 3222 721 3320 peiori.

257 3380 293 3444 (i)
309 3381 345 3430 nb
366 3381 434 3430 Alea.
448 3382 491 3429 iii.
508 3378 550 3429 iil).
564 3384 594 3429 V.
608 3382 702 3430 liceret.
716 3382 753 3430 tit.
767 3383 831 3431 xix.
848 3383 885 3430 Dc
904 3378 1026 3429 divortiis
1045 3391 1070 3428 c.
1088 3385 1112 3427 2.
1133 3376 1293 3434 Quaesioilc
1378 3408 1380 3425 .

182 3448 321 3511 metrae.
334 3467 357 3510 s.
372 3474 405 3510 aa
417 3462 521 3510 terrers.
533 3464 563 3510 ut
573 3462 603 3509 aa
614 3463 697 3511 rnnoa
713 3463 755 3510 ιιι.
770 3463 807 3513 ut.
822 3465 886 3511 xvi.
900 3464 937 3511 oe
948 3459 1093 3509 arnume
1103 3460 1129 3508 er
1141 3461 1235 3521 stupro
1243 3469 1263 3504 c.
1272 3459 1291 3501 r.

180 3539 384 3602 Intelleximus,
397 3541 421 3589 ot
433 3553 455 3590 c.
468 3544 490 3590 7.
507 3542 562 3589 Tuo
577 3538 756 3601 fraternitas,
771 3540 857 3602 inquo
870 3538 998 3603 posteriori
1020 3536 1131 3600 capitulo
1145 3537 1206 3585 inec
1220 3535 1289 3594 legun·
1377 3558 1380 3565 ·

182 3621 234 3668 tur:
249 3622 323 3669 «Tua
342 3619 481 3669 fraternitas
502 3618 643 3682 requisivit,
664 3621 746 3667 utrum
766 3618 850 3680 aliquo
871 3617 1001 3680 deneganti
1011 3615 1086 3665 uxori
1102 3627 1164 3664 suae
1184 3615 1211 3663 in
1230 3608 1288 3660 adul·
1376 3598 1379 3621 ¹

177 3698 240 3748 tcrio
263 3698 428 3762 deprehensae
446 3698 556 3748 debitum
580 3698 757 3761 coniugaic,si
777 3697 933 3761 postmodum
958 3697 1010 3760 ipae
1031 3709 1091 3745 cum
1111 3694 1164 3745 alia
1180 3689 1290 3757 perpetret

177 3777 327 3830 adulterium
348 3780 493 3842 manifesta,
509 3779 562 3842 cogi
582 3778 685 3840 debeat,
707 3781 734 3827 ut
754 3778 866 3828 eamdem
887 3777 993 3827 maritali
1008 3775 1145 3828 allectione
1159 3771 1288 3839 pertradd,

178 3868 321 3922 superque
349 3872 411 3923 resp.
427 3858 493 3920 quod
516 3871 572 3906 cum
595 3857 663 3919 paria
685 3856 788 3906 crimina
813 3856 1011 3918 compensatione
1032 3854 1179 3918 deleantur,
1201 3854 1239 3902 sir
1253 3849 1289 3897 ltu·
1376 3888 1379 3909 .

180 3934 284 3987 iuamedi
306 3938 474 3988 iomicatiouis
494 3936 594 3986 obtentu
616 3951 675 3986 suae
694 3937 779 3986 uxoris
801 3937 888 4000 nequit
904 3936 1057 3989 consortium
1077 3936 1239 3987 deornm

256 4016 291 4079 (t)
307 4019 435 4081 Quotquot
448 4030 535 4080 nempe
548 4017 738 4078 commentarios
750 4015 880 4066 ediderunt
892 4015 918 4066 in
930 4013 974 4065 lib.
989 4016 1032 4065 lv.
1046 4017 1167 4068 scaleni.
1180 4014 1245 4067 dict.
1257 4019 1290 4064 n.

180 4093 206 4145 et
220 4095 263 4156 qui
280 4094 392 4159 deinceps
408 4109 450 4147 eos
465 4098 522 4145 aunt
538 4094 623 4145 secuti.
