2796 5064
151 342 221 415 208
297 364 359 415 tn.
376 363 423 413 ιιι.
440 362 527 413 sacr.
544 362 676 414 ιιιιιιι.
693 365 733 414 nr
751 364 864 416 rrnrss.
880 364 977 417 ιιιιι.
996 363 1122 417 ouanr.

148 482 304 580 coniugio
329 480 457 579 legem,
485 496 522 553 ut
549 494 639 581 patet
663 507 703 555 ex
728 481 786 555 illa
810 482 990 557 antithesi:
1013 484 1151 557 Dictum
1173 497 1254 556 est...

145 599 218 698 Epo
242 613 351 671 ouum
375 596 459 669 dico.
941 590 946 599 ¹

219 713 267 787 Ac
292 712 437 812 proiecto
463 739 529 785 non
557 712 706 785 dedisset
725 713 833 810 legem
857 713 996 814 antiqua
1015 711 1260 813 praecellentis

148 854 230 915 rem,
248 854 323 900 cum
339 855 405 901 non
419 827 519 900 aliam
533 829 744 903 matrimonio
761 830 964 917 firmitatem,
978 855 1079 929 quam
1095 855 1187 929 quae
1204 830 1262 902 iam

147 944 181 1015 in
204 943 307 1016 reteri
331 941 403 1039 lege
427 941 577 1039 vigebat,
601 944 829 1016 constituisset
845 943 1031 1042 Siquidem
1049 943 1263 1041 quemadmo

146 1058 227 1131 dum
253 1059 287 1130 in
309 1057 412 1131 veteri
437 1057 531 1155 lege,
552 1059 761 1158 permittente
785 1060 875 1148 Deo,
897 1075 1026 1160 poterat
1043 1058 1171 1132 dimitti
1188 1085 1263 1133 uxor

146 1193 179 1250 et
196 1174 279 1250 solvi
303 1175 517 1273 coniugium,
543 1176 645 1249 sicin
663 1203 750 1250 nova
768 1194 883 1279 posset
898 1203 982 1251 uxor
1000 1176 1129 1276 pariter
1146 1176 1262 1248 dimitti

146 1307 179 1364 et
189 1290 382 1387 coniugium
397 1289 493 1363 solvi.
511 1291 578 1363 Nec
590 1290 722 1379 obstat,
739 1291 828 1390 quod
842 1291 997 1366 Christus
1011 1316 1153 1365 oausam
1167 1289 1262 1363 buius

145 1405 323 1478 solutionis
347 1405 390 1477 ad
416 1404 521 1479 solam
551 1406 804 1479 fornicationem
830 1407 1067 1495 coarctaverit;
1099 1433 1181 1480 nam
1205 1405 1262 1479 boo

146 1519 221 1619 ipso
246 1519 390 1593 deterior
414 1519 528 1618 aliquo
554 1520 653 1594 modo
672 1521 792 1594 luisset
808 1520 912 1595 buius
929 1521 1016 1619 legis
1034 1521 1201 1595 conditio.
1229 1521 1260 1591 ln

144 1633 217 1733 lege
233 1635 324 1708 enim
342 1634 490 1707 mosaica
508 1660 569 1734 per
584 1635 737 1708 libellum
754 1637 873 1734 repudi
892 1637 988 1711 uxori
1005 1635 1176 1710 dimissae
1190 1661 1260 1709 eon·

144 1749 327 1824 cedebatur
344 1748 484 1822 facultas
508 1748 603 1823 alteri
625 1751 793 1840 nubendi,
814 1752 957 1827 estsine
976 1750 1142 1825 infamiae
1165 1766 1255 1835 nota3

144 1866 265 1941 etenim
291 1866 392 1938 etiam
411 1866 487 1938 sine
503 1864 613 1964 ipsius
631 1865 732 1966 culpa
749 1867 792 1940 ob
810 1867 957 1967 aliquem
975 1855 1162 1967 pbysicum
1178 1864 1257 1938 dele

144 1998 234 2055 otum
256 1982 329 2054 sire
349 2007 465 2054 verum
487 1981 558 2056 sive
576 1997 743 2081 putatum,
763 1983 816 2056 vel
838 1983 939 2056 etiam
960 1982 1005 2056 ob
1022 1980 1139 2054 mariti
1157 1980 1258 2080 ipsius

143 2096 317 2195 ingenium
334 2112 367 2169 et
391 2083 668 2179 ἀντιπάθειαι,
685 2094 738 2167 vel
762 2093 877 2168 odium
902 2093 1073 2194 aliamque
1099 2094 1257 2169 eiusmodi

143 2236 279 2285 oausam
300 2226 428 2309 poterat
441 2210 560 2283 dimitti
580 2212 668 2307 (87).
690 2207 831 2295 Quodsi
850 2207 985 2281 infamis
1003 2207 1147 2298 luisset,
1167 2235 1207 2284 ac
1222 2210 1257 2282 dc

143 2325 308 2400 adulterio
322 2325 436 2399 eiusve
450 2325 645 2424 suspicione
655 2325 816 2411 convicta,
831 2322 935 2398 alium
944 2325 1105 2398 maritum
1115 2326 1256 2401 invenire

143 2439 354 2528 nullatenus,
372 2457 429 2513 aut
441 2441 495 2513 vix
514 2440 689 2538 potuisset.
707 2439 778 2511 llac
791 2438 833 2511 de
846 2465 969 2527 causa,
986 2465 1030 2511 ne
1042 2439 1172 2514 iniuria
1183 2464 1256 2513 uror

147 2557 322 2657 repudiata
339 2557 545 2642 alliceretur,
568 2556 603 2626 in
621 2555 734 2628 libello
747 2554 878 2653 repudii
893 2554 1032 2628 minime
1046 2555 1256 2629 recenseban-

144 2686 198 2744 tur
217 2669 347 2770 repudii
366 2696 506 2758 oausae,
528 2669 645 2743 saltem
663 2668 878 2765 singillatim,
900 2669 959 2742 sed
977 2695 1017 2742 eo
1035 2671 1211 2768 spectabat
1226 2670 1254 2740 li-

142 2786 253 2861 hellus
271 2786 421 2886 repudii,
446 2803 484 2858 ut
501 2785 641 2887 posthac
663 2783 888 2858 declararetur
906 2783 1050 2858 liberum
1071 2812 1153 2860 esse
1169 2783 1253 2859 uxori

141 2901 303 2975 dimissae
323 2903 523 3001 cuicumque
541 2900 677 2972 nubere.
706 2898 792 2970 llinc
818 2899 982 2998 losephus
1001 2897 1139 2975 Flavius
1158 2899 1252 2996 legen

141 3018 268 3118 ldoysis
286 3017 460 3090 declarans
483 3014 623 3090 scribit:
649 3045 665 3084 u
679 3013 743 3099 Oui
762 3040 782 3085 a
800 3013 962 3109 coniuge,
983 3039 1202 3113 quacumque
1216 3012 1251 3084 dc

140 3158 264 3220 causa,
292 3150 329 3205 ut
358 3158 460 3230 saepe
485 3129 680 3204 hominibus
706 3128 885 3215 usuvenit,
913 3127 1064 3225 disiungi
1093 3127 1249 3227 postulat,

141 3248 266 3346 scripto
283 3248 313 3320 ei
337 3247 548 3320 securitatem
567 3245 685 3329 iaciat,
707 3243 797 3342 quod
816 3269 889 3315 eam
916 3241 999 3316 nolit
1024 3243 1187 3342 amplius.
1207 3242 1252 3313 Sic

140 3361 230 3436 enim
257 3363 386 3434 babebit
405 3377 597 3459 potestatem
621 3361 758 3432 alterius
784 3359 929 3455 coniugis
951 3358 1134 3456 quaerendi
1139 3386 1152 3445 ‚·
1179 3356 1251 3432 alio

139 3479 223 3578 quin
241 3478 420 3551 divortium
439 3503 504 3549 non
519 3475 719 3575 permittitur
736 3477 848 3569 (88).n
869 3473 992 3547 Contra
1008 3500 1090 3548 vero
1108 3474 1146 3547 in
1162 3499 1252 3548 etan·

140 3592 247 3691 gelica
269 3592 362 3690 lege,
384 3594 419 3665 in
445 3592 711 3666 adversariorum
735 3589 932 3689 hypothesi,
954 3615 1143 3689 numquam
1163 3614 1251 3688 rapu

217 3844 266 3905 (m)
283 3845 371 3909 Reipsa
385 3845 530 3908 paniosate
552 3842 706 3894 ostendimus
727 3842 795 3892 nrrllo
814 3840 888 3891 rnodo
909 3837 1189 3904 pertemescatis,
1214 3845 1249 3887 tto

139 3921 293 3976 foeditatem
315 3923 436 3986 designari
464 3936 534 3987 posse
557 3921 720 3984 adulterium,
743 3921 828 3971 eiusre
850 3919 1029 3983 suspioIonem3
1053 3917 1114 3982 quta
1133 3918 1181 3967 boe
1198 3911 1250 3965 teet

137 4004 222 4052 contra
239 4003 316 4064 legem
336 4003 493 4052 consiltutarn
514 4002 545 4052 de
563 4001 699 4064 adulterio,
720 4002 763 4051 aut
782 3999 814 4050 de
831 3998 945 4050 adulterii
965 3998 1115 4062 suspicione.
1138 3990 1249 4054 onuert

138 4095 187 4132 non
205 4082 309 4133 obscure
327 4082 453 4146 colligitur
471 4096 501 4132 er
515 4084 585 4131 Dent
600 4084 687 4130 xxtv.
704 4087 727 4130 t.
740 4083 803 4130 etex
814 4079 921 4131 Matacb.
933 4080 965 4128 rt
980 4085 1002 4129 ι.
1021 4075 1161 4128 sufficiebat
1177 4072 1207 4125 ad
1218 4083 1247 4122 re

138 4159 242 4224 podium
261 4162 344 4212 mariti
364 4161 455 4211 odium.
479 4160 517 4211 ct.
537 4160 664 4209 salmeron
691 4161 833 4210 comment.
852 4161 880 4209 tn
901 4157 964 4209 bist.
987 4150 1245 4222 competissent·

137 4240 207 4290 tract.
224 4243 332 4290 xxxix.
345 4239 385 4290 ed.
401 4240 487 4290 Colon.
502 4241 585 4303 Agrip.
598 4252 653 4302 pag.
667 4245 721 4290 tit.
733 4251 802 4303 seqq.

217 4320 268 4382 (ts)
285 4322 413 4385 antiquit.
427 4320 471 4370 tib.
490 4321 531 4369 lv.
548 4332 571 4369 c.
585 4325 608 4368 a.
621 4331 647 4367 n.
661 4324 699 4368 ²³.
