2796 5064
143 335 213 408 352
299 356 361 408 us.
372 354 421 407 111.
438 353 525 406 sucr.
542 353 673 406 aarum.
691 354 731 406 ns
748 354 862 407 mnrss.
879 356 975 409 usrn.
991 355 1116 410 cuursr.

139 473 232 548 ditur
251 471 417 548 viroviro
434 498 455 545 a
473 497 541 571 quo
558 471 718 559 recessit,
738 497 848 573 neque
875 472 956 547 hnic
979 473 1120 548 alteram
1144 475 1265 550 ducere

139 590 218 664 viva
230 615 333 664 uxore
345 613 448 688 quam
464 587 615 675 dimisit,
636 585 741 662 multo
754 588 866 662 minus
885 588 936 662 fas
952 603 1025 676 est,
1047 589 1168 664 illicita
1187 617 1261 663 eum

140 730 218 779 enm
243 702 452 804 quibuslibet
471 718 589 802 stupra
615 702 825 776 committere
846 704 991 799 (200).»
1014 704 1065 777 lix
1088 703 1147 778 his
1164 703 1262 778 habe·

140 846 217 895 mus
242 835 312 894 tum
336 819 447 919 ipsius
472 818 581 894 Bedae
605 817 836 906 seutentiam,-·
853 834 923 891 tum
948 818 1259 920 interpretationem

141 948 290 1009 textuum
307 931 463 1008 Matthaei
480 947 514 1006 et
529 930 680 1032 Apostoli
705 932 749 1005 de
769 932 916 1031 perfecta
932 932 1256 1020 indissolubilitate,

142 1073 210 1124 non
235 1048 390 1124 obstante
414 1047 568 1146 coniugis
595 1047 787 1122 alterutrius
812 1047 1045 1123 fornicatiouis
1071 1049 1215 1148 flagitio.

215 1165 301 1238 lluic
319 1162 529 1238 adnectimus
548 1162 640 1263 quod
665 1188 687 1237 a
708 1162 853 1238 concilio
878 1162 1132 1239 herefordiensi
1152 1165 1189 1237 in
1205 1165 1260 1237 ln·

144 1280 213 1379 glis
229 1280 295 1354 sub
312 1277 487 1353 Theodoro
499 1277 757 1378 archiepiscopo
773 1279 1000 1353 cantuariensi
1021 1304 1081 1353 an.
1096 1281 1169 1353 673
1187 1280 1261 1354 cele·

142 1395 237 1470 brato
253 1421 329 1496 cap.
348 1394 390 1466 X.
410 1392 630 1469 coustitutum
646 1408 719 1482 est,
743 1408 846 1494 atque
862 1419 883 1468 a
898 1393 989 1468 Beda
1006 1393 1086 1494 ipso
1103 1395 1254 1469 refertur:

146 1510 301 1586 «Nullus
323 1510 500 1609 coniugem
521 1507 712 1611 propriam,
735 1508 802 1584 nisi
820 1526 859 1583 ut
878 1524 1033 1584 sanctum
1053 1509 1258 1608 evangelium

144 1625 260 1713 docet,
289 1624 520 1701 fornicationis
549 1649 655 1699 causa
684 1622 862 1725 relinquat.
896 1623 994 1711 Quod
1023 1624 1055 1698 si
1084 1626 1258 1726 quisquan

144 1740 315 1843 propriam
332 1739 499 1840 expulerit
516 1739 693 1837 coniugem
707 1739 857 1836 legitimo
873 1738 941 1813 sibi
957 1739 1179 1815 matrimonio
1197 1766 1261 1815 oon-

145 1859 294 1933 iunctam
310 1914 319 1945 ,
338 1858 371 1930 si
387 1856 586 1930 christianus
611 1880 677 1928 cese
700 1869 784 1928 recte
807 1854 969 1939 voluerit,
992 1853 1080 1927 nulli
1098 1854 1198 1930 alteri
1213 1880 1259 1930 cc-

145 1973 298 2074 pnletur:
324 1970 385 2047 sed
409 1971 457 2044 ita
477 1986 672 2072 permaneat
688 1984 745 2045 aut
765 1970 921 2070 propriae
937 1969 1177 2045 reconcilietur
1192 1996 1259 2046 con-

145 2089 216 2186 iugi
244 2088 394 2182 (holle
422 2085 497 2173 Quo
522 2085 690 2159 indicatur
714 2110 781 2159 non
807 2083 851 2159 de
876 2111 912 2158 re
936 2111 1028 2159 mere
1054 2085 1259 2186 disciplinari

146 2203 212 2278 hoc
229 2203 263 2274 in
277 2227 406 2276 cauom
423 2201 497 2298 agi,
514 2199 576 2274 sed
588 2201 631 2275 de
651 2227 691 2275 eo
705 2199 796 2300 quod
812 2226 853 2274 ex
871 2199 1043 2298 religionis
1063 2201 1261 2277 christianae

146 2317 357 2418 professione
379 2315 562 2390 tenendum
586 2317 722 2391 omnino
749 2316 985 2417 agendumque
1010 2316 1069 2389 sit.

226 2429 411 2506 Concilium
439 2431 518 2505 item
545 2430 731 2530 parisiense
754 2430 809 2502 lll.
837 2428 930 2530 quod
955 2455 995 2503 ex
1020 2447 1172 2530 quatuor
1196 2454 1261 2531 pro

145 2547 270 2623 vinciis
288 2547 455 2635 remensi,
484 2547 686 2634 senonensi,
710 2544 862 2619 turonica
885 2571 924 2618 ac
949 2547 1180 2644 rotomagensi
1205 2545 1261 2620 ool·

147 2664 270 2738 lectum
291 2679 343 2736 est
364 2689 421 2736 an.
443 2663 525 2734 829.
543 2720 550 2749 ‚
571 2661 663 2761 quod
683 2660 825 2760 proinde
846 2660 944 2734 nobis
967 2659 1108 2735 exhibet
1127 2678 1261 2762 quatuor

148 2779 276 2853 Galliae
300 2778 547 2879 provinciarum
567 2776 754 2850 doctrinam
772 2775 832 2848 lib.
853 2776 913 2847 lll.
934 2800 1010 2876 cap.
1028 2776 1073 2849 ll.
1091 2778 1140 2851 ita
1162 2778 1261 2877 loqui·

148 2910 225 2968 tur:
249 2894 377 2980 «Quod
396 2893 453 2980 hi,
477 2892 537 2992 qni
557 2917 661 2965 causa
686 2890 915 2965 fornicationis
932 2890 1091 2966 dimissis
1109 2891 1259 2966 uxoribus

148 3009 241 3097 suis,
267 3009 353 3083 alias
373 3007 521 3093 ducunt,
550 3006 684 3081 Domini
711 3006 876 3081 sententia
895 2997 1039 3082 adulteri
1061 3032 1142 3082 esse
1160 3023 1259 3081 noten-

149 3139 204 3197 tur
232 3124 383 3218 (208).»

220 3237 276 3310 Sic
289 3237 520 3335 paritsrconc.
543 3253 926 3313 namnetensecoactum
939 3261 995 3310 an.
1012 3238 1098 3310 895.
1119 3235 1258 3334 singula·

150 3376 220 3424 rem
236 3375 400 3425 canonem
413 3350 504 3426 hunc
519 3353 593 3426 llll.
614 3353 744 3427 edidit:
767 3383 785 3423 «
801 3354 836 3425 Si
850 3353 947 3427 cuius
963 3377 1047 3426 uxor
1067 3352 1257 3427 adulterium

150 3467 373 3567 perpetravit,
405 3485 439 3541 et
462 3468 569 3542 hoca
597 3470 669 3543 viro
700 3468 949 3569 deprehensum
975 3468 1077 3542 fuerit
1099 3485 1133 3542 et
1161 3465 1258 3566 publi·

150 3597 279 3669 catum,
308 3581 454 3658 dimittat
481 3610 638 3673 uxorem,
667 3585 698 3658 si
723 3585 886 3672 voluerit,
919 3599 1053 3684 propter
1084 3582 1258 3657 fornicatio

151 3723 247 3771 nem:
276 3697 335 3771 illa
359 3725 438 3772 vero
459 3715 587 3800 septem
612 3700 711 3774 annis
738 3698 872 3798 publice
894 3699 1074 3799 poeniteat,
1105 3698 1163 3770 Vir
1192 3716 1258 3770 vero

151 3813 226 3888 eius
247 3811 305 3888 illa
321 3814 454 3888 vivente
468 3815 659 3890 nullatenus
672 3814 773 3888 aliam
791 3816 947 3914 accipiat.
971 3813 1070 3900 Quod
1088 3814 1118 3888 si
1130 3808 1258 3887 voluerit

226 4070 292 4133 (000)
307 4073 371 4134 Opp.
383 4069 424 4121 od.
439 4072 547 4123 Basileus
563 4073 624 4122 tom.
639 4074 682 4122 vl.
698 4072 746 4122 col.
759 4076 814 4123 418.

152 4228 190 4278 ω,
214 4151 293 4281 1(20307)
308 4153 379 4202 sat.
400 4151 544 4204 sectatu-tt.
565 4153 650 4215 centis
669 4151 777 4215 Auctor.
797 4151 840 4202 lib.
857 4153 899 4202 lv.
914 4164 968 4215 esp.
984 4154 1015 4200 V.
1028 4152 1072 4202 cit.
1089 4150 1129 4203 sd.
1148 4151 1205 4201 lem.
1220 4144 1254 4196 ln.

227 4308 294 4372 (000)
310 4311 380 4375 Apud
397 4311 517 4363 flarduin.
533 4314 598 4363 Acta
612 4312 705 4363 conmt.
719 4314 779 4362 torn⁸
796 4311 898 4362 1V.col.
916 4318 983 4365 0000.
