2796 5064
224 349 298 418 152⁰.
370 367 430 418 tu.
452 365 501 417 ru.
523 363 609 418 saer.
631 365 762 414 aurens.
784 362 1217 416 numerumnunerum.
1331 395 1334 402 -

230 520 266 555 .··
298 488 464 561 Romanos
486 500 597 558 autem
621 484 799 558 Pontifices
814 483 1021 583 antiquiores
1040 483 1277 570 existimasse,
1295 485 1339 558 uti

226 601 376 675 subdunt
402 600 438 671 hi
465 597 630 696 theologi,
655 624 692 671 se
716 599 775 671 tali
797 613 960 697 potestate
983 624 1050 672 non
1073 597 1223 698 pollere,
1244 599 1345 701 exple

224 733 334 791 ratum
359 739 425 788 non
451 730 523 799 est,
557 738 619 786 nec
644 712 779 814 probari
803 738 905 812 posse
929 713 1075 786 ridetur.
1100 713 1147 784 Ηί
1172 714 1345 788 Pontifices

226 831 447 932 perhibentur
482 828 640 903 Nicolaus
667 828 694 899 1.
732 827 919 902 Alexander
944 828 1004 900 lll.
1038 828 1262 902 Innocentius
1285 828 1341 902 lll.

225 945 349 1046 quibus
372 944 512 1018 addunt
523 970 564 1017 ex
589 941 825 1017 nonnullorum
843 944 1042 1018 auctoritate
1059 942 1277 1018 Hadrianum
1293 944 1343 1017 vl.

225 1059 345 1133 Verum
372 1084 545 1158 perperam
572 1058 635 1131 hos
654 1058 834 1132 Pontifices
850 1054 954 1132 veluti
973 1058 1183 1133 eontrarium
1204 1059 1345 1133 sentien-

224 1190 275 1248 tes
300 1173 440 1273 prolerri
465 1184 507 1248 ex
524 1173 799 1248 documentorum
818 1171 950 1274 analpsi
968 1172 1067 1249 facile
1083 1189 1141 1249 est
1156 1174 1339 1249 ostendere.

229 1317 233 1327 ·
308 1289 356 1363 lle
382 1289 490 1388 primo
515 1287 643 1363 Nicolai
669 1289 818 1362 omnium
843 1288 1066 1363 vetustissimi
1094 1289 1264 1389 allegatur
1284 1292 1346 1392 epi·

225 1403 310 1480 stola
335 1404 379 1479 ad
404 1403 559 1478 Gerulum
585 1405 781 1505 episcopum
801 1405 1036 1502 moguntinum
1054 1405 1091 1478 in
1112 1432 1185 1506 que
1204 1406 1342 1504 legitur:

228 1519 304 1593 «Hi
329 1520 388 1620 qui
414 1520 663 1593 matrimonium
688 1519 764 1594 sani
789 1520 1033 1607 contraxerint,
1061 1537 1098 1594 et
1122 1522 1185 1595 uni
1204 1548 1246 1597 ex
1265 1522 1344 1596 dno·

226 1634 292 1708 bus
306 1635 472 1722 amentia,
492 1651 550 1707 aut
567 1633 677 1722 furor,
694 1633 880 1736 natalique
893 1634 1073 1708 infirmitas
1090 1637 1292 1725 accesserit,
1304 1637 1344 1711 ob

229 1749 318 1824 hano
344 1748 572 1823 infirmitatem
591 1750 748 1847 coniugia
761 1748 878 1823 talium
891 1748 976 1824 solvi
997 1776 1064 1827 non
1080 1768 1244 1850 possunt.
1258 1752 1345 1826 Simi

227 1863 305 1938 liter
317 1865 530 1939 sentiendum
545 1864 588 1939 de
600 1864 673 1952 bis,
689 1866 749 1966 qui
764 1865 807 1940 ab
817 1864 1020 1941 adversariis
1035 1884 1280 1956 excaecantur,
1296 1883 1346 1941 aut

225 1980 386 2055 membris
400 1997 618 2069 truncantur,
639 1998 730 2054 aute
747 1981 903 2055 barbaris
919 1981 1044 2055 exsecti
1059 1981 1188 2058 luerint
1205 1986 1341 2080 (lille

223 2097 273 2168 Ex
295 2096 421 2197 quibus
441 2098 594 2171 inserunt
611 2099 749 2172 Pontius
765 2115 800 2172 et
815 2097 981 2186 Collatus,
1001 2101 1220 2198 menifestum
1235 2116 1282 2175 est
1296 2127 1345 2174 su-

223 2210 476 2309 pervenientem
505 2213 732 2312 impotentiam
759 2232 826 2287 non
846 2213 954 2288 videri
977 2212 1114 2289 Nicolao
1130 2216 1158 2288 1.
1183 2217 1345 2292 sufficien-

222 2340 290 2399 tem
316 2350 455 2400 oausam
472 2325 681 2401 dissolvendi
700 2329 970 2418 matrimonium,
991 2330 1051 2430 qui
1070 2330 1275 2407 indistincte
1290 2349 1346 2407 sta·

222 2439 287 2518 tuit
305 2439 557 2514 matrimonium
576 2441 680 2515 semel
698 2459 903 2517 contractum
930 2469 972 2516 ne
997 2444 1137 2542 quidem
1163 2446 1211 2519 ob
1230 2447 1345 2544 gravis

221 2554 326 2629 simas
345 2556 529 2644 amentiae,
559 2557 708 2644 suroris,
732 2558 919 2630 detruncati
938 2558 1102 2654 membri,
1127 2576 1235 2661 atque
1255 2563 1345 2636 etiam

221 2671 424 2744 exsectionis
449 2699 572 2746 causas
598 2672 710 2743 dirimi
738 2698 851 2770 posse.

292 2787 353 2860 Ast
378 2813 456 2859 vero
481 2788 515 2858 in
543 2804 611 2860 toto
637 2787 765 2860 Nicolai
787 2805 877 2861 textu
906 2817 948 2863 ne
972 2790 1113 2863 verbum
1135 2793 1276 2891 quidem
1293 2819 1343 2866 oe

218 2902 324 2976 currit
336 2927 403 3000 quo
423 2902 612 2975 insinuetur
630 2904 742 3001 ipsum
761 2902 907 2976 locutum
927 2905 969 2976 de
986 2907 1208 2982 matrimonio
1223 2926 1343 2982 tantum

218 3034 290 3090 rato
320 3017 438 3091 luisse.
469 3019 557 3104 Quin
588 3018 699 3118 potius
719 3019 831 3091 omnia
853 3019 996 3092 suadent
1015 3047 1093 3092 eum
1115 3022 1161 3095 de
1181 3025 1343 3098 matrimo

218 3132 274 3205 nio
298 3150 531 3208 consummato
550 3134 774 3220 disseruisse,
803 3162 908 3233 quum
930 3136 1069 3209 difficile
1089 3139 1138 3210 sit
1155 3166 1343 3242 supponere

217 3246 275 3318 illa
301 3275 389 3346 quae
415 3267 654 3324 enumerantur
674 3251 865 3346 contingere
884 3250 977 3324 brevi
1011 3251 1222 3341 intervallo,
1256 3257 1340 3355 quod

215 3360 303 3433 inter
327 3361 585 3438 celebrationem
612 3365 834 3452 matrimonii,
856 3367 999 3466 eiusque
1015 3373 1340 3445 consummationem

214 3473 351 3548 ellluere
365 3476 460 3549 solet.
483 3479 657 3553 Praeterea
670 3494 808 3552 sanetus
823 3480 973 3553 Pontifex
987 3480 1021 3551 in
1035 3481 1184 3579 allegata
1203 3485 1341 3585 epistola

213 3615 280 3663 non
303 3591 372 3688 agit
389 3591 431 3665 de
450 3590 703 3692 dispensatione
728 3621 817 3694 quae
833 3594 876 3667 ab
900 3594 959 3669 illo
980 3596 1081 3669 suerit
1100 3600 1210 3696 petita
1228 3627 1269 3674 ac
1285 3600 1340 3673 de-

212 3721 348 3803 negata,
371 3707 430 3782 sed
457 3707 500 3780 de
522 3733 685 3806 responso
711 3709 889 3784 doctrinali
908 3711 1101 3809 quaestioni
1129 3711 1200 3787 sibi
1225 3740 1339 3814 propo

209 3919 342 3970 edbameat
355 3922 446 3986 placito
460 3923 484 3972 in
497 3921 609 3973 doctrina
619 3924 706 3974 morali
719 3925 750 3973 ad
763 3924 1016 3989 probabiliorislurom
1032 3928 1138 3979 clamem
1150 3930 1287 3994 pertinere,
1297 3931 1336 3996 qui

210 3997 481 4063 dlrisprobabilismum
503 4002 632 4052 devorent.
645 4002 676 4052 Hi
695 4006 775 4054 tamen
796 4005 842 4067 ipat
858 4019 907 4054 non
924 4007 1040 4057 verentur
1057 4006 1185 4059 affirmare
1207 4023 1270 4060 rom.
1285 4014 1337 4061 Pon

209 4076 287 4129 troes
296 4079 320 4128 ln
333 4094 359 4131 re
371 4082 433 4132 tanti
446 4083 565 4134 momenti*
574 4085 689 4148 cptntont
705 4083 840 4147 probabtlt
851 4085 950 4137 innixos
962 4087 1122 4138 matrimonia
1132 4093 1186 4140 rata
1198 4091 1335 4142 dimetitur

209 4160 283 4221 atque
302 4174 375 4224 porro
396 4160 540 4212 dissolvere.

281 4242 347 4301 (tte)
360 4242 430 4305 Apud
442 4243 587 4295 Gratianum
598 4245 622 4293 tn
636 4246 744 4294 Decreta
756 4246 786 4294 u.
798 4259 851 4308 par.
864 4260 937 4298 causa
948 4250 1046 4298 xxxtt.
1058 4252 1158 4311 quaem.
1172 4253 1228 4303 vlt.
1236 4265 1289 4316 cap.
1299 4258 1333 4301 ta

208 4320 235 4369 st
252 4322 315 4383 qutr
336 4323 544 4373 mutrtmontum.
