2796 5064
222 382 507 437 cantuncssusu
522 385 1042 437 ramoraunorssnrnrar.r.
1126 365 1193 437 301

152 503 198 577 Et
228 505 347 577 iterum
366 503 534 576 lih.l.De
556 503 719 576 Abrohom
744 503 843 577 c.lV.
868 504 1019 576 «Sedet
1038 529 1099 579 vos
1125 531 1197 578 mo-

111 645 155 706 so,
184 619 265 707 riri,
292 619 436 693 maxime
461 619 521 718 qui
543 619 586 692 ad
616 620 755 717 gratiam
781 619 914 694 Domini
941 619 1102 707 tenditis,
1131 646 1197 695 non

111 734 293 809 immisceri
320 733 507 809 adulterino
538 734 670 833 corpori
705 734 780 834 (qui
807 735 896 808 enim
928 761 965 808 se
995 734 1103 832 iungit
1129 763 1199 809 me·

111 849 194 923 ttici
220 875 325 922 unum
347 873 469 948 corpus
494 851 587 944 est),
608 874 670 922 nec
698 848 778 921 dare
812 849 899 922 hanc
921 849 1136 924 occasionem
1150 850 1200 922 di-

111 961 179 1041 rrtii
210 960 421 1036 mulieribus.
443 963 547 1036 Nemo
565 961 631 1035 sihi
656 961 850 1036 blandiatur
870 962 913 1035 de
939 962 1072 1060 legibus
1094 963 1200 1038 homi·

111 1104 174 1151 rm.
196 1075 309 1152 Omne
332 1093 484 1178 stuprum
505 1077 705 1151 adulterium
726 1092 795 1165 est,
817 1078 967 1153 necuim
987 1079 1087 1167 licet,
1107 1079 1198 1179 quod

111 1193 213 1266 ulieri
242 1192 418 1266 nonlicet.
445 1192 571 1266 Eadem
599 1219 620 1266 a
644 1193 738 1278 viro,
760 1219 848 1293 quac
870 1193 913 1266 ab
934 1219 1037 1268 uxore
1060 1194 1199 1268 debetur

111 1306 293 1380 stimonia.
313 1304 485 1404 Quidquid
500 1307 535 1378 in
551 1332 645 1394 eam,
666 1331 755 1405 quae
772 1331 838 1380 non
857 1307 901 1380 sit
926 1305 1073 1403 legitima
1098 1333 1194 1398 uxor,

111 1422 298 1495 inmissum
317 1420 429 1507 luerit,
446 1420 605 1496 adulterii
622 1421 802 1495 damnatur
818 1421 957 1495 crimine
973 1423 1112 1517 (114).»
1124 1421 1199 1495 Alia

111 1537 214 1623 uitto,
236 1561 325 1635 quae
347 1538 382 1609 in
399 1537 554 1610 eumdem
582 1563 719 1611 sensum
747 1536 870 1610 ibidem
896 1536 1013 1611 scribit
1033 1562 1107 1635 cap.
1124 1537 1193 1609 vll.

111 1652 134 1725 ri
159 1677 325 1750 expresse
350 1651 478 1750 inquit:
502 1651 626 1724 «Nulli
657 1651 735 1725 licet
763 1652 851 1725 scire
871 1650 1047 1725 mulierem
1069 1668 1199 1752 praeter

111 1793 230 1841 rorem.
266 1767 413 1867 Ideoque
436 1767 583 1865 coniugii
611 1766 671 1841 tihi
699 1768 814 1840 datum
840 1781 893 1839 cst
917 1768 989 1855 ius,
1017 1793 1059 1842 nc
1088 1767 1124 1838 in
1148 1765 1197 1840 la·

111 1908 204 1956 raum
225 1881 373 1969 incidas,
394 1897 428 1957 et
452 1908 528 1955 cum
555 1881 666 1956 aliena
691 1881 831 1954 muliere
849 1880 1040 1981 delinquas.
1060 1881 1197 1954 Vinctus

111 2024 116 2069 ι
138 1998 262 2084 uxori,
292 1996 358 2071 noli
388 2023 549 2097 quaerere
573 1997 795 2083 solutioncm;
821 1997 987 2097 quianon
1009 1997 1087 2072 licet
1111 1996 1193 2085 tibi,

111 2138 184 2188 mre
210 2113 363 2201 vivente,
390 2137 528 2187 uxorem
549 2113 684 2188 ducere.
713 2114 797 2187 Nam
823 2129 855 2185 et
879 2112 979 2186 aliam
1010 2139 1193 2213 quaerere,

111 2253 153 2301 tm
173 2227 304 2301 habeas
321 2243 431 2315 tuam,
448 2229 575 2303 crimen
595 2244 646 2302 est
674 2228 842 2317 adulterii,
859 2228 922 2303 hoc
941 2229 1090 2326 gravius,
1106 2231 1196 2328 quod

111 2357 181 2415 stas
207 2359 343 2441 peccato
368 2358 424 2415 tuo
449 2341 679 2416 auctoritatem
699 2342 772 2439 lege
796 2342 1035 2441 quaerendam.
1064 2343 1197 2418 Tolera·

113 2454 180 2530 lior
200 2471 274 2542 eat,
302 2456 332 2529 ai
359 2454 459 2529 lateat
484 2454 605 2555 culpa,
626 2456 776 2555 quamsi
795 2455 916 2554 culpae
942 2474 1123 2556 usurpetur
1141 2484 1197 2530 au·

111 2569 230 2644 oritas.
259 2569 328 2642 Nec
352 2569 416 2643 hoc
435 2568 544 2643 solum
562 2583 614 2642 est
640 2569 858 2656 adulterium,
884 2595 961 2642 cum
984 2568 1096 2643 aliena
1118 2596 1196 2669 pec·

111 2710 155 2758 tre
180 2683 344 2780 coniuge,
367 2683 428 2758 sed
445 2710 544 2759 omne
569 2684 659 2783 quod
686 2710 752 2759 non
779 2684 881 2758 hahet
906 2699 1101 2784 potestatem
1120 2711 1197 2759 con·

111 2798 165 2896 pii
193 2800 333 2894 (115).»
1112 2870 1114 2874 ⁴

150 2913 245 2988 llaec
268 2914 403 3015 quidem
434 2941 463 2989 s.
496 2915 711 3004 Ambrosius,
741 2915 831 2989 unde
860 2914 1023 2990 discimus
1050 2917 1085 2986 1.
1109 2913 1195 2986 llum

111 3029 172 3130 qui
198 3028 331 3103 nonde
357 3028 429 3103 sola
453 3029 651 3104 dimissione
673 3030 786 3130 quoad
809 3046 938 3115 torum,
962 3027 1194 3102 verumetiam

111 3145 303 3219 rsolutione
315 3144 428 3243 quoad
440 3145 621 3232 vinculum,
636 3171 738 3246 quam
752 3145 888 3244 quidem
903 3145 1041 3217 damnat
1053 3170 1092 3216 eo
1105 3143 1196 3242 quod

111 3258 358 3333 lrerseturlleo
371 3260 499 3333 auctori
518 3261 665 3358 coniugii
682 3262 715 3332 2.
735 3261 875 3360 insuper
888 3286 928 3332 en
942 3258 1067 3333 Christi
1085 3257 1196 3332 verbis

111 3374 203 3449 ‚ferra
219 3400 297 3446 eum
315 3375 374 3473 qui
398 3375 450 3448 sic
476 3375 647 3475 propriam
665 3402 802 3462 uxorem
819 3375 974 3462 dimittit,
999 3400 1092 3448 reum
1120 3399 1196 3446 esse

111 3490 231 3564 iminis
258 3488 414 3563 adulterii
441 3491 555 3565 uxoris
580 3490 767 3579 dimissae,
790 3492 818 3564 si
843 3491 926 3564 haec
943 3515 1048 3565 nosos
1066 3504 1195 3563 contra-

111 3622 141 3680 ιι
165 3594 323 3704 nuptias,
346 3608 381 3677 3.
403 3605 493 3702 leges
512 3606 631 3679 civiles
650 3632 737 3705 quae
753 3606 835 3680 viris
861 3605 1039 3679 divortium
1062 3605 1197 3704 permit-

111 3735 154 3794 mt
170 3745 341 3820 opponere
365 3718 431 3817 legi
459 3718 607 3806 divinae,
624 3745 713 3819 quae
737 3718 819 3791 illud
844 3718 1015 3818 prohibet,
1032 3716 1134 3815 idque
1160 3718 1195 3788 in

111 3861 225 3936 raquo
243 3834 423 3934 hypothesi
442 3833 515 3908 sive
539 3835 683 3907 dimissa
708 3861 791 3907 uxor
816 3834 931 3921 nubat,
952 3835 1024 3906 sive
1048 3857 1114 3906 non
1134 3859 1196 3904 nu·

111 3969 137 4026 rt
160 3950 277 4036 alteri;
309 3952 341 4020 l.
368 3950 496 4024 solvere
529 3949 763 4024 difficultatem
788 3975 828 4021 en
858 3947 1078 4048 permissione
1103 3947 1196 4046 Μογ-

111 4094 129 4141 s
155 4065 261 4167 petita
286 4064 390 4138 dandi
415 4063 566 4138 libellum
593 4063 737 4164 repudii,
758 4089 859 4164 quam
877 4061 1035 4138 abolitam
1062 4061 1095 4133 in
1122 4059 1195 4156 lege

151 4250 220 4313 (rra)
239 4250 302 4302 ibid.
319 4252 368 4302 cot.
391 4257 532 4303 nonnus.

152 4333 221 4396 (ris)
235 4331 297 4381 mio.
307 4331 355 4382 cot.
367 4338 420 4383 sor.
432 4337 523 4383 sousa.
536 4338 576 4383 ss.
