2796 5064
149 361 218 432 tos
300 381 361 434 ιιι.
378 379 426 432 ιιι.
444 379 530 431 secr.
548 379 679 431 stram.
696 379 736 430 or
749 378 861 431 mntss.
877 379 973 431 arra.
990 377 1117 432 camsr.

150 499 317 574 dimiserit
340 525 476 572 uxorem
501 525 618 584 suam,
638 511 774 597 acepta
791 498 1018 597 fornicationis
1044 521 1164 583 musa,
1192 497 1272 573 lacit

150 643 224 691 eam
249 614 472 701 moechari3n
500 630 534 687 et
555 614 642 685 XIX.
675 613 916 713 «Quicumque
939 612 1109 688 dimiserit
1132 639 1269 688 uxorem

149 756 264 817 suam,
285 732 354 802 nisi
368 729 407 802 oh
424 729 683 828 fornicationem,
704 743 738 802 et
750 727 851 802 aliam
863 727 1015 815 duxerit,
1032 726 1265 803 moechatur.»

149 846 192 920 ht
215 846 405 944 dogmatica
430 845 548 920 horum
575 860 724 919 textuum
748 843 979 943 interpretatio
1003 842 1089 918 haec
1114 859 1184 932 ast,
1211 871 1270 945 per

148 962 403 1037 lomicstionem
424 988 485 1036 seu
505 987 567 1061 per
587 960 810 1047 adulterium,
838 959 1019 1034 divortium
1036 952 1180 1060 quidem
1198 960 1268 1034 lieri

149 1103 251 1176 posse
273 1077 386 1177 quoad
408 1092 516 1150 torum
539 1092 572 1149 et
593 1074 852 1160 habitationem,
877 1073 938 1148 sed
958 1073 1131 1148 mnodum
1154 1073 1267 1174 ipsum

148 1189 339 1265 nullatenus
352 1190 512 1278 dissolvi;
528 1216 589 1265 seu
602 1189 726 1263 dimitti
740 1215 842 1289 posse
854 1214 992 1264 uxorem
1009 1189 1057 1264 ita
1072 1189 1185 1265 atlas
1203 1215 1268 1264 non

147 1305 193 1380 sit
213 1305 315 1379 aliam
340 1306 484 1393 ducere,
511 1304 665 1378 adultera
685 1304 830 1378 vivente.

218 1421 253 1492 Si
272 1420 445 1495 liberiores
463 1421 630 1520 quosdam
648 1419 804 1506 criticos,
826 1417 1133 1494 etiam-catholicos
1150 1419 1269 1495 audia-

145 1562 240 1624 mus,
269 1536 452 1611 difficultas
474 1563 576 1638 quam
596 1535 760 1611 ecclesiae
777 1535 946 1610 doctrinae
963 1533 1136 1609 lacessere
1151 1535 1266 1610 riden-

145 1667 199 1727 tur
222 1679 264 1726 ea
282 1652 386 1728 verha
409 1668 544 1752 acepta
564 1652 790 1751 fornicationis
808 1677 929 1738 caasa,
954 1666 989 1725 et
1013 1651 1082 1723 orsi
1107 1649 1148 1723 ob
1166 1652 1267 1750 forni-

145 1770 303 1842 cationem
321 1767 513 1842 obtruncari
531 1784 668 1866 posset,
689 1781 810 1865 negata
826 1766 878 1840 vel
897 1766 932 1838 in
951 1764 1093 1839 dubium
1113 1782 1266 1841 revocata

142 1908 257 1957 eorum
274 1882 450 1958 verborum
467 1882 652 1956 authentia.
687 1883 737 1955 lla
757 1882 856 1956 etiarn
875 1896 912 1955 ut
931 1908 993 1981 par
1017 1895 1071 1956 est
1088 1881 1261 1968 admissa,

143 1997 283 2098 quidam
304 1998 459 2073 catholici
484 1998 682 2098 interpretes
709 1998 789 2071 dum
811 1997 975 2072 ecclesiae
991 1996 1185 2072 doctrinam
1209 1999 1265 2072 de·

143 2111 300 2198 landant,
325 2111 493 2211 quasdam
520 2127 711 2212 proponunt
734 2137 849 2186 eorum
873 2111 1052 2187 verborum
1076 2113 1264 2211 exegeticus

143 2224 450 2324 interpretationes,
467 2251 556 2325 quae
573 2226 620 2299 ita
636 2226 824 2302 doctrinam
839 2226 1001 2301 ecelesiae
1014 2226 1057 2300 de
1070 2227 1275 2303 omnimoda¹

142 2337 319 2412 christiani
348 2338 552 2414 matrimonii
582 2339 893 2415 indissolubilitete
906 2341 992 2415 tueri
1020 2340 1204 2431 videntur,
1229 2359 1264 2416 ut

142 2452 374 2527 difficultatem
393 2479 480 2554 quae
500 2480 541 2528 ex
563 2453 606 2529 iis
624 2454 736 2529 uerbis
758 2456 883 2554 petitur
900 2454 1036 2530 omnino
1051 2456 1258 2555 praecidant:

142 2584 176 2642 at
192 2593 253 2642 eae
269 2568 368 2643 nohis
387 2594 498 2668 neque
515 2569 558 2643 ad
578 2569 810 2644 difficultatem
823 2569 1019 2644 solvendam
1034 2574 1258 2657 necessariae,

142 2689 252 2784 neque
269 2683 369 2758 utiles
387 2684 563 2770 videntur,
586 2710 715 2783 neque,
734 2684 825 2785 quod
843 2699 945 2785 caput
961 2700 1029 2770 est,
1051 2685 1095 2758 ad
1113 2685 1260 2762 ueritatis

141 2824 292 2874 normam
318 2814 465 2874 exactae.

213 2914 401 3014 Antequam
415 2914 518 3012 igitur
529 2913 756 3012 dogmaticam
775 2914 938 2989 ecelesiae
955 2915 1258 3015 interpretationem

141 3047 257 3105 contra
283 3045 506 3131 protestantes
524 3048 558 3104 et
573 3055 712 3128 graecos
729 3030 960 3118 vindicemus,
982 3031 1119 3106 criticas
1137 3048 1172 3107 et
1188 3059 1257 3107 exe·

141 3147 269 3243 geticas
294 3146 511 3244 quaestiones
542 3172 617 3218 cum
648 3144 824 3221 catholicis
850 3146 994 3220 breviter
1020 3144 1254 3233 absolvemus;

141 3276 211 3335 tum
229 3261 414 3334 doctrinam
433 3260 596 3334 ecclesiae
612 3259 655 3334 de
671 3260 971 3336 indissolubilitate
987 3263 1140 3360 coniugii
1161 3264 1255 3337 etiam

141 3377 176 3448 in
203 3401 308 3450 causa
332 3375 488 3449 adulterii
514 3376 750 3464 ostendemus,
780 3377 926 3477 primum
950 3403 992 3451 ex
1012 3376 1154 3466 Bibliis,
1182 3375 1254 3451 dein

140 3515 180 3562 ex
208 3514 312 3563 sensu
334 3489 525 3565 traditionis
546 3491 745 3578 universae,
766 3508 936 3592 postremo
953 3490 1119 3567 eeclesiae
1136 3492 1254 3567 latinae

140 3619 174 3678 et
197 3630 337 3702 graecae
360 3605 428 3680 hac
451 3606 494 3679 de
517 3632 553 3680 re
577 3606 762 3682 doctrinam
788 3624 821 3682 et
842 3608 971 3708 praxim
987 3606 1229 3707 expendemus.

574 3857 782 3916 hthCULUS
802 3858 826 3915 l.

193 4007 235 4068 De
248 4007 399 4069 authentia
413 4024 447 4069 ac
466 4012 592 4090 genuina
605 4013 727 4073 lectione
743 4018 877 4073 teramum
891 4011 1000 4073 hlatth.
1017 4011 1055 4073 V.
1072 4018 1101 4073 et
1118 4012 1200 4075 xnt.

210 4179 260 4252 hh
281 4179 358 4281 ipso
379 4184 624 4258 controversiae
641 4185 737 4259 initio
754 4199 933 4285 utrumque
954 4184 1114 4261 hlattha'ei
1133 4201 1246 4261 texum

137 4296 301 4393 integrum
325 4298 580 4398 praemittimus.
598 4299 713 4377 hlatth.
731 4301 767 4373 V.
787 4303 844 4375 at.
864 4304 922 4376 32.
943 4301 1075 4400 legitur:
1100 4303 1244 4380 «Dictum
