2796 5064
307 381 378 431 mr.
391 381 435 428 vr.
448 379 488 429 or
501 380 580 430 mss.
597 382 692 431 narn.
707 382 789 443 mn,
800 381 865 433 son
882 381 1042 434 consuas.
1074 374 1076 377 ’
1173 363 1237 435 ist

137 514 229 572 tenet.
245 496 355 570 locum
373 497 568 595 coniugium
586 516 694 570 retum
712 514 745 570 et
763 524 829 571 non
847 514 1130 587 consummatum,
1151 501 1242 601 quod

135 613 216 686 solvi
237 638 339 712 posse
358 638 418 710 per
439 611 622 686 solemnem
642 611 812 710 religionis
833 613 1074 713 professionem
1092 615 1243 690 doctrina

133 729 299 802 catholica
325 743 388 801 est.

204 843 302 916 Hanc
325 842 510 916 doctrinam
536 843 643 916 adorti
669 858 748 916 sunt
770 858 945 918 novatores
968 870 1056 920 saec.
1073 846 1243 934 llVl.,seu

134 973 168 1031 ut
196 959 264 1059 ipsi
291 985 329 1031 se
351 974 492 1046 vocant,
521 985 691 1032 sacrorum
717 958 969 1047 emendatores,
997 961 1115 1034 verius·
1133 979 1243 1036 antem

132 1089 361 1172 corruptores,
387 1075 447 1174 qui
465 1101 568 1174 quum
586 1074 629 1148 ad
648 1101 750 1146 unum
769 1101 886 1149 omnes
904 1074 1105 1150 abhorreant
1121 1103 1142 1150 a
1157 1077 1244 1152 votis

134 1188 322 1285 religiosis,
350 1205 465 1286 utpote
490 1215 612 1286 magna
635 1216 676 1262 er
700 1204 793 1290 parte
818 1215 837 1261 e
862 1188 1017 1263 claustris
1051 1191 1244 1289 transfugae

132 1321 165 1376 et
177 1318 351 1400 apostatae
367 1305 432 1397 (2),
448 1302 496 1374 nil
510 1304 617 1399 magis
635 1305 727 1377 cordi
746 1302 946 1391 habuerunt,
963 1321 1064 1403 quarn
1083 1319 1121 1377 nt
1137 1305 1245 1378 inani·

133 1431 235 1489 tatem
267 1416 488 1516 professionis
518 1417 694 1515 religiosae
725 1417 968 1516 praedicarent.
997 1417 1038 1489 lli
1069 1435 1244 1516 propterea

131 1529 213 1603 dum
232 1530 349 1604 faciles
371 1531 456 1605 adeo
473 1558 511 1605 se
530 1532 753 1630 praebuerunt
769 1533 804 1605 in
828 1531 1055 1607 dissolvendis
1077 1533 1245 1630 coniugiis

131 1646 234 1719 etiarn
261 1647 501 1720 consummatis
524 1646 695 1735 fidelium,
720 1646 878 1723 difficiles
903 1647 1041 1721 omnino
1065 1648 1100 1719 in
1126 1673 1246 1722 conce-

131 1760 246 1834 denda
267 1760 490 1835 dissolutione
511 1762 668 1835 connubii
684 1763 744 1835 rati
759 1761 792 1833 in
807 1762 947 1860 gratiam
964 1763 1052 1836 vitae
1070 1762 1245 1862 perfectio-

133 1877 181 1949 ris
215 1877 397 1950 sectandae
420 1894 528 1951 semet
551 1876 793 1951 exhibuerunt:
821 1878 890 1951 imo
918 1877 1018 1952 etiam
1050 1904 1187 1976 prorsus
1211 1894 1245 1952 et

133 1990 289 2066 absolute
312 1991 520 2089 denegarunt
536 1992 703 2066 eiusmodi
722 1992 975 2066 dissolutionem
994 1992 1066 2064 fieri
1083 2018 1243 2092 umquem

204 2251 241 2312 (a)
257 2253 367 2308 Quorum
384 2253 496 2316 princeps
507 2253 588 2304 extitit
597 2254 719 2304 antheros
729 2246 773 2318 qui
784 2251 898 2304 sacerdos
906 2253 932 2303 ct
943 2251 1071 2315 rdigiosos
1080 2262 1138 2302 cum
1149 2249 1244 2315 perdita

132 2329 314 2380 unctimouiali
331 2332 475 2394 sacrilegum
495 2333 681 2390 matrimonium
696 2333 819 2385 celebrare
834 2335 872 2384 eet
886 2345 969 2384 ausus.
984 2336 1084 2398 Deque
1098 2332 1246 2382 conminus

131 2421 190 2458 rere
209 2422 286 2472 quam
305 2410 423 2473 sagaciter
443 2404 542 2475 scripsit
560 2409 603 2461 ida
615 2404 776 2463 'Heia-iicon
796 2414 822 2464 in
837 2426 878 2476 op.
893 2412 960 2482 quod
979 2412 1123 2476 postauam
1144 2424 1173 2461 ex
1190 2423 1245 2474 pro·

130 2489 286 2540 tantautismo
304 2490 487 2541 conversionem
499 2489 530 2541 ad
543 2491 670 2541 ecclesiam
686 2491 832 2542 catholicam
846 2490 964 2555 qnodque
974 2489 1099 2554 inscripsit
1109 2488 1246 2554 manica

130 2570 169 2622 Dc
182 2568 317 2632 Babylone
331 2569 368 2620 cd
384 2570 634 2624 clamoremanus
652 2583 718 2621 vers.
728 2571 786 2634 gali.
797 2569 864 2622 doct.
875 2571 963 2621 Leonis
980 2571 1071 2633 Bcssy:
1084 2569 1244 2631 «comment,

132 2648 232 2711 inquit,
251 2662 278 2699 sc
295 2647 411 2700 dttendrc
424 2648 455 2700 de
465 2653 529 2700 cette
547 2652 652 2714 penses,
670 2664 718 2714 quc
739 2650 844 2712 Luthsr,
861 2663 891 2700 en
910 2649 1064 2699 contractant
1078 2661 1123 2696 son
1137 2647 1244 2711 mariage

132 2741 162 2779 en
183 2729 235 2779 ctat
251 2729 283 2779 de
300 2730 376 2793 peche
395 2731 498 2793 morici,
519 2732 592 2781 atttra
609 2743 652 2782 sur
668 2733 724 2781 tous
744 2718 783 2782 s'es
802 2729 922 2794 partimus
932 2742 980 2779 unc
991 2725 1145 2792 reprobationi
1156 2728 1244 2790 myrm

132 2810 230 2872 nsaw,
251 2810 411 2874 preciserncnt
430 2825 461 2860 cn
480 2824 509 2860 ce
524 2812 608 2874 point,
623 2811 667 2875 qni
683 2823 783 2862 escercc
798 2822 846 2861 une
862 2809 983 2860 induencc
996 2809 1021 2859 si
1032 2807 1139 2858 decisivo
1157 2820 1205 2861 sur⁴
1221 2806 1245 2857 ic

131 2888 256 2950 bouheur,
268 2902 300 2937 ou
311 2889 334 2938 le
345 2889 496 2939 maiheurde
506 2890 658 2954 generations
680 2889 783 2940 entitrcs
801 2891 825 2939 ct
844 2902 886 2938 sur
905 2889 960 2938 tout
977 2885 1116 2938 l'ensembie
1126 2885 1157 2935 de
1168 2883 1243 2934 l’tdu·

131 2968 214 3017 ration
230 2968 339 3018 sociate?
354 2970 415 3018 Mais
432 2967 515 3031 aussi,
534 2982 578 3033 par
592 2969 616 3018 u
633 2971 711 3018 meme
727 2981 774 3033 que
790 2971 853 3018 cette
869 2967 981 3018 martelle
996 2967 1104 3016 biessure
1119 2965 1178 3015 faits
1191 2964 1206 3014 t
1219 2963 1244 3014 la

132 3047 227 3098 morale
238 3047 355 3110 patriique
365 3060 392 3098 se
402 3047 500 3098 devoiic
513 3061 561 3099 aur
577 3061 640 3111 vena
654 3048 685 3099 de
695 3051 752 3098 tons
764 3047 838 3097 d'une
853 3044 991 3097 manicresi
1002 3045 1148 3107 atiravante,
1160 3044 1187 3094 et
1195 3055 1245 3106 quc

132 3127 202 3177 uuile
219 3140 315 3190 negasse
335 3128 449 3178 hnmmne
468 3130 530 3180 n'cst
544 3142 575 3179 eu
590 3130 642 3180 etsi
651 3128 682 3180 de
694 3129 718 3178 in
729 3128 830 3190 termer,
846 3128 949 3178 daton
960 3140 1005 3190 pas
1014 3125 1038 3176 le
1048 3124 1114 3174 droit
1124 3125 1245 3197 d’esptrcr

132 3220 183 3270 que
196 3220 257 3256 ceux
272 3206 315 3270 qui
332 3221 362 3257 en
375 3210 431 3257 sont
443 3209 543 3259 aticinis
557 3223 588 3258 ou
602 3209 713 3258 manac&
726 3208 815 3258 auront
826 3220 924 3257 recours
934 3220 965 3257 au
975 3206 1027 3257 seul
1038 3202 1134 3256 remede
1142 3200 1203 3255 dont
1213 3203 1244 3256 ils

131 3287 244 3348 puissent
257 3285 369 3335 attendre
388 3286 412 3336 ia
427 3287 558 3350 gutrison,
574 3287 597 3337 ie
613 3290 696 3337 rciour
710 3286 725 3336 l
739 3286 831 3350 l’eglise
846 3286 932 3336 intre?

206 3369 243 3417 De
258 3365 330 3416 turba
347 3380 404 3417 vero
420 3367 573 3417 sacerdotum
585 3371 610 3418 et
621 3368 815 3429 monachorum,
832 3366 876 3430 qui
891 3366 957 3416 votis
971 3366 1023 3417 suis
1038 3365 1137 3430 insuper
1151 3364 1243 3416 habitis

131 3445 264 3496 currebant
279 3446 391 3510 exemplo
400 3447 501 3497 Lutheri
512 3447 544 3497 ad
554 3460 644 3498 novam
660 3449 767 3510 sectam,
778 3447 839 3497 haec
853 3446 901 3496 iam
918 3448 997 3497 aetate
1007 3459 1116 3507 sua,seu
1128 3444 1198 3495 initio
1208 3444 1245 3494 sic

130 3525 214 3576 dictae
226 3526 406 3576 reformationis
417 3527 539 3578 scribebat
553 3527 652 3578 Wizei:
667 3548 679 3571 «ι
689 3530 738 3578 Nec
748 3540 797 3576 non
807 3526 922 3577 deturbat
936 3527 1019 3577 omnia
1035 3525 1166 3590 aucupium
1177 3538 1245 3576 num

131 3606 266 3657 mulorum.
277 3607 329 3657 Nisi
342 3609 451 3658 actutum
463 3607 522 3670 des,
532 3607 678 3657 curriturcd
687 3610 787 3659 metam.
798 3606 871 3666 Quod
885 3607 907 3658 si
923 3610 1005 3672 posset
1017 3606 1109 3658 talibus
1122 3617 1244 3657 macena·

130 3687 178 3737 riis
190 3686 330 3750 confingere
342 3687 368 3735 in
377 3689 443 3737 secta
456 3687 521 3736 unde
530 3688 681 3749 victitarent,
695 3687 803 3751 proiecto
814 3687 942 3739 ecdcaiam
956 3687 1026 3751 cquis
1039 3689 1065 3736 et
1078 3685 1140 3736 velis
1150 3684 1242 3735 desere

132 3766 205 3828 rent,
222 3778 300 3829 nsque
315 3765 376 3816 adeo
390 3770 518 3817 nminem
529 3766 591 3829 sere
606 3781 658 3818 non
675 3754 788 3817 deiectat
804 3767 1003 3818 carnoitsrtmoe
1016 3767 1102 3817 sectae
1117 3763 1224 3815 ttceuttc
1233 3744 1249 3826 ,¹

130 3845 258 3909 voluptas
272 3846 365 3896 traicit.
379 3867 391 3890 «ι
402 3847 598 3912 conquestionis
609 3847 941 3912 calamitosissimam
954 3849 1058 3898 istac.
1072 3859 1094 3897 a.
1104 3844 1170 3909 apud
1187 3844 1243 3894 Dii·

131 3927 212 3988 tinger
226 3930 264 3976 Lo
274 3924 393 3988 deforme
405 3930 463 3977 tom.
473 3931 492 3977 i.
504 3941 558 3992 pag.
573 3932 624 3979 tat.
638 3929 715 3991 Paris,
730 3933 797 3979 isti.

207 4007 281 4056 Plura
291 4006 349 4056 item
360 4008 392 4058 ci.
400 4008 445 4058 hac
461 4008 494 4058 dc
509 4021 536 4058 rc
547 4008 612 4072 apud
623 4007 704 4058 Audin
715 4009 785 4058 litat.
796 4006 828 4059 de
840 4007 867 4058 tc
878 4010 920 4059 otc
929 4005 961 4058 de
973 4006 1084 4068 tutha,
1095 4006 1156 4055 tom.
1168 4002 1241 4054 deus.

129 4088 206 4150 ehap.
218 4089 252 4136 iii
273 4088 481 4140 secularitotton
494 4088 539 4139 des
550 4091 674 4139 noscente
686 4090 711 4138 et
720 4092 839 4152 monem
850 4086 895 4138 der
908 4090 1005 4138 moines
1016 4112 1025 4124 ·
1036 4084 1177 4136 Dercrdrcc
1183 4097 1243 4148 pro·

129 4164 208 4217 dadis
215 4178 270 4229 por
281 4165 416 4231 t'oocroce
426 4165 463 4218 dri
473 4166 707 4228 rnommnvrsvr
721 4167 745 4217 ic
757 4166 863 4218 ctittct.
873 4169 904 4217 ct
914 4166 949 4216 ita
960 4179 997 4216 res
1009 4163 1172 4230 perseveravit
1182 4163 1242 4226 iugi·

129 4250 170 4296 ter
189 4246 312 4306 enuptiis
328 4245 428 4296 Lnthcri
444 4244 475 4295 ad
497 4244 594 4309 nuptias
609 4244 714 4308 Achilli,
731 4246 756 4295 ct
771 4245 802 4296 de
817 4240 932 4308 smctts,
950 4246 974 4295 et
993 4244 1028 4295 ita
1050 4255 1123 4308 porro
1137 4252 1244 4308 peracre

129 4324 200 4377 nias
212 4325 238 4374 in
254 4325 372 4376 futurum.
1177 4320 1178 4324 ’
