2796 5064
137 366 207 440 ets
282 390 344 442 ιιι.
366 391 413 441 ιιι.
434 389 522 441 secr.
544 390 729 441 nummos
743 389 855 442 morse.
873 391 969 442 ιιιιι.
986 389 1113 442 cumen

135 524 254 609 quant,
270 500 421 583 catenam]
442 535 556 584 secum
576 509 724 583 trabunt:
740 510 787 583 ita
803 524 836 583 et
851 508 1011 582 mulieres
1022 509 1251 583 etiamsiriros

137 624 341 725 relinquant,
363 625 470 724 legem
491 625 616 699 babent
640 650 701 725 pru
727 640 856 713 octena,
878 649 916 699 se
940 642 1201 725 persequentem
1222 641 1252 698 et

135 740 290 815 adulterii
312 757 542 829 accusantem,
559 758 772 815 accusantem
797 741 899 814 etiam
917 766 1007 828 eum,
1024 741 1086 840 qui
1110 740 1249 826 duxerit,

135 880 176 928 eo
197 855 375 930 dicentem:
392 856 504 930 adhuc
521 872 675 956 superest
693 857 846 943 maritus,
869 871 903 929 et
922 855 1056 929 focinus
1078 856 1145 930 boc
1166 854 1253 929 adut

135 970 256 1044 terium
279 987 344 1044 est.
377 973 502 1044 Mulier
524 974 610 1044 enim
636 971 796 1046 adstricto
815 988 863 1044 eet
888 973 970 1069 tep‘,
1000 970 1111 1070 quood
1134 973 1253 1044 vicerit

133 1087 274 1158 moritus
298 1086 403 1158 itum.
425 1086 470 1158 Et
486 1087 590 1158 omnis
614 1088 674 1185 qni
688 1086 859 1159 dimissam
882 1085 1030 1170 demerit,
1052 1086 1248 1157 moechetur.

136 1198 279 1285 Quando
311 1199 413 1297 igitur
435 1199 550 1274 licebit
581 1199 629 1272 ilii
660 1200 828 1275 secundas
858 1200 995 1300 nuptias
1025 1197 1252 1273 contrahere?

136 1314 306 1400 Quando?
330 1317 422 1390 Tunc
442 1315 501 1388 ubi
527 1342 548 1388 a
572 1332 690 1389 catena
716 1315 859 1389 liberata
895 1315 1012 1402 inerit,
1041 1314 1184 1414 qnando
1207 1314 1252 1386 vir

137 1432 343 1504 morietur...
362 1431 458 1518 Quae
479 1448 590 1505 autem
609 1457 706 1507 serra
723 1447 787 1520 est,
805 1456 846 1505 ec
858 1430 994 1505 subdita
1021 1429 1103 1528 legi,
1126 1430 1251 1505 etiamsi

68 1608 70 1617 .
134 1545 258 1620 millies
272 1545 424 1620 libellum
448 1547 581 1647 repudii
597 1547 761 1647 accipiat,
777 1545 934 1620 adulterii
948 1545 1120 1620 tenebitur
1136 1544 1247 1642 lege...

134 1661 183 1733 Ne
207 1660 292 1732 mibi
317 1661 411 1759 leges
438 1661 482 1734 ab
511 1662 633 1735 exteris
671 1661 825 1736 conditas
862 1660 975 1759 legas,
1005 1661 1249 1762 praecipientes

134 1774 209 1848 dari
234 1774 384 1849 libeilum
411 1776 542 1876 repudii
573 1791 609 1850 et
637 1775 766 1850 divetti.
799 1777 916 1876 Neque
940 1775 1029 1849 enim
1060 1776 1158 1849 iuxta
1181 1775 1248 1849 illae

137 1889 349 1964 iudicaturus
373 1907 426 1964 est
451 1907 483 1964 te
507 1891 598 1964 Deus
629 1890 664 1961 in
689 1889 745 1964 die
768 1889 842 1978 itta,
870 1890 931 1964 sed
953 1889 1146 1964 secundum
1172 1915 1244 1975 eas,

134 2028 221 2102 quas
252 2004 326 2102 ipse
352 2004 506 2078 statuit.»
523 2003 581 2077 Ad.
597 2002 704 2101 legem
722 2002 847 2078 deinde
870 2003 996 2104 Moysis
1018 2003 1189 2078 accedens
1214 2001 1247 2076 de

135 2117 248 2192 libello
272 2120 419 2218 repudii,
440 2119 575 2193 subdit:
604 2119 850 2219 «Quapropter
880 2134 914 2194 et
938 2117 1100 2193 Christus
1123 2118 1245 2192 iudaeis

135 2233 350 2331 negantibus,
380 2252 413 2308 et
449 2235 665 2310 dicentibus:
700 2235 864 2322 monade
891 2236 996 2334 iqitnr
1021 2235 1159 2336 Moyses
1182 2260 1247 2335 per·

134 2351 225 2421 misit
247 2348 326 2423 dora
352 2350 498 2424 libellum
521 2352 684 2450 repudii?
699 2350 891 2426 Ostendens
915 2350 1006 2451 quod
1032 2375 1103 2423 non
1127 2367 1247 2425 contra·

136 2465 220 2538 riam
239 2490 323 2538 suae
345 2465 452 2564 legem
476 2467 588 2541 ferens
612 2468 658 2540 ita
681 2468 867 2568 scripserit,
883 2467 987 2554 dixit3
1003 2467 1136 2566 Moyses
1162 2469 1247 2539 ioeto

135 2580 298 2653 duritiam
315 2582 537 2656 cordisvestri
562 2584 711 2682 loquutus
728 2598 793 2668 est,
810 2583 851 2654 ab
866 2584 960 2654 initio
972 2596 1083 2655 cutem
1106 2609 1173 2654 non
1189 2594 1246 2654 emt

134 2697 197 2781 sio;
217 2695 274 2767 scd
291 2699 350 2794 qui
373 2698 451 2795 [ecit
471 2699 513 2770 ob
531 2700 636 2782 initio,
661 2699 843 2770 masculum
865 2712 895 2769 et
911 2698 1089 2795 foeminam
1113 2699 1193 2797 [ecit
1214 2696 1246 2768 ii·

135 2812 193 2883 los.
221 2811 256 2882 Si
281 2811 345 2886 hoc
369 2812 493 2886 bonum
526 2814 667 2900 fuisset,
692 2813 823 2913 inquit,
851 2838 917 2884 non
942 2837 1049 2884 unum
1075 2812 1190 2885 virum
1221 2825 1245 2883 et

134 2952 237 2999 unam
264 2929 439 3003 mulierem
465 2928 611 3016 iecisset,
637 2929 781 3002 seduno
807 2928 912 3000 Adam
938 2927 1077 3001 condito
1101 2927 1189 3001 duas
1206 2927 1243 2999 ie

133 3041 238 3115 uisset
262 3043 433 3131 mulieres,
465 3046 494 3117 si
520 3045 658 3144 quidem
688 3044 853 3117 uoluisset
873 3069 973 3116 unam
1000 3042 1144 3143 quidem
1165 3041 1241 3126 eiici,

135 3156 275 3228 niteram
310 3182 389 3230 vere
422 3158 548 3231 induci.
579 3160 674 3232 Nunc
697 3184 777 3231 vero
815 3158 892 3257 ipso
918 3156 1132 3230 formationis
1158 3155 1243 3231 modo

133 3269 241 3366 legem
268 3271 418 3357 induxit,
447 3300 547 3373 quam
574 3300 636 3371 ego
667 3300 756 3345 nunc
782 3272 906 3346 scribo.
936 3273 978 3344 Et
1007 3297 1179 3371 quaenam
1203 3284 1243 3345 eet

133 3383 218 3457 illa?
236 3386 327 3459 Haec
355 3389 483 3487 utique.
501 3390 583 3462 Eam
611 3389 676 3462 sibi
699 3390 846 3488 quisque
870 3413 1007 3461 uxorem
1032 3405 1146 3460 servet
1169 3412 1244 3461 sem-

132 3526 212 3599 per,
246 3527 346 3600 quam
377 3503 472 3575 initio
499 3505 636 3577 sortitus
658 3519 721 3578 est.
751 3504 842 3577 Haec
868 3503 922 3576 lex
947 3502 1133 3602 antiquior,
1154 3525 1242 3603 qnam

132 3615 251 3689 iliade
269 3616 382 3691 libelle
400 3618 554 3717 repudii,
571 3636 603 3693 et
622 3635 714 3693 tanto
741 3634 867 3720 quanto
884 3617 991 3691 Adam
1009 3617 1089 3716 ipso
1114 3619 1239 3692 Mose...

131 3730 215 3802 Nam
241 3731 350 3830 etqui
377 3731 543 3804 dimiserit
560 3734 689 3833 absque
708 3759 811 3806 causa
832 3732 959 3833 stupri,
985 3732 1097 3832 etqui
1115 3733 1241 3807 eiectam

130 3846 262 3919 vivente
291 3847 365 3921 viro
393 3848 538 3935 duxerit,
568 3876 643 3922 cum
675 3850 780 3923 eiecta
807 3849 865 3921 illa
890 3849 1088 3949 punientur.
1117 3851 1242 3948 Propter

129 3962 317 4063 quodoro,
338 3964 478 4038 obsecro
506 3982 539 4038 et
563 3966 737 4065 supplico,
764 3990 806 4036 ne
834 3965 898 4038 viri
917 3964 1077 4038 mulieres
1096 3966 1236 4045 eiiciant‚

130 4105 239 4178 neque
264 4078 422 4153 mulieres
448 4080 540 4153 viros
568 4079 779 4180 relinquent,
802 4081 862 4153 sed
880 4080 1019 4153 audiant
1044 4079 1185 4153 Paulum
1200 4076 1251 4159 dis

130 4209 277 4266 centem:
298 4195 453 4266 «Mulier
479 4193 639 4266 adstricto
665 4210 711 4267 eet
738 4196 813 4293 lcqi,
831 4210 951 4292 quanto
976 4209 1115 4293 tempore
1131 4191 1238 4267 vicerit

129 4311 286 4383 circites.
315 4311 356 4383 Si
379 4326 486 4385 cotem
510 4311 679 4383 dormierit
719 4313 794 4395 vir,
826 4310 965 4386 liberato
991 4313 1055 4384 erit
1093 4311 1149 4386 coi
1169 4307 1238 4382 soter
