2796 5064
265 395 336 447 mr.
352 394 388 446 ιι.
405 395 444 446 nr
457 392 632 444 ιοιιιιιιιι
649 390 845 443 successim.
863 391 933 442 aar.
948 390 984 442 ιι.
1128 370 1172 439 tt

70 512 124 587 duo
145 513 274 586 Christi
292 525 392 598 sunt,
416 509 484 584 duo
503 535 639 609 quoque
658 509 722 581 uiri
745 509 837 595 sint,
863 522 896 580 et
918 505 1005 579 duae
1027 533 1167 581 uxores:

65 630 87 701 si
106 644 219 701 autem
237 654 326 700 unus
343 626 522 714 Christus,
543 651 647 698 unum
665 622 828 697 ecclesiae
845 639 964 723 caput;
986 647 1054 696 una
1071 623 1173 696 etiam

61 744 225 829 sumsit,
255 742 404 816 secunda
433 757 547 815 autem
576 755 765 839 respuatur.
800 738 897 826 Quod
928 739 957 810 si
987 737 1173 812 secundum

60 858 253 956 prohibeat,
279 858 323 930 de
346 858 444 931 tertio
464 857 548 956 quid
569 855 751 928 dicendum
767 855 846 929 est?
864 855 1012 928 Primum
1030 853 1083 927 lex
1099 870 1170 940 est,

58 972 242 1046 secundnm
263 976 362 1047 venia
379 987 417 1046 et
429 970 659 1068 indulgentia,
681 974 811 1042 tertiam
831 972 1015 1068 iniquitos:
1035 969 1094 1068 qui
1113 994 1174 1041 au·

57 1102 118 1159 tem
146 1085 241 1160 hunc
267 1111 444 1159 numerum
469 1083 620 1171 excedit,
650 1085 811 1183 porcinus
836 1083 936 1184 plane
961 1099 1034 1170 est,
1058 1098 1175 1182 utpote

57 1226 92 1272 ne
116 1200 228 1274 multa
251 1200 391 1299 quidem
413 1199 487 1273 vitii
509 1198 664 1298 exempla
689 1198 968 1383 habensdm»

123 1314 192 1389 Sed
216 1339 300 1413 prae
323 1314 444 1387 ceteris
470 1339 500 1386 s.
521 1311 667 1386 Basilius
692 1313 728 1384 in
757 1312 873 1386 tert'as
898 1328 931 1386 et
955 1327 1093 1413 quartas
1113 1339 1175 1385 nu·
1271 1294 1277 1319 ’

58 1429 142 1526 ptias
155 1426 340 1501 invehitur.
357 1426 533 1527 Siquidem
551 1452 678 1502 canone
691 1429 727 1499 L.
748 1424 912 1526 epistolae
924 1426 1107 1500 canonicae
1124 1427 1169 1497 11.

56 1543 94 1616 ad
117 1540 395 1643 Amphilochium
418 1543 467 1615 ita
486 1541 680 1615 constituit:
712 1572 729 1610 a
746 1541 935 1639 Trigemiae
952 1541 1005 1614 lex
1022 1567 1089 1614 non
1106 1558 1170 1614 est.

57 1656 166 1743 Quare
184 1654 261 1752 lege
277 1655 526 1730 matrimonium
544 1656 678 1729 tertium
699 1682 765 1731 non
786 1656 1006 1729 contrahitur.
1028 1655 1075 1729 Ae
1094 1654 1174 1728 talia

57 1772 211 1872 quidem,
239 1785 278 1843 ut
299 1769 463 1844 ecclesiae
495 1772 749 1870 inquinamenta
786 1770 974 1858 habemus,
1004 1770 1064 1845 sed
1096 1795 1176 1844 oon-

57 1884 328 1960 demnationihus
342 1884 490 1984 puhlicis
510 1913 577 1959 non
598 1886 817 1974 suhiioimus,
838 1903 877 1960 ut
894 1886 1003 1960 soluta
1026 1886 1175 1958 lemica-

58 2002 143 2074 tione
162 2001 276 2096 magis
297 1999 454 2096 eligenda
474 2003 597 2097 (76).»
618 2001 666 2073 tte
681 2001 802 2074 iterum
824 2001 858 2071 in
875 1999 980 2073 altera
996 2000 1097 2100 epist.
1119 2026 1175 2073 ca-

57 2117 175 2189 noniea
192 2114 325 2188 scilieet
336 2116 397 2186 ΙΙΙ.
419 2115 462 2188 ad
476 2115 637 2204 eundem,
657 2142 732 2190 can.
750 2116 873 2187 LXXX.
897 2113 1172 2215 «Polygamiam,

57 2231 179 2331 inquit,
207 2245 321 2330 patres
334 2227 467 2304 silentio
486 2231 799 2328 praetermiserunt,
815 2247 852 2303 ut
868 2229 1070 2319 belluinam,
1086 2255 1177 2330 pror-

57 2370 183 2444 susque
204 2343 254 2417 ab
273 2343 448 2417 hominum
470 2370 596 2441 genere
616 2343 772 2417 alienam.
801 2343 851 2417 Ea
875 2359 987 2417 autem
1009 2344 1108 2418 nohis
1124 2345 1176 2420 vi-

56 2459 149 2533 detur
173 2473 352 2559 peceatum
381 2483 458 2531 esse
479 2459 697 2532 fornicatione
721 2459 845 2533 maius.
866 2459 1080 2559 Quapropter
1096 2446 1176 2534 con·

56 2589 253 2646 antaneum
271 2586 324 2645 est
344 2596 403 2645 eos
421 2571 543 2645 subiici
566 2571 772 2659 canonibus,
796 2587 833 2645 ut
849 2571 980 2646 scilieet
996 2591 1174 2674 postquam

56 2711 143 2760 anno
168 2685 342 2772 fleverint,
365 2684 527 2759 attribue
558 2683 720 2760 substrati
744 2686 892 2774 luerim,
910 2686 961 2760 sio
985 2688 1176 2787 suscipian-

60 2815 110 2873 lur
131 2801 264 2894 (ἿἾ).ιι

123 2917 199 2988 lam
216 2940 296 2990 vero
314 2914 378 2990 hoe
400 2932 513 3016 patres
530 2943 570 2991 ex
589 2944 701 2993 amore
721 2944 789 3018 quo
808 2917 1000 2991 ferebantur
1018 2918 1052 2989 in
1075 2919 1176 2990 casti-

56 3045 154 3103 tatem
166 3055 210 3102 ac
221 3029 421 3104 caelibatum
440 3031 685 3130 reprehendere
702 3033 814 3132 potius
830 3035 878 3105 ita
891 3031 1055 3106 nubentes
1073 3057 1174 3132 quam

55 3147 186 3244 nuptias
203 3145 298 3244 ipsas
312 3144 391 3219 inde
408 3162 519 3245 patet,
537 3145 628 3246 quod
643 3162 805 3246 perpetuo
830 3147 990 3219 insistant
1007 3146 1043 3218 in
1061 3146 1177 3220 incon-

57 3259 197 3333 tinentia
232 3258 428 3333 huiusmodi
454 3259 526 3334 sive
557 3259 733 3347 vivorum,
762 3260 833 3334 sive
854 3259 1052 3349 mulierum,
1084 3260 1175 3360 quod

58 3375 208 3446 animum
225 3389 344 3471 gerant
356 3374 391 3446 in
404 3373 581 3448 libidinem
599 3374 755 3448 effusum.
772 3376 860 3448 Sane
877 3391 1075 3473 argumenta
1088 3402 1177 3475 quae

58 3487 230 3586 proferunt
253 3487 420 3563 eiusmodi
447 3506 544 3576 sunt,
568 3505 606 3562 ut
626 3489 661 3563 si
677 3516 795 3589 presse
813 3506 1012 3588 urgerentur
1028 3516 1096 3565 non
1113 3491 1176 3564 mi-

60 3627 118 3675 uus
151 3601 327 3676 allicerent
357 3603 472 3683 tertias
505 3618 539 3677 et
568 3617 707 3702 quartas
737 3603 980 3703 ulterioresque
1011 3604 1173 3704 nuptias,

59 3741 158 3814 quam
178 3718 369 3805 secundas,
394 3745 481 3818 quas
502 3733 614 3792 tamen
634 3745 675 3792 ex
697 3719 797 3792 venia
822 3736 856 3792 et
875 3718 1086 3817 indulgentia
1104 3746 1176 3818 per·

61 3832 141 3906 mitti
159 3831 449 3934 ultropaffirmant.
474 3831 599 3907 Oculos
622 3849 793 3934 praeterea
815 3833 992 3908 intendunt
1015 3836 1050 3905 in
1074 3833 1176 3908 eccle·

62 3945 368 4048 necdisciplinam
395 3949 594 4023 severiorem
620 3975 699 4046 erga
724 3950 883 4047 trigamos
909 3967 942 4022 et
973 3965 1175 4046 tetragames

129 4169 180 4233 (75)
197 4171 271 4221 orat.
289 4171 376 4221 XXXI.
393 4175 456 4236 opp.
473 4171 513 4222 ed.
530 4173 609 4223 Paris.
630 4178 697 4223 toto.
715 4175 785 4223 Tem.
803 4175 823 4223 Ι.
842 4186 897 4236 [aaa.
916 4181 969 4225 ιιι.

129 4248 181 4312 (to)
196 4248 276 4312 nent
292 4249 332 4301 ed.
350 4252 430 4301 ttaor.
445 4251 552 4302 cxctx.
570 4265 625 4316 pag.
648 4256 702 4304 tat.

130 4326 181 4390 (77)
197 4327 275 4392 Epist.
292 4327 412 4380 ccxvtt.
431 4341 486 4394 pta.
505 4337 559 4382 tta.

122 4436 160 4487 111
