2796 5064
332 428 403 479 nir.
416 428 453 479 u.
470 428 510 479 nr
527 427 703 478 retrusum
720 425 919 477 successivo.
937 426 1007 476 rer.
1026 427 1048 475 r.
1210 405 1255 474 tt

139 547 379 645 monogamia,
406 571 490 620 usus
514 544 734 619 communiter
758 561 912 645 receptus
946 542 1132 618 servandas
1157 536 1260 618 casti·

140 663 275 737 moniae
299 661 501 749 adstruitur,
523 660 668 735 sednon
692 660 769 733 idco
785 658 954 734 secundae
970 660 1109 760 nuptiae
1129 659 1179 734 uti
1202 685 1261 734 ve·

138 780 218 854 titas
244 779 513 879 proscribuntur.
900 766 902 771 ’

209 895 262 968 lle
286 909 398 968 mente
421 892 603 967 Clementis
637 891 808 966 alexandr.
838 917 869 966 s.
894 891 1030 980 Basilii,
1060 917 1090 965 s.
1112 891 1262 990 Gregorii

137 1010 360 1096 nazianzeni,
382 1035 412 1083 s.
429 1009 477 1083 lo.
499 1007 744 1108 Chrysostomi,
773 1033 802 1082 s.
819 1006 1029 1105 Hieronymi,
1044 1007 1129 1108 quin
1145 1033 1262 1081 eorum

138 1123 335 1200 testimonia
348 1120 557 1222 'singillatim
583 1148 844 1223 persequamur,
873 1148 914 1196 ex
943 1122 1005 1210 iis,
1032 1149 1121 1223 quae
1158 1121 1262 1222 paulo

138 1257 216 1314 ants
242 1238 449 1313 adduximus
467 1238 553 1312 satis
579 1254 721 1312 constat.
743 1239 827 1312 Nam
845 1238 902 1312 isti
920 1264 1037 1312 omnes
1061 1239 1097 1310 in
1123 1263 1163 1313 eo
1180 1264 1262 1312 con·

139 1355 283 1429 veniunt
298 1368 337 1428 ut
361 1352 603 1453 professionem
628 1353 854 1428 continentiae
880 1369 958 1452 post
980 1352 1179 1426 viduitatem
1205 1379 1263 1427 ex-

142 1470 281 1558 tollant,
302 1469 587 1570 quemadmodum
611 1469 816 1568 virginitatis
844 1495 905 1543 seu
921 1467 1107 1542 caelibatus
1137 1483 1262 1542 statum

142 1586 243 1660 statui
270 1583 440 1683 coniugali
465 1599 684 1684 anteponunt.
713 1585 804 1659 Haec
829 1599 990 1659 constans
1015 1599 1068 1659 est
1093 1584 1261 1657 sentiendi

144 1717 174 1774 et
197 1697 373 1774 scribendi
399 1698 484 1774 ratio
508 1699 600 1800 apud
625 1715 760 1800 patres:
782 1699 925 1773 alterum
942 1697 1039 1772 alteri
1058 1715 1183 1773 statum
1201 1724 1264 1772 eeu

144 1815 374 1917 perfectiorem
400 1814 514 1888 minus
539 1814 687 1914 perlecto
705 1815 914 1916 praeierunt,
937 1830 971 1888 at
988 1840 1054 1888 non
1073 1814 1149 1887 ideo
1166 1812 1264 1887 dam-

146 1947 227 2006 nant
258 1930 352 2006 velut
381 1947 555 2032 peecatum
584 1931 723 2005 alteram
753 1932 1009 2032 professionem.
1040 1930 1078 2002 ln
1104 1929 1264 2004 secundis

144 2063 318 2147 praeterea
334 2047 478 2147 nuptiis,
499 2071 577 2119 cum
594 2046 774 2147 peculiaris
793 2047 878 2120 ratio
895 2045 939 2119 ad
956 2071 1015 2120 eas
1039 2044 1265 2119 cohonestan-

146 2163 208 2237 das
234 2188 304 2238 non
330 2161 525 2251 intercedit,
546 2161 823 2262 deprehendunt,
843 2178 882 2236 ut
902 2161 987 2236 alias
1013 2155 1261 2248 adnotauimus,

148 2277 322 2381 quoddam
347 2277 626 2377 intemperantias
650 2295 709 2351 aut
737 2278 999 2353 incontinentiae
1030 2277 1213 2364 indicium,
1233 2292 1267 2351 et

147 2394 211 2469 hac
236 2394 282 2467 dc
305 2396 412 2467 causa
435 2419 494 2466 eas
515 2392 684 2467 interdum
709 2409 868 2494 carpunt,
888 2393 992 2492 idque
1010 2418 1050 2465 ex
1067 2418 1181 2467 amore
1198 2417 1267 2493 quo

149 2510 241 2583 iuxta
266 2507 394 2582 Christi
419 2522 453 2580 et
476 2506 703 2608 apestolorum
728 2508 885 2607 spiritum
910 2533 991 2605 erga
1022 2507 1209 2580 castitatem
1235 2520 1269 2580 st

151 2623 393 2699 continentiam
412 2622 615 2697 serebantur.

221 2742 341 2840 Neque
365 2739 409 2812 ab
434 2739 576 2814 istorum
592 2766 698 2814 censu
714 2740 895 2838 Origenem
918 2743 1031 2841 ipsum
1057 2739 1269 2814 excludimus

149 2856 247 2930 cuius
271 2854 376 2928 etiam
400 2854 504 2929 rerba
528 2855 697 2931 dedimus.
718 2858 801 2929 Nam
833 2856 911 2929 lieet
935 2857 965 2929 is
991 2856 1195 2957 quandoque
1221 2855 1270 2929 ita

154 2971 289 3046 locutus
319 2996 397 3044 esse
428 2970 584 3045 videatur
613 2998 654 3046 ac
684 2973 714 3045 si
749 2973 917 3047 secundae
949 2973 1087 3073 nuptiae
1117 2998 1138 3045 a
1168 2997 1272 3070 reguo

155 3086 217 3160 Dei
248 3085 486 3174 excluderent,
511 3101 623 3160 tamen
649 3088 685 3160 in
716 3112 757 3161 eo
786 3088 1042 3188 ipsocontextu
1059 3113 1100 3160 ea
1124 3088 1284 3162 continet

157 3227 247 3301 quae
265 3201 432 3275 sinceram
450 3200 636 3276 doctrinam
661 3203 905 3302 praeseferunt:
934 3203 989 3277 Sic
1016 3203 1106 3277 enim
1132 3202 1269 3277 scribit:

155 3317 318 3389 «Bonum
343 3331 397 3388 est
423 3331 457 3389 et
484 3315 631 3415 primum
660 3316 975 3414 (matrimonium),
1001 3318 1031 3392 si
1064 3344 1133 3417 qua
1164 3332 1276 3417 potest

153 3431 357 3529 virginitatis
384 3431 527 3529 gratiam
546 3432 733 3531 possidere.
754 3433 789 3505 Si
807 3450 918 3507 autem
941 3432 1005 3507 hoc
1022 3458 1089 3507 non
1108 3434 1273 3533 potuerit,

154 3546 213 3620 sed
238 3547 387 3621 evenerit
403 3546 434 3619 ei
459 3563 498 3620 ut
517 3547 636 3647 perdat
659 3547 789 3636 virum,
812 3548 916 3623 vidua
943 3565 1145 3648 perseveret.
1175 3547 1275 3636 Quod

155 3663 293 3762 quidem
313 3687 381 3735 non
402 3661 511 3736 solum
534 3679 611 3762 post
639 3679 779 3747 mortem
800 3664 886 3752 viri,
908 3665 1088 3739 sedetiam
1114 3692 1192 3739 cum
1218 3664 1277 3739 ille
1378 3688 1382 3697 ·

157 3779 240 3853 tivit
264 3776 365 3852 debet
387 3777 514 3851 habere
530 3777 566 3850 in
584 3778 715 3867 animo,
736 3794 773 3853 ut
798 3780 899 3852 etiam
924 3781 954 3856 si
981 3806 1048 3855 non
1068 3779 1199 3855 uenerit
1223 3806 1278 3856 vo-

157 3893 269 3968 luntas
294 3893 404 3992 ipsius
437 3909 471 3967 et
497 3894 726 3994 propositum,
752 3921 772 3968 a
798 3894 942 3969 Domino
971 3912 1148 3970 coronetur
1168 3911 1202 3969 et
1226 3894 1280 3967 di·

159 4025 226 4083 cat:
248 4008 321 4082 lloe
346 4034 452 4083 voveo
478 4024 579 4109 nuque
595 4010 754 4109 promitto
772 4010 801 4084 si
821 4010 904 4083 mihi
930 4011 1115 4085 humanum
1132 4009 1276 4110 aliquid,

158 4123 247 4226 quod
273 4150 343 4198 non
370 4140 450 4224 opto
474 4125 669 4224 contigerit,
701 4125 786 4198 nihil
812 4125 906 4200 aliud
928 4126 1070 4216 luciam,
1104 4152 1206 4226 quam
1231 4126 1281 4197 in-

159 4239 384 4313 contaminata
407 4237 580 4341 viduaque
600 4265 825 4341 perseverem.
848 4242 944 4314 Nune
961 4268 1042 4316 vero
1060 4257 1093 4315 et
1110 4239 1282 4314 secundae

160 4370 192 4429 et
214 4354 340 4431 tertiae
370 4369 404 4430 st
427 4369 569 4457 quartae
593 4355 750 4458 nuptiae,
771 4372 809 4431 ut
827 4357 872 4432 de
889 4357 1043 4458 pluribus
1061 4373 1208 4446 meeum,
1229 4381 1281 4432 re·
