2796 5064
138 319 208 392 33⁰
282 338 346 391 nm.
363 337 411 388 111.
428 334 665 388 aranearum.
685 332 727 383 nr
741 331 855 385 morse.
872 331 969 384 mra-
987 330 1112 383 assur.

139 457 232 533 illico
257 455 423 557 arripiant
446 477 487 527 ac
512 477 573 553 pro
597 478 635 527 se
659 450 851 539 adducant,
879 474 921 523 ea
945 474 1026 524 vero
1049 472 1142 548 quae
1165 446 1246 520 clara

139 571 237 660 sunt,
266 595 365 646 secus
390 593 431 642 nc
448 567 517 668 ipsi
535 582 705 669 optarent,
727 563 874 640 tenebris
891 561 1069 639 offundere
1095 566 1247 636 nitentur.

620 751 657 852 p.
686 749 773 823 mn.

584 902 622 953 ns
636 913 658 953 a.
674 899 819 965 namna.

212 1032 465 1132 Hipponensem
483 1030 673 1132 praesulem
690 1028 758 1103 sibi
775 1028 948 1105 adversari
966 1026 1190 1103 divortiorum
1207 1050 1250 1125 pa·

142 1147 230 1222 troni
257 1145 428 1234 sentiunt,
456 1171 496 1221 ac
519 1145 614 1226 ultro,
637 1144 804 1234 latentur;
824 1145 979 1245 quinimo
1012 1144 1130 1243 ipsum
1158 1139 1249 1216 veluti

141 1261 288 1363 primum
317 1260 421 1335 huius
452 1258 625 1335 doctrinae
656 1275 856 1337 assertorem
887 1259 931 1332 de
960 1255 1250 1332 indissolubilium

141 1375 331 1475 coniugalis
350 1375 488 1464 vinculi,
503 1375 604 1450 etiam
618 1374 860 1450 interveniente
872 1372 1049 1461 adulterio,
1066 1372 1249 1445 traducunt.

142 1493 230 1565 Sane
250 1489 462 1566 Chemnitius
488 1490 648 1565 audacter
671 1490 795 1564 asserit
820 1489 1052 1590 quaestionem
1079 1486 1172 1561 hanc
1189 1499 1253 1587 post

140 1604 320 1703 Augustini
338 1621 488 1706 tempora
505 1604 659 1705 coepisse
676 1603 841 1679 larvidiae
858 1603 1034 1703 disputmi,
1051 1617 1169 1701 patres
1185 1623 1252 1676 vero

142 1720 261 1795 eodem
285 1718 474 1820 Augustino
498 1719 726 1820 antiquiores:
751 1745 816 1792 aaa
845 1719 946 1805 adca,
973 1717 1117 1818 inquit,
1131 1717 1254 1817 [uenat

141 1836 269 1934 aspari,
298 1834 396 1921 dari,
426 1834 553 1908 humidi
581 1850 613 1908 et
644 1837 819 1920 immanes,
854 1849 893 1908 ut
922 1832 1057 1930 coniugi
1092 1827 1255 1907 innocenti

145 1948 288 2024 alterum
314 1949 452 2023 ineundi
478 1948 684 2024 connubium
701 1949 894 2024 facultatem
919 1947 1182 2046 denegaverint,
1209 1941 1256 2019 aad

144 2062 322 2137 mammas
344 2065 485 2150 rectius,
507 2068 732 2162 praestantius
757 2079 788 2137 et
807 2065 986 2165 persenties
1010 2088 1098 2148 esse,
1118 2061 1259 2135 sietiaat

146 2178 225 2263 ille,
254 2177 379 2276 quial
404 2177 557 2252 adultam
580 2194 756 2278 saporatas
776 2195 844 2265 ost,
871 2179 924 2253 ool
947 2191 1081 2251 maneat
1101 2179 1176 2251 sine
1192 2201 1258 2251 aas·

146 2292 249 2391 iupis,
262 2292 314 2365 val
330 2293 574 2366 reconciliatam
588 2319 724 2366 acorem
735 2319 851 2366 aursus
866 2293 1003 2392 recipiat
1019 2291 1258 2388 (fitillarum

144 2405 227 2505 quid
253 2406 421 2481 senserint
438 2423 551 2508 patres
564 2408 753 2506 Augustino
769 2409 977 2511 antiquiores
994 2407 1038 2481 ab
1056 2421 1171 2482 aetate
1191 2429 1260 2507 apo

145 2519 264 2594 stolica
289 2519 332 2594 nd
358 2547 388 2593 s.
409 2520 635 2619 Augustinum
660 2549 790 2622 nsque,
823 2548 864 2595 ex
895 2521 1007 2596 allatis
1036 2520 1195 2620 ipsorum
1222 2534 1260 2594 tc·

147 2634 316 2709 elimoniis
346 2632 480 2707 abunde
512 2635 631 2735 liquet.
652 2636 733 2710 ldeo
756 2660 835 2710 vero
861 2662 891 2710 s.
911 2637 1089 2710 Ductorem
1121 2635 1260 2736 primum

145 2749 249 2824 huius
274 2748 447 2824 doctrinae
471 2766 640 2825 auctorem
668 2751 814 2840 iaciunt,
836 2750 928 2851 quod
945 2750 1024 2825 data
1040 2775 1146 2850 opera
1163 2773 1260 2851 qnae·

146 2866 289 2942 stionem
307 2865 396 2939 hanc
413 2866 504 2940 omni
522 2866 588 2940 sub
605 2883 745 2967 aspectu
758 2866 959 2942 discusserit
971 2867 1006 2938 in
1020 2866 1159 2941 duobus
1172 2888 1260 2966 praa·

147 2981 262 3056 sertim
288 2982 336 3054 Da
363 2982 523 3079 coniugiis
548 2981 744 3056 adulterinis
769 2982 812 3055 ad
838 2981 1037 3056 Pollentiam
1066 2980 1181 3055 libris.

219 3097 283 3169 llic
308 3098 437 3197 quippe
462 3123 491 3172 s.
514 3097 738 3196 Augustinum
765 3098 830 3172 hac
854 3097 897 3171 de
921 3095 1124 3198 quaestione
1144 3120 1260 3171 oonsu-

146 3210 271 3297 lnerat,
300 3213 462 3285 nasein
488 3240 562 3286 eam
589 3214 790 3288 sententiam
815 3238 1021 3315 propensum
1047 3212 1257 3311 patefecerat,

147 3326 307 3398 nimirum
335 3352 436 3426 posse
468 3330 644 3426 coniugem
676 3327 907 3415 innocentem,
937 3326 1082 3400 dimisso
1116 3324 1260 3400 adulam

149 3440 303 3536 coniuge,
325 3442 420 3514 alteri
446 3469 484 3516 se
507 3444 688 3542 copulare:
708 3470 777 3544 quo
795 3469 900 3518 sensu
916 3469 955 3518 se
971 3441 1164 3541 intelligere
1180 3441 1260 3540 Apo

148 3551 225 3628 stoli
252 3571 376 3628 textum
404 3557 430 3627 1.
452 3555 528 3630 Cor.
550 3559 620 3630 vll.
641 3560 814 3660 professus
840 3574 903 3632 est.

221 3669 255 3743 S.
277 3670 484 3768 Augustinus
510 3698 530 3746 n
553 3699 629 3774 cap.
652 3675 680 3747 l.
700 3673 744 3747 ad
769 3675 854 3745 Vlll.
876 3672 1044 3748 eiusmodi
1070 3672 1259 3773 interpreta-

150 3784 274 3859 tionem
293 3785 435 3874 relellit;
456 3787 580 3861 deinde
597 3814 671 3889 cap.
693 3790 750 3860 lll.
772 3789 818 3860 ita
836 3788 1031 3886 aggreditur
1048 3788 1258 3887 praecipuum

150 3899 302 3973 Pollentii
329 3898 581 3998 argumentum,
611 3902 702 4001 quod
729 3902 853 4000 pariter
879 3919 931 3974 est
948 3900 1098 3974 Achilles
1118 3901 1256 3976 omnium

149 4015 417 4087 adversariorum
443 4015 657 4114 evangelicae
682 4033 715 4089 et
732 4015 936 4116 apostolicae
953 4014 1148 4103 doctrinae,
1168 4028 1257 4111 nque

151 4130 196 4202 ita
213 4130 388 4204 dissolvit:
405 4130 500 4204 «Cur
512 4158 608 4228 ergo,
631 4131 763 4231 inquis,
786 4131 988 4231 interposuit
1003 4130 1170 4206 Dominus
1186 4152 1253 4203 oau-

224 4281 290 4341 (tto)
307 4284 432 4333 uxamia.
444 4294 516 4333 conc.
527 4282 589 4334 trtd.
603 4286 632 4335 ta
641 4296 700 4335 aaa.
712 4285 766 4334 vll.
777 4296 839 4335 sess.
848 4285 935 4334 xxiv.
