2796 5064
143 333 212 407 Μ
286 356 347 407 ιιι.
365 357 412 408 ιιι.
429 356 515 407 asor.
532 357 661 407 rursm.
679 357 718 407 nn
732 356 845 409 runrss.
864 359 959 409 stra.
974 358 1102 411 eumer.

139 474 246 547 ctrina
273 489 339 547 est:
361 499 424 546 nec
457 472 564 546 virum
590 499 726 547 uxorem
744 498 861 559 suam,
890 500 952 547 nec
974 501 1113 551 uxorem
1139 477 1247 549 virum

141 615 238 661 suum
262 586 448 674 dimittere,
477 604 511 661 et
536 603 614 688 post
638 588 871 668 dimissionem
901 589 936 661 in
962 613 1048 664 nova
1077 604 1156 665 vota
1186 618 1254 664 ma·

139 702 342 777 trimonialia
360 705 502 777 transire
520 729 638 803 posse,
660 704 746 803 quin
767 702 924 779 adulterii
943 705 993 778 rei
1010 705 1115 792 liant3
1136 706 1180 779 ab
1198 708 1256 778 ini·

140 818 187 891 tio
218 818 307 890 enim
340 822 464 918 (quum
489 818 581 892 Deus
607 818 775 893 hominem
806 823 969 915 creasset)
996 820 1189 895 masculum
1222 838 1254 896 et

141 933 318 1007 loeminam
344 932 464 1009 lenisse
490 960 549 1009 eos
583 951 616 1008 et
648 934 802 1009 dixisse:
828 951 963 1034 propter
988 934 1066 1011 hoc,
1088 935 1254 1037 relinquet

140 1045 240 1120 bomo
254 1062 400 1145 patrem,
416 1064 449 1120 et
463 1064 614 1135 matrem,
631 1065 664 1121 et
677 1048 874 1123 adhaerebit
887 1051 983 1122 uirori
997 1075 1099 1136 suae,
1113 1067 1149 1124 et
1161 1067 1255 1126 erunt

141 1163 209 1236 duo
233 1162 269 1236 in
286 1189 386 1237 carne
411 1188 491 1250 una,
514 1165 604 1262 quod
625 1190 704 1262 ergo
729 1165 820 1239 Deus
844 1165 1037 1251 coniuniit,
1062 1165 1169 1241 bomo
1191 1192 1253 1239 non

140 1292 272 1376 separet
290 1280 431 1373 (110).»

211 1392 260 1465 Ex
286 1391 341 1466 his
371 1392 656 1494 deprehendimus
674 1421 753 1467 num
776 1419 854 1467 vere
876 1392 1097 1471 divortiorum
1120 1395 1249 1494 patroni

140 1507 386 1582 affirmaverint
411 1507 514 1585 terim
533 1507 613 1580 huic
638 1523 695 1581 aut
713 1507 944 1593 inserendam,
963 1523 1024 1582 aut
1038 1506 1160 1585 saltam
1179 1508 1252 1582 sub

139 1629 389 1727 intelligendam
426 1628 614 1704 clausulam
647 1627 909 1728 exceptionalem
938 1629 992 1703 de.
1010 1630 1248 1717 fornicationum

139 1745 308 1844 siquidem
335 1745 476 1844 perinde
504 1744 539 1817 id
567 1746 667 1831 leret,
688 1772 729 1819 ac
742 1743 851 1818 locum
873 1745 1090 1844 perspicuum
1116 1773 1178 1846 per
1197 1745 1250 1819 ob-

138 1886 274 1934 scurum
300 1885 491 1959 exponere3
521 1859 648 1932 deinde
672 1876 711 1933 ut
734 1859 802 1932 vim
828 1857 966 1932 haberet
982 1859 1124 1932 istorum
1149 1885 1249 1933 asser·

138 1976 197 2062 tio,
212 1975 349 2049 deberet
368 1975 526 2074 supponi,
542 1974 633 2073 quod
651 1974 774 2048 salsum
791 2000 868 2048 esse
883 1973 1114 2059 ostendimus,
1135 2000 1248 2072 nempe

139 2115 199 2186 per
229 2087 321 2162 illam
350 2086 555 2173 clausulam,
585 2087 755 2162 Christum
780 2089 816 2160 in
840 2113 923 2161 casu
948 2086 1107 2163 adulterii
1138 2088 1244 2162 coniu-

139 2202 230 2298 gium
257 2176 399 2277 dissolri
425 2200 596 2279 docuisse.

629 2418 666 2515 §-
689 2419 747 2491 ιιι.

197 2631 286 2683 Eadem
302 2634 413 2684 tertuum
428 2634 543 2709 Matthaei
563 2635 729 2699 interpretatio
743 2633 773 2684 dc
793 2635 907 2709 perpetua
927 2633 1035 2697 coniugii
1057 2635 1191 2684 Christiani

236 2711 448 2764 indissolubilitate
463 2726 493 2764 ea
505 2714 621 2777 sponsio
634 2716 702 2764 Rani.
716 2715 769 2762 vil.
784 2715 808 2763 et
819 2714 837 2762 Ι.
850 2715 907 2764 cor.
919 2715 972 2764 vii.
981 2713 1151 2764 confirmatur.

210 2902 365 2975 Scribens
383 2901 563 3000 Apostolus
583 2901 623 2974 ad
651 2901 829 2986 Romanos,
846 2918 882 2973 ut
903 2899 1095 2972 ostenderet
1122 2899 1241 2973 iudaeis

138 3016 180 3087 ad
207 3016 401 3114 religionem
442 3016 661 3089 christianam
687 3017 858 3089 conversis
883 3041 944 3114 per
960 3014 1085 3086 Christi
1114 3031 1241 3086 mortem

138 3129 295 3205 liberatos
326 3133 431 3205 luisse
460 3132 592 3228 elegis
621 3131 803 3217 servitute,
836 3156 930 3204 usus.
949 3146 1001 3202 est
1030 3129 1242 3201 similitudine

139 3271 199 3317 seu
223 3246 382 3343 allegoria
408 3246 577 3342 coniugii,
598 3245 689 3344 quod
715 3245 841 3318 tamdiu
868 3243 1050 3317 insolutum
1078 3244 1240 3342 perdurat.

137 3360 299 3456 quamdiu
317 3362 476 3457 coniuges
495 3362 529 3431 in
548 3361 635 3433 vivis
652 3376 753 3445 suut,
770 3359 911 3432 solvitur
935 3376 1046 3432 autem
1078 3385 1140 3457 per
1166 3382 1243 3430 rnor-

138 3491 203 3546 tem
223 3472 427 3549 alterutrius.
449 3476 504 3548 Sic
518 3502 616 3574 porro
629 3474 764 3549 scribit:
785 3501 861 3573 cap.
884 3475 952 3545 Vll.
971 3475 1041 3546 1-t.
1063 3473 1150 3544 «An
1164 3474 1244 3571 igne

139 3588 238 3673 ratis,
263 3590 380 3663 lratres
410 3591 614 3684 (scientibus
644 3591 734 3664 enim
760 3590 866 3686 legem
892 3588 1048 3688 loquor),
1079 3587 1172 3688 quod
1197 3587 1240 3659 ler

138 3701 173 3771 in
199 3701 334 3775 homine
365 3703 556 3790 dominatur
580 3721 705 3803 quanto
740 3722 889 3800 tempore
914 3701 1021 3774 vivit?
1046 3703 1132 3774 Nam
1166 3721 1242 3799 quac

138 3815 202 3887 sub
225 3817 298 3889 viro
315 3833 367 3890 est
385 3816 515 3902 mulier,
542 3818 674 3891 vivente
698 3816 771 3889 viro
789 3816 927 3912 alligata
951 3830 1003 3888 est
1027 3815 1118 3912 legi3
1140 3814 1170 3887 si
1195 3838 1242 3885 au

139 3947 203 4003 tem
229 3947 378 4006 mortuus
405 3933 504 4006 luerit
528 3935 579 4004 vir
603 3934 693 4017 eiua,
727 3931 836 4006 soluta
860 3945 912 4004 ast
937 3957 957 4002 a
983 3929 1057 4027 lege
1081 3929 1158 4003 viri.
1187 3925 1242 4022 lgi-

139 4063 192 4118 tur
220 4048 350 4120 vivente
375 4049 464 4131 viro,
493 4048 666 4122 vocabitur
698 4046 868 4130 adultera,
897 4046 927 4118 si
957 4043 1056 4119 luerit
1081 4041 1240 4117 eumalio

211 4278 276 4339 (ιιι)
289 4278 351 4328 inid.
365 4278 388 4342 §.
400 4287 437 4330 es.
