2796 5064
205 422 279 480 aar.
293 427 328 479 rt.
341 429 381 479 nr
399 424 510 481 mores.
524 428 619 481 uara.
634 428 666 481 m
679 429 768 481 eius.
789 431 901 482 inum.
919 433 990 483 mr.
1005 433 1052 483 ur.
1124 403 1189 483 tit

105 542 456 647 lmsmrequieum
481 547 626 622 dimissa
651 547 863 621 fornicariam
891 549 992 624 vitam
1022 569 1142 649 agente
1164 579 1203 628 se

105 661 337 749 iniunxerint;
359 678 460 762 atque
472 663 639 737 eiusmodi
653 662 914 737 adulterinarum
930 666 1200 744 coniunctionum

105 802 173 851 mm
204 776 276 849 lieri
304 777 482 865 maritum,
519 779 578 879 qui
604 805 741 853 uxorem
767 806 863 853 suam
888 782 1134 882 repudiaverit,
1162 810 1203 858 eo

105 917 156 966 teo
177 893 271 992 quod
287 893 465 966 uinculum
493 895 545 966 sui
572 894 720 992 coniugii
748 895 848 967 etiam
870 912 947 995 post
971 893 1201 973 dimissionem

105 1024 293 1096 srseverat;
324 1008 640 1110 alioquindixisset
661 1009 816 1084 Christus
834 1012 917 1110 [ecit
933 1039 1005 1084 com
1021 1014 1206 1112 semmoth:

105 1150 144 1198 on
170 1138 285 1195 autem
311 1124 489 1221 faciteam
513 1124 685 1196 moechari.

164 1237 266 1324 Quod
293 1238 324 1310 si
349 1237 470 1309 mulier
492 1238 565 1311 viro
591 1264 653 1312 suo
682 1239 893 1313 dimissionis
925 1243 1046 1315 iustam
1072 1243 1203 1317 dederit

105 1378 219 1426 tusam
246 1344 672 1452 propter'iornicationem,
694 1378 754 1426 seu
775 1355 886 1454 potius
905 1355 1106 1429 adulterium
1124 1385 1201 1431 cum

105 1469 185 1542 ltere
211 1483 400 1566 patratum,
429 1468 482 1541 vir
506 1495 578 1541 eam
603 1469 803 1542 dimittendo
825 1494 890 1542 non
917 1471 1039 1569 poterit
1055 1472 1201 1572 amplius

105 1610 155 1659 us
188 1610 268 1658 esse
296 1584 474 1672 adulterii,
502 1584 593 1683 quod
627 1584 769 1657 dimissa
801 1610 886 1658 uxor
915 1587 1096 1685 patraverit
1128 1589 1203 1663 siue

105 1700 174 1775 lteri
205 1699 385 1786 nubendo,
413 1700 484 1773 sive
509 1700 611 1774 vitam
648 1699 858 1774 inhonestam
894 1701 1068 1790 ducendo;
1104 1703 1203 1777 melia

105 1840 145 1893 ae
169 1817 263 1888 enim
289 1841 372 1889 suae
395 1817 496 1889 unice
519 1814 714 1890 adscribere
743 1842 784 1890 ea
813 1815 970 1903 deberet,
994 1819 1066 1892 sive
1094 1836 1202 1893 attan-

105 1946 164 2006 iret
198 1924 386 2005 secundum
417 1931 636 2029 coniugium,
666 1932 737 2005 sive
762 1958 838 2005 eum
870 1931 991 2007 alienis
1017 1934 1119 2007 vitam
1149 1935 1202 2006 in·

105 2063 258 2122 noestam
277 2047 433 2135 doeeret;
455 2063 569 2121 contra
592 2074 671 2121 vero
696 2046 848 2147 complex
866 2047 985 2121 horum
1003 2049 1200 2125 delictorum

105 2178 169 2236 sset
194 2188 236 2233 ex
262 2160 387 2233 Christi
410 2161 522 2235 verbis
548 2161 600 2233 vir
628 2161 702 2248 ille,
731 2162 789 2262 qui
817 2160 946 2262 absque
972 2163 1201 2239 fornicationis

105 2296 138 2351 nr
155 2275 315 2351 adulterii
339 2275 481 2350 crimine
514 2301 651 2350 uxorem
677 2302 774 2350 suam
801 2277 835 2349 in
862 2294 1061 2378 perpetuum
1088 2280 1201 2354 dimit-

105 2408 172 2468 ret.

149 2509 367 2609 Quapropter
391 2509 545 2609 sequitur
572 2536 612 2582 ex
637 2503 800 2582 orationis
830 2510 917 2582 serie
941 2526 1042 2610 atque
1066 2536 1107 2584 ex
1132 2527 1200 2586 toto

105 2642 237 2701 mtextu
260 2624 438 2698 uerborum
468 2622 616 2711 Christi,
649 2624 740 2697 hunc
765 2623 813 2695 illi
841 2626 1028 2698 sententiae
1058 2625 1201 2700 subesse

105 2768 217 2817 meum
237 2769 244 2812 :
276 2771 294 2811 o
311 2741 431 2814 Omnis
449 2740 507 2840 qui
525 2762 661 2813 uxorem
681 2766 776 2813 suam
794 2755 927 2839 praeter
946 2740 999 2813 vel
1024 2740 1108 2814 citra
1133 2741 1201 2814 for·

105 2856 260 2932 icationis
285 2882 421 2930 oausam
448 2855 603 2943 dimittit,
637 2855 847 2928 occasionem
873 2855 1028 2953 praebet,
1064 2871 1101 2928 ut
1125 2857 1198 2954 pari

105 2973 209 3048 itione
235 2972 388 3045 adultera
409 2972 488 3058 fiat,
516 2972 545 3045 si
569 2987 646 3071 post
663 2996 759 3044 suam
777 2969 1010 3043 dimissionem
1028 2970 1123 3043 alteri
1141 2997 1200 3044 nu·

105 3088 205 3174 serit,
234 3103 335 3188 prout
358 3087 436 3175 illa,
465 3113 553 3186 quae
578 3086 622 3160 oh
646 3110 783 3159 oausam
806 3085 1038 3160 [emicationis
1056 3087 1200 3160 dimissa

105 3205 160 3293 rit,
179 3203 332 3278 adultera
345 3221 415 3291 est,
432 3201 513 3302 quia
526 3203 654 3287 omnis,
671 3202 730 3302 qui
743 3201 921 3275 dimissam
935 3202 1085 3289 duxerit,
1107 3203 1199 3276 adul-

105 3319 200 3393 rium
222 3318 419 3403 committit;
448 3343 509 3392 seu
533 3316 625 3417 quod
650 3316 740 3388 idem
765 3332 836 3403 est,
865 3316 918 3389 vir
940 3341 1075 3390 uxorem
1102 3344 1199 3391 suam

105 3433 209 3541 haque
227 3433 458 3508 fornicationis
476 3458 579 3506 causa
594 3431 759 3532 repellens
774 3491 781 3519 ,
799 3431 1047 3531 quodammodo
1064 3433 1200 3507 inchoat

105 3551 301 3638 lutherium,
326 3550 417 3649 quod
442 3576 502 3648 per
526 3549 645 3621 initum
671 3549 915 3621 cum'dimissa
938 3574 1060 3621 novum
1086 3550 1200 3622 matri*

105 3668 229 3743 ionium
248 3682 520 3753 consummatur;
542 3681 657 3740 eontra
673 3655 753 3738 vero
769 3665 840 3752 vir,
868 3665 926 3765 qui
948 3690 1084 3738 uxorem
1102 3691 1198 3738 suam

105 3783 121 3857 h
143 3808 286 3857 causam
311 3781 540 3855 lomieatienis
559 3809 579 3854 a
596 3809 634 3855 se
652 3781 824 3880 repudiat,
849 3797 984 3879 separat
1006 3780 1142 3879 quidem
1161 3807 1198 3853 se

105 3897 200 3972 hilla
224 3915 395 3997 tamquam
422 3897 549 3969 infideli
574 3913 746 3983 consorte,
772 3894 928 3969 adulterii
950 3911 1061 3969 tamen
1088 3897 1197 3994 ipsius

105 4040 183 4089 tusa
207 4030 242 4087 et
267 4013 379 4086 socius
402 4039 467 4086 non
493 4014 657 4100 eflicitur,
678 4015 804 4114 qpippe
822 4040 909 4112 quae
934 4014 1078 4112 ipsamet
1101 4011 1197 4084 adul-

105 4129 199 4204 rium
225 4129 467 4228 perpetrando,
496 4129 681 4203 adulteram
708 4157 744 4202 se
770 4126 870 4215 laoit;
899 4129 958 4202 sed
983 4130 1054 4217 vir,
1076 4128 1199 4229 quiite

105 4245 257 4319 imissam
283 4245 401 4331 ducit,
431 4244 633 4317 adulterium
659 4244 768 4344 ipsius
793 4246 987 4331 continuat,
1023 4268 1100 4317 eum
1130 4268 1196 4315 non

105 4359 291 4458 >ningalem
316 4361 530 4449 societatem,
555 4353 615 4435 sed
636 4361 859 4436 adulterinum
890 4361 1095 4435 connubium
1120 4385 1197 4433 cum

1102 4476 1124 4519 s
