2796 5064
272 382 1097 440 cir.urnrssnsnrmncrnrnnrss.curamur.
1184 362 1253 432 att

143 503 307 579 defuerint
330 504 432 594 olim,
461 531 570 605 neque
594 504 695 579 hodie
720 503 832 578 adbuc
852 503 966 578 desint
984 503 1072 577 inter
1087 503 1183 601 ipsos
1202 528 1258 577 ca·

142 622 305 708 tbolicos,
326 623 406 722 qui,
433 621 678 696 nonobstante
704 620 839 695 concilii
865 619 1038 693 tridentini
1065 619 1255 705 sanctione,

140 738 233 810 veriti
259 763 327 812 non
353 737 422 811 sint
444 763 655 838 propugnare
679 736 880 811 contrariam
904 735 1104 811 doctrinam.

212 850 294 926 Ideo
317 876 397 926 vem
422 855 458 925 in
483 852 603 953 quinto
627 852 741 926 seculo
766 850 1003 939 consistimus,
1026 851 1126 952 quia,
1155 867 1193 924 ut
1210 851 1261 924 vi·

140 965 272 1052 dimus,
292 964 503 1040 Chcmnitius
527 965 654 1064 aliique
675 992 751 1041 cum
776 992 816 1040 co
841 964 924 1039 lassi
951 981 1030 1039 sunt
1048 981 1125 1064 post
1146 992 1175 1040 s.
1192 965 1262 1038 Aa·

139 1081 314 1179 guatinum
345 1083 509 1155 horridius
538 1083 703 1184 disputari
738 1085 796 1156 bno
827 1083 866 1155 de
893 1109 928 1154 rc
959 1084 1127 1179 coepisse,
1161 1081 1260 1180 quasi

139 1222 261 1296 nempe
286 1197 508 1296 hipponensis
537 1196 670 1297 praesul
697 1197 846 1271 omnium
874 1196 1024 1295 primus,
1061 1196 1115 1268 sin
1146 1195 1260 1271 minus

139 1336 262 1384 novam
288 1312 323 1382 in
349 1311 526 1386 ecclesiam
552 1313 596 1386 de
616 1311 912 1386 indissolubilitatc
929 1310 1115 1409 coniugalis
1133 1310 1259 1385 vinculi

139 1426 293 1500 intulerit
305 1426 510 1515 doctrinam,
527 1427 646 1502 saltem
666 1427 829 1502 hactenus
848 1428 1028 1527 ancipitem
1045 1453 1085 1499 ac
1102 1427 1257 1515 dubiam,

137 1540 243 1614 veluti
261 1557 387 1615 certam
404 1541 618 1617 adstruxerit.
644 1543 679 1613 Si
698 1542 838 1642 proinde
863 1542 967 1616 semel
991 1542 1176 1616 constiterit
1193 1543 1262 1616 Au-

139 1655 315 1752 guatinum
328 1673 362 1730 et
373 1681 449 1730 cnm
463 1682 504 1730 co
521 1657 702 1731 concilium
718 1656 948 1731 milevitanum
963 1683 1028 1731 non
1043 1657 1261 1757 proposuisse

139 1769 208 1842 nisi
235 1768 423 1843 doctrinam
449 1771 574 1845 seculis
595 1771 758 1845 anteactis
780 1771 907 1872 ubique
930 1772 1109 1846 theoretice
1127 1799 1166 1845 ac
1184 1800 1261 1873 pra-
1361 1869 1363 1873 ,

140 1886 226 1957 otice
243 1903 459 1985 propagatam
472 1911 512 1960 ac
530 1887 707 1975 traditam,
724 1913 867 1987 pronum
884 1889 948 1962 crit
966 1889 1088 1962 inferre
1106 1906 1175 1961 tum
1193 1890 1261 1961 du-

139 2000 333 2096 gustinum,
355 2016 426 2075 tum
451 2003 661 2079 milevitanos
685 2020 796 2103 patres
823 2002 917 2076 iilum
938 2004 1128 2078 traditionis
1156 2004 1261 2078 luisse

141 2116 334 2202 insecutos,
362 2116 515 2217 adeoque
540 2118 613 2191 iure
637 2116 817 2192 concilium
844 2118 1060 2192 tridentinum
1085 2120 1258 2205 sanxisse,

140 2229 321 2305 ecclesiam
337 2257 404 2305 non
423 2259 567 2321 errasse,
588 2233 669 2308 dnm
692 2233 806 2308 docuit
825 2261 865 2308 ac
889 2235 986 2310 docet
1009 2235 1099 2308 iuxta
1119 2261 1264 2333 evange·

140 2345 244 2419 licam
269 2362 303 2421 et
326 2348 546 2446 apostolicam
567 2349 774 2438 doctrinam,
799 2350 1049 2425 matrimonium
1067 2350 1111 2425 ob
1133 2349 1263 2424 adulte·

141 2462 231 2534 rium
256 2461 393 2537 alterius
417 2464 570 2563 coniugis
596 2490 663 2540 non
691 2491 793 2564 posse
818 2464 970 2540 dissolui.

219 2575 372 2650 Ceterum
397 2579 487 2679 quod
509 2580 628 2653 attinet
649 2580 692 2653 ad
719 2598 935 2654 monumenta
961 2582 1181 2682 posteriorum
1208 2607 1262 2654 sc-

140 2693 314 2780 culorum,
334 2719 377 2766 ne
396 2693 528 2792 longior
548 2721 650 2795 qnam
669 2721 731 2793 par
749 2697 805 2783 sit,
829 2712 942 2769 nostra
960 2695 1168 2769 elucubratio
1185 2720 1263 2767 eva-

141 2807 223 2893 dat,
244 2832 285 2881 ca
302 2808 406 2883 veluti
420 2809 454 2881 in
467 2810 706 2910 compendium
725 2837 801 2884 mox
817 2810 1027 2908 redigemus,
1049 2808 1261 2910 potissimum

142 2947 224 2995 vero
242 2947 330 3021 quae
352 2949 372 2997 a
392 2922 542 2998 venatis
569 2924 700 2997 tramite
725 2923 901 2998 dollectcre
922 2924 996 2997 visa
1023 2940 1117 3009 sunt,
1146 2949 1263 3020 exege-

143 3038 222 3112 ticis
246 3054 280 3112 et
303 3040 429 3114 criticis
455 3039 804 3114 animadversionibus
823 3040 1065 3140 expendemus.

219 3154 263 3228 Ut
287 3155 388 3252 igitur
413 3157 562 3230 nuncin
587 3156 797 3231 documentis
828 3156 976 3257 priorum
1007 3157 1158 3256 quinque
1182 3183 1263 3232 con·

142 3273 307 3345 sistamus
331 3269 540 3360 seculorum,
570 3272 650 3345 binc
675 3287 808 3372 patrum
841 3271 1046 3360 doctrinam,
1082 3272 1161 3346 inde
1184 3298 1264 3346 vero

142 3385 412 3459 aduersariorum
425 3386 637 3486 exceptiones
656 3384 914 3486 perpendemus.
933 3385 996 3457 Alii
1017 3387 1131 3488 itaque
1151 3414 1190 3462 ex
1208 3415 1265 3488 pa·

142 3500 253 3574 tribus
266 3517 380 3600 aperte
397 3517 429 3574 et
446 3501 575 3602 absque
593 3501 734 3599 ambage
748 3503 869 3576 docent
887 3502 921 3573 in
938 3501 1029 3576 nullo
1046 3529 1146 3591 casu,
1163 3519 1263 3602 atque

142 3615 272 3690 idcirco
292 3643 335 3689 nc
356 3616 595 3690 interveniente
618 3617 754 3715 quidem
774 3615 961 3704 adulterio,
982 3618 1122 3692 dissolvi
1149 3619 1265 3691 coniu-

140 3733 235 3828 gium
254 3757 372 3833 posse,
398 3731 445 3804 ita
463 3749 516 3817 ut,
538 3732 668 3805 vivente
693 3732 805 3804 adbuc
823 3732 926 3805 altero
953 3734 1111 3830 coniuge,
1134 3732 1265 3831 absque

140 3845 299 3919 adulterii
328 3846 492 3933 facinore,
521 3847 648 3919 nemini
675 3848 726 3920 las
754 3848 799 3920 sit
824 3848 920 3920 alteri
944 3874 980 3920 se
1002 3848 1171 3946 copulare.

216 3958 313 4034 Tales
339 3987 438 4060 porro
464 3977 561 4046 sunt,
586 3978 622 4032 ut
638 3961 808 4048 vidimus,
830 3962 971 4034 Hermas
990 3962 1042 4033 vir
1059 3959 1264 4060 apostolicus

139 4101 183 4149 ac
208 4076 333 4150 Romae
358 4076 505 4174 degens,
533 4075 781 4173 Athenagoras,
811 4077 983 4163 lustinus,
1013 4075 1261 4162 Tertullianus,

139 4192 299 4266 Clemens
321 4191 428 4278 alex,
449 4191 631 4289 Origenes,
658 4192 867 4292 Cyprianus,
896 4191 1021 4292 quibus
1047 4190 1171 4265 addere
1189 4216 1265 4290 pos·

138 4334 262 4382 sumus
279 4335 320 4380 ex
344 4308 441 4381 tertio
461 4307 575 4381 seculo
593 4323 762 4381 auctorem
780 4304 966 4394 canonum,
993 4305 1050 4404 qui
1068 4305 1169 4402 vulgo
1186 4332 1266 4404 cpo-
