2796 5064
240 201 309 272 tta
386 222 447 274 tra.
464 222 512 273 ιιι.
529 221 616 272 sacr.
633 221 763 272 arreni.
782 221 823 272 ur
834 218 946 272 tuntas.
963 219 1061 272 arra.
1080 219 1207 272 cumsr.

235 344 304 429 vit,
328 367 388 441 per
405 366 567 415 canonem
586 341 802 414 tridentinum
822 340 856 412 in
878 340 980 438 priori
995 340 1106 413 forma
1120 339 1254 439 praxim
1271 364 1349 436 grae·

236 482 352 531 corum
377 457 591 543 damnatam,
617 456 651 527 in
670 457 845 555 posteriori
865 471 975 528 autem
999 456 1110 530 forma
1129 455 1298 528 toleratam
1311 456 1349 527 ab

237 571 380 644 ecclesia
407 572 523 643 luisse.
546 570 629 642 (lum
648 596 726 643 vero
747 570 816 642 fieri
837 586 982 669 nequeat
1003 589 1040 642 ut
1064 570 1215 644 ecclesia
1236 571 1351 668 opinio

238 712 314 758 nem
340 686 393 757 cui
421 685 575 758 innititur
591 710 786 782 graecorum
808 686 922 783 praxis
940 684 1081 757 tolerare
1101 702 1243 783 posset,
1263 684 1353 783 siqui·

238 800 314 872 dem
332 825 372 873 ea
389 817 480 873 esset
496 826 657 884 erronea,
687 798 807 871 exinde
824 798 995 871 concludit
1011 798 1246 898 Courayerius
1264 815 1350 871 totam

239 914 327 988 hanc
344 916 387 988 de
403 915 528 989 vinculi
547 913 803 988 matrimonialis
817 913 1118 987 indissolubilitate
1130 915 1351 1015 quaestionem

239 1032 324 1104 inter
349 1057 402 1104 res
428 1056 520 1103 mere
545 1030 782 1130 disciplinares
809 1029 1017 1103 referendam
1043 1056 1123 1103 esse
1148 1033 1242 1126 (at).

310 1146 365 1220 Sic
383 1147 508 1246 pariter
525 1146 693 1219 launoius
711 1144 995 1245 quemadmodum
1008 1163 1139 1218 ceteros
1152 1171 1300 1220 canones
1313 1147 1347 1217 ll.

239 1263 298 1334 lll.
328 1263 380 1334 lv.
410 1279 443 1337 et
465 1263 538 1335 llll.
575 1262 626 1336 sic
650 1262 750 1335 etiam
768 1261 837 1332 Vll.
867 1260 958 1363 hunc
982 1285 1147 1334 canonem
1179 1261 1226 1334 de
1259 1261 1352 1332 indis·

239 1377 446 1452 solubilitate
471 1378 673 1452 matrimonii
701 1378 735 1449 in
761 1402 843 1450 casu
868 1376 1024 1450 adulterii
1051 1377 1140 1449 inter
1165 1376 1352 1477 disciplina·

241 1521 294 1568 res
321 1494 509 1580 accensuit,
535 1494 581 1566 ita
607 1495 699 1567 utin
721 1493 884 1566 ecclesiae
901 1508 1065 1590 potestate
1083 1491 1130 1564 sit
1146 1491 1352 1592 disciplinam

239 1610 303 1685 hoc
317 1612 351 1682 in
365 1635 494 1684 canone
507 1610 671 1682 sancitam
685 1635 746 1706 pro
759 1609 886 1681 ratione
900 1607 1059 1708 temporis
1073 1606 1258 1680 immutare
1273 1610 1349 1702 (35).

324 1725 450 1799 llorum
478 1725 630 1821 vestigiis
655 1724 836 1797 inhaerens
862 1725 888 1795 l.
918 1723 957 1794 Α.
986 1723 1117 1809 Braun,
1151 1749 1195 1795 ex
1226 1722 1352 1795 historia

241 1841 381 1914 canonis
395 1841 478 1913 satis
491 1835 647 1913 constare
659 1841 707 1912 ait
720 1839 915 1912 tridentinos
934 1839 968 1909 iu
987 1838 1102 1911 animo
1115 1863 1185 1912 non
1205 1838 1353 1911 habuisse

240 1981 301 2028 ceu
316 1953 395 2028 fidei
409 1955 532 2052 dogma
550 1960 747 2053 proponere,
768 1980 836 2054 quo
854 1955 1105 2027 matrimonium
1124 1954 1229 2027 etiam
1248 1955 1281 2026 iu
1300 1953 1353 2025 lor·

241 2068 420 2143 nicationis
438 2094 521 2142 casu
540 2067 721 2142 insolubile
739 2071 803 2157 sit,
829 2095 891 2141 nec
918 2067 1079 2142 habuisse
1097 2066 1134 2138 in
1152 2069 1269 2142 animo
1285 2093 1352 2140 aua·

241 2185 387 2259 themate
411 2211 566 2284 graecos,
596 2186 748 2285 aliosque
774 2185 924 2285 alioquin
949 2182 1136 2258 catholicos
1163 2184 1350 2283 percellere,

239 2300 296 2400 qui
322 2301 562 2375 contenderant
589 2301 837 2374 matrimonium
855 2299 1018 2383 dissolvi,
1048 2299 1255 2373 adveniente
1270 2297 1353 2371 adul·

240 2416 313 2490 terii
336 2442 437 2502 casu,
459 2417 518 2490 sed
538 2415 732 2489 lutheranus
752 2432 784 2489 et
805 2415 1022 2498 calvinistes,
1043 2414 1102 2512 qui
1122 2414 1290 2487 ecclesiae
1304 2412 1353 2484 do

239 2532 366 2604 ctrinae
389 2557 566 2604 censuram
592 2532 813 2614 inusserant,
851 2546 1039 2602 asserentes
1066 2554 1142 2600 eam
1170 2555 1250 2602 esse
1278 2553 1353 2600 erre

242 2673 337 2720 neam
352 2665 383 2719 et
397 2649 620 2747 tyrannicam.
644 2647 772 2718 Deinde
794 2645 946 2745 pluribus
966 2645 1185 2744 prosequitur
1206 2668 1351 2717 canonem

242 2762 458 2835 tridentinum
484 2788 559 2834 esse
584 2758 860 2858 disciplinarem,
889 2785 929 2832 eo
958 2758 1047 2857 quod
1080 2757 1352 2832 indissolubilius

242 2877 444 2950 matrimonii
472 2902 687 2975 nequaquam
707 2877 751 2947 sit
768 2875 810 2947 ab
829 2874 971 2947 ecelesia
991 2874 1189 2971 proposita,
1212 2892 1245 2948 et
1262 2901 1282 2946 0
1298 2875 1352 2943 lleo

244 3018 302 3089 per
319 3010 472 3064 auctores
490 2992 671 3063 canonicos
691 2988 874 3063 formaliter
892 2988 1057 3074 revelata3
1080 3005 1112 3060 ct
1131 2990 1225 3088 quod
1244 2989 1352 3061 veritas

243 3106 325 3178 haec
352 3107 385 3176 in
406 3105 550 3178 ecclesia
572 3131 639 3178 non
658 3106 702 3178 sit
719 3120 911 3177 constanter
928 3103 1067 3188 tradita,
1090 3103 1275 3204 desintque
1292 3105 1354 3174 olm·

243 3237 386 3293 racteres
399 3222 608 3318 dogmaticae
623 3221 878 3320 propositionis;
903 3221 1038 3291 demum
1057 3220 1253 3292 concludit:
1277 3221 1353 3288 «Pro

243 3335 356 3432 regula
382 3337 550 3430 generali,
576 3363 616 3407 ex
644 3363 711 3435 qua
738 3337 765 3409 si
795 3337 884 3434 leges
911 3352 968 3407 aut
999 3360 1141 3435 praxes,
1168 3337 1269 3408 etiam
1287 3357 1354 3431 apo

242 3448 398 3535 stolicae,
427 3449 609 3548 aliquando
636 3468 831 3535 cessarunt,
863 3449 1040 3522 autetiam
1064 3448 1354 3521 00010000ιίηο-

243 3565 303 3636 rirs
334 3563 512 3647 ecclesiis,
542 3589 602 3635 eae
635 3565 871 3661 disciplinares
898 3581 999 3647 sunt,
1038 3588 1205 3634 canonem
1234 3584 1354 3661 quoquc

243 3680 459 3752 tridentinum
486 3679 621 3751 nonnisi
650 3679 903 3776 disciplinarem
929 3704 1005 3750 esse
1027 3682 1117 3773 (36).
1140 3711 1158 3746 u

322 3860 371 3920 (ot)
389 3861 458 3908 Hist.
476 3857 513 3907 du
530 3856 668 3906 concilim
687 3859 786 3906 Trentc.
805 3855 957 3906 amsterdam
978 3861 1045 3906 1750.
1061 3858 1122 3904 tom.
1137 3859 1184 3905 lll.
1197 3871 1221 3920 p.
1238 3865 1277 3906 st.

320 3943 369 3999 (35)
390 3943 467 4001 scota
482 3944 508 3988 tn
527 3941 607 3988 metr.
621 3940 716 4001 potest.
730 3951 789 3999 opp.
804 3939 845 3986 cit.
858 3937 897 3986 ed.
910 3939 970 3986 tom.
987 3939 1006 3985 1.
1020 3940 1084 3999 part.
1098 3939 1129 3986 ll.
1148 3951 1204 4000 pag.
1219 3943 1325 3986 ateste.

322 4023 371 4080 (ta)
391 4021 634 4069 decertaturum
655 4020 817 4067 matrimonii
839 4017 978 4066 vinculum
998 4020 1023 4066 ct
1045 4020 1074 4066 in
1094 4029 1161 4067 0000
1181 4017 1307 4067 adulterii
1324 4011 1353 4062 ol·

246 4101 328 4146 teitus
349 4102 489 4161 contueatur
512 4101 569 4146 ture
589 4096 693 4156 divino,
721 4109 754 4145 on
777 4096 863 4146 colum
886 4100 943 4146 turc
963 4096 1140 4147 ecclesiastico
1165 4095 1305 4148 insolabile
1319 4095 1353 4141 stt.

244 4180 382 4240 ‚tinguntur
397 4184 463 4229 1787.
483 4179 549 4242 apud
571 4177 1056 4239 111011ιο000,0011000001100001009.
1072 4177 1106 4226 de
1116 4180 1296 4228 matrimonio.
1306 4177 1354 4223 Dut-
