2796 5064
257 381 328 431 ear.
345 380 381 431 rr.
398 379 437 430 nr
455 379 632 430 notrorum
649 377 849 430 successiva.
865 378 937 431 aar.
952 378 988 430 11.
1099 358 1168 431 iti

62 500 282 582 scortationem
307 512 369 570 aut
383 521 461 569 cum
482 496 574 569 viros
594 496 695 594 priori
715 495 973 595 superinductos
991 520 1068 569 cum
1089 497 1172 573 ‘uiris

60 629 227 711 comparat
245 611 395 685 mulieris
419 610 665 698 samaritanae,
688 612 748 710 qui
771 627 848 711 post
869 611 1015 710 primum
1037 612 1174 710 proprie

60 729 113 801 riri
139 754 210 803 non
228 727 384 815 luerunt,
403 753 481 801 cum
500 726 576 800 talis
594 752 635 800 ex
652 728 726 800 eius
746 726 911 800 sententia
929 725 1064 802 nonnisi
1083 754 1174 802 unus

60 845 154 918 luerit
174 846 288 938 (1⁰2).
315 842 389 928 Quo
410 868 514 914 sensu
540 842 630 914 idem
648 869 678 914 s.
696 843 793 915 Pater
814 841 953 939 intelligi
975 840 1175 916 debetcum

60 960 153 1032 relert
172 983 212 1030 se
229 960 353 1032 Romae
369 956 498 1030 vidisse
522 955 624 1030 «duo
643 957 729 1028 inter
751 981 788 1029 se
812 956 909 1055 paria
929 955 1175 1030 vilissimorum

60 1072 191 1172 eplebe
207 1072 383 1146 hominum
399 1086 614 1171 comparata,
634 1096 760 1158 unum,
780 1071 839 1170 qui
856 1071 976 1169 viginti
994 1072 1177 1171 sepelisset

60 1214 197 1276 uxores,
217 1186 374 1275 alteram,
395 1213 482 1286 quae
499 1186 697 1261 vicesimum
713 1185 899 1260 secundum
917 1186 1095 1262 habuisset
1108 1214 1176 1261 ms·

62 1304 180 1391 ritum,
200 1318 348 1377 extremo
369 1302 435 1376 sihi
453 1359 461 1389 ,
481 1317 518 1374 ot
542 1303 609 1400 ipsi
628 1301 812 1400 putabant,
834 1302 1048 1376 matrimonio
1070 1328 1175 1403 copu-

61 1417 152 1492 latos.
182 1418 321 1490 Summa
344 1416 495 1490 omnium
519 1417 707 1515 expectatio
724 1416 873 1490 virorum
892 1417 1016 1517 pariter
1039 1443 1078 1490 ac
1106 1418 1176 1491 loe·

64 1534 248 1620 minarum,
268 1549 346 1632 post
362 1548 472 1606 tantas
490 1532 592 1605 rudes
610 1532 807 1631 quisquam
824 1532 920 1630 prius
933 1531 1075 1605 efferret.
1094 1531 1178 1605 llicit

64 1647 219 1734 maritus,
249 1663 298 1733 et,
322 1646 425 1719 totius
439 1645 539 1719 Urbis
558 1644 683 1746 populo
701 1645 906 1732 confluente,
927 1661 1127 1731 coronatus,
1147 1660 1180 1718 et

64 1761 206 1859 palmam
220 1775 338 1835 terrem
352 1760 598 1860 adoreamque,
614 1786 675 1859 per
687 1760 839 1858 singulos
858 1761 922 1835 sibi
937 1760 1175 1846 acclamantes,

65 1877 172 1950 uxoris
197 1875 407 1949 multinubae
431 1876 588 1950 feretrum
614 1875 848 1973 praecedebat.
884 1875 976 1961 Quid
1002 1876 1176 1961 dicemus,

65 1992 190 2082 subdit,
211 1990 272 2065 tali
289 1990 446 2065 mulieri?
463 1991 589 2091 Nempe
607 1990 715 2078 illud,
736 1991 827 2090 quod
849 1991 1014 2065 Dominus
1038 1990 1181 2063 Samari·

65 2124 155 2180 tanae
173 2133 182 2177 ε
202 2106 322 2204 uiginti
340 2106 427 2180 duos
449 2104 598 2179 habuisti
625 2105 785 2192 maritos,
813 2122 847 2179 et
868 2106 974 2179 istea
999 2130 1067 2204 qno
1092 2130 1181 2178 nunc

65 2220 238 2320 sepeliris,
258 2247 326 2295 non
341 2237 394 2295 est
411 2236 488 2293 tuus
504 2222 643 2316 (¹⁰3l·”
660 2221 745 2292 Nam
762 2220 798 2291 in
811 2219 877 2294 bac
896 2221 971 2319 ipsa
988 2217 1132 2319 epistola
1145 2219 1181 2291 in

65 2364 126 2436 qua
147 2337 215 2409 hoc
237 2335 360 2409 lactum
379 2335 499 2421 refert,
528 2351 642 2434 aperte
660 2349 864 2434 protestatur
882 2361 919 2408 se
937 2361 1003 2409 non
1021 2334 1182 2407 damnare

65 2451 246 2547 digamiam
270 2448 407 2523 dicens:
432 2448 556 2534 «Quid
579 2447 705 2545 igitur?
723 2449 923 2522 damnamus
943 2448 1093 2522 secunda
1111 2475 1183 2521 ma·

65 2562 243 2637 trimonia?
268 2563 374 2637 absit:
405 2563 465 2636 sed
487 2588 704 2659 monogamos
725 2562 769 2635 ad
795 2564 1040 2637 continentiam
1068 2588 1183 2661 provo

66 2704 215 2752 camus.»
245 2678 341 2764 Quod
367 2693 480 2750 autem
506 2678 582 2750 hoic
608 2678 725 2750 scribit
749 2705 778 2751 s.
796 2679 1022 2777 Hieronymus
1041 2677 1183 2775 intelligi

67 2819 208 2893 aequum
234 2808 287 2866 est
312 2818 377 2867 non
402 2792 584 2866 destricta
606 2808 733 2864 tantum
759 2792 926 2891 digamia,
950 2792 1011 2865 sed
1031 2792 1074 2864 de
1092 2791 1184 2890 poly-

136 3047 207 3110 (ιω)
222 3046 362 3099 iiotandum
377 3048 414 3097 cst
428 3059 478 3097 non
489 3045 564 3098 modo
574 3049 731 3098 s.irenseom
742 3060 788 3110 pro
797 3049 864 3098 certo
876 3047 990 3098 habuisse
998 3048 1105 3111 quatuor
1118 3046 1186 3098 viros

64 3141 124 3191 quos
142 3127 232 3177 babuit
247 3126 399 3178 samaritana
418 3129 472 3190 post
490 3128 599 3190 primum
616 3140 666 3178 non
685 3127 760 3178 inisse
780 3127 902 3192 legitimos
923 3127 977 3179 eius
992 3126 1077 3189 viros,
1100 3126 1188 3178 saltem

65 3222 91 3259 oa
109 3197 288 3258 nonobliorum
311 3206 525 3270 interpretatione,
545 3209 574 3258 ut
592 3206 716 3272 vidimus,
733 3207 902 3272 sedidipsum
914 3208 1021 3260 tenoisae
1038 3221 1058 3258 s.
1068 3207 1187 3259 Basiliam

66 3287 136 3351 apsa.
148 3286 191 3338 ed.
206 3289 286 3337 iiam.
301 3293 353 3337 tas.
366 3285 410 3336 obi
420 3299 475 3337 can.
491 3291 514 3337 i.
528 3286 629 3338 scribit:
648 3289 827 3351 »Quapropter
838 3290 862 3338 st
874 3287 994 3338 Dominus
1007 3286 1188 3351 samaritanae,

64 3366 241 3428 quaemaritos
251 3365 361 3428 quinque
375 3378 419 3429 per
434 3365 500 3416 vices
516 3365 651 3429 habuerat,
670 3379 748 3430 prtem
763 3379 853 3428 nunc,
869 3365 965 3430 inquit,
983 3365 1064 3418 bobes
1075 3368 1190 3418 mmm

66 3457 115 3495 nota
131 3447 186 3495 est:
203 3445 300 3508 Quippe
315 3443 383 3508 qood
400 3444 436 3508 ii,
455 3444 499 3508 qui
510 3444 632 3508 digamiae
650 3457 763 3494 mensura
785 3445 943 3508 exciderunt,
961 3443 1030 3510 digm
1051 3458 1100 3496 non
1112 3447 1186 3509 sunt,

66 3526 108 3588 qui
128 3525 171 3575 sel
191 3523 273 3574 mariti
287 3522 428 3574 rel-uxoris
443 3523 543 3574 nomine
559 3523 747 3587 appellentur.»
768 3523 886 3589 idemque
901 3525 1025 3575 censuisse
1037 3537 1058 3575 s.
1070 3523 1187 3588 iiierony·

69 3618 146 3654 mom.
165 3605 204 3654 nt
215 3603 324 3653 dubitari
347 3602 511 3666 nequitviros
529 3603 727 3666 iiiosdsquibus
745 3604 979 3667 loquiturchristus
996 3617 1053 3654 rere
1063 3604 1139 3655 tuisse
1155 3604 1189 3655 la·

66 3685 179 3746 pomos,
203 3683 240 3735 oti
251 3697 272 3735 s.
287 3684 447 3747 Augustinus,
464 3681 550 3746 Beda,
567 3684 709 3748 Eutymius,
731 3684 824 3748 aliique
841 3685 931 3748 passim
950 3683 1054 3745 docent,
1066 3686 1142 3748 atque
1161 3686 1191 3734 ut

67 3765 141 3814 etiam
156 3765 226 3828 patet
236 3775 266 3812 ex
279 3763 394 3813 antithesi
405 3775 480 3826 wana
491 3762 598 3814 instituit
607 3764 719 3814 Salvator
736 3765 800 3815 inter
817 3764 928 3829 quinquo
943 3764 1036 3828 priores
1048 3764 1115 3814 siros
1128 3776 1192 3827 quos

67 3842 153 3893 babuit
173 3841 263 3892 mulier
283 3841 341 3902 illa,
363 3845 389 3893 et
399 3844 496 3893 sextum
509 3856 584 3906 quem
595 3844 656 3894 dicit
667 3857 716 3894 non
727 3844 804 3895 luisse
815 3844 868 3895 eius
885 3845 975 3895 virum.
988 3847 1117 3895 Praeterea
1132 3855 1189 3895 con·

69 3922 115 3972 stat
129 3921 157 3970 in
170 3919 249 3970 veteri
261 3920 314 3983 iege
328 3933 463 3984 numquam
478 3922 641 3985 polygamiam
657 3916 819 3973 successivam
836 3923 911 3973 iniec
926 3922 1090 3987 prohibitam,
1104 3936 1134 3973 oo
1149 3921 1189 3973 da·

69 4000 223 4050 temtantam
243 4000 276 4049 ad
298 3999 433 4051 secundum
456 4004 554 4052 tanturn
576 4002 726 4066 coningmm.
744 4006 824 4053 lrnmo
842 4005 909 4067 patet
928 4004 1015 4053 saltem
1035 4005 1128 4067 septem
1146 4014 1188 4066 po·

69 4079 142 4128 tuine
154 4078 287 4130 molieram
297 4077 358 4129 'viris
374 4079 511 4130 succense
526 4078 636 4140 nubere,
648 4093 680 4130 en
694 4090 752 4132 taso
768 4080 937 4132 amddocaeis
950 4082 1049 4133 Christo
1064 4081 1191 4146 proposito

73 4157 100 4209 ie
112 4160 207 4224 wiern
223 4159 360 4224 iratribus,
371 4161 416 4224 qut
436 4162 573 4212 sooeemire
588 4160 700 4213 eamdem
715 4163 845 4213 mulierem
859 4162 886 4213 io
902 4176 1005 4214 uxorem
1024 4162 1190 4226 wsoepsrant.

75 4238 108 4287 ti.
120 4239 255 4291 Salmaron.
266 4239 292 4289 in
305 4242 325 4290 1.
338 4239 369 4290 ad
381 4241 538 4292 cor.e.vl1.
555 4241 654 4292 cornei.
678 4255 693 4291 a
711 4243 807 4306 Leptin
823 4256 876 4306 cap.
893 4245 934 4292 iv.
948 4256 968 4293 s.
987 4245 1054 4293 toan.

100 4312 103 4317 ’
147 4318 214 4381 (itt)
235 4318 311 4381 Epist.
328 4319 438 4370 cxliiii.
450 4318 481 4370 ad
496 4321 616 4383 Ageruclr.
631 4333 658 4370 n.
677 4329 713 4372 tc.
