2796 5064
549 404 690 474 trinu.
1110 385 1177 454 ott

314 528 349 598 in
365 551 472 598 causa
496 523 673 610 adulterii,
694 539 729 599 et
743 522 976 597 difficultatum
996 550 1083 624 quae

266 704 270 739 ‚
311 655 527 740 opponuntur
544 639 698 739 epicrisis
705 696 809 713 .......
815 694 817 698 -
819 697 1054 720 ................
1062 670 1079 707 n
1110 640 1179 710 3ll

63 762 143 836 dor.
174 761 218 832 11,
241 758 292 831 Ile
315 754 636 830 sensutraditionali
650 753 740 828 circa
754 753 1083 829 indissolubilitntem

282 871 459 947 christiani
497 869 700 944 matrimonii
725 871 760 942 in
780 896 898 944 causo
927 870 1081 944 adulterii

281 1015 302 1063 a
325 988 440 1062 seculo
463 988 517 1060 Vl.
546 1003 580 1060 et
604 985 764 1085 deniceps
769 1042 1055 1058 ..................
1063 1017 1079 1053 »
1110 987 1178 1059 tto

110 1105 146 1202 ὅ.
176 1106 203 1177 l.
253 1105 303 1178 De
327 1102 536 1177 documentis
561 1102 661 1176 certis
694 1127 755 1200 pro
779 1099 1077 1175 indissolubilitate

279 1218 407 1292 vinculi
433 1217 621 1315 coniugalis
646 1244 667 1290 a
692 1217 828 1291 saeculo
848 1216 901 1288 Vl.
923 1232 957 1289 et
986 1214 1081 1287 dein·
1278 1302 1280 1306 .

282 1362 360 1435 ceps
373 1389 1052 1407 ..........................................
1062 1361 1077 1399 n
1109 1333 1174 1402 351

112 1453 149 1550 ς.
181 1453 222 1523 ll.
255 1452 305 1524 De
330 1449 539 1524 documentis
562 1448 675 1522 dubiis
694 1449 783 1522 circa
805 1446 1083 1521 indissolubilite-

280 1583 347 1641 tem
373 1565 496 1640 vinculi
534 1564 766 1663 coniugalisa
800 1591 869 1638 sec.
899 1565 935 1635 V.
966 1564 1018 1634 Vl.
1050 1578 1082 1635 et

282 1683 443 1781 deinceps
455 1733 610 1754 ..........
617 1727 619 1733 »
621 1736 1053 1754 ...........................
1062 1709 1078 1747 »
1109 1679 1177 1749 357

112 1800 149 1895 ὅ.
181 1799 239 1869 lll.
256 1799 536 1872 Documentorum
561 1797 665 1869 medii
690 1796 770 1869 deri
787 1796 877 1868 circa
899 1792 1081 1866 indissolu-

284 1913 446 1987 bilitatem‘
459 1914 606 2010 coniugii
625 1914 659 1984 in
678 1912 759 1985 casu
778 1910 950 1996 adulterii,
967 1924 999 1981 et
1017 1907 1082 1980 dil-

282 2026 466 2101 licultatum
480 2051 568 2128 qnae
580 2042 695 2100 contra
708 2052 782 2099 eam
792 2024 1081 2125 opponunturepi-

281 2143 379 2216 crisis
391 2198 1051 2216 .........................................
1060 2172 1076 2209 n
1107 2142 1176 2213 384

83 2352 175 2433 CAP.
205 2353 357 2428 lv.-nu
378 2378 544 2430 ouuconuu
571 2380 664 2429 rmrr
681 2377 784 2439 nnooa
810 2380 934 2431 cincun
960 2343 1150 2430 rrrnnurmo

189 2493 278 2544 cmm
304 2494 633 2551 mmssommumrau
660 2494 838 2546 cumsruru
863 2495 1051 2546 urrmuonu

437 2611 471 2660 m
496 2611 595 2660 crosa
617 2610 794 2661 mourmu.

57 2797 138 2871 dor.
170 2799 194 2868 l.
225 2786 295 2870 ⁴De
317 2814 435 2873 natura
448 2817 480 2875 et
493 2799 623 2897 origine
635 2826 794 2901 erroneae
808 2827 970 2900 praexeos
983 2828 1079 2899 grae·

278 2940 392 2986 corum
406 2913 612 2988 dissolvendi
628 2914 671 2988 ob
685 2915 887 2988 adulterium
906 2918 1050 3019 coniugii
1066 2976 1073 3002 ‚

182 3018 184 3022 ¹
278 3029 388 3128 deque
411 3029 575 3103 ecclesiae
607 3056 764 3103 romanae
790 3030 854 3103 hac
882 3031 914 3122 in
939 3059 974 3105 re
1000 3060 1079 3131 erga

276 3169 415 3242 graecos
441 3145 635 3218 oeconomia
649 3203 820 3218 ...........
820 3131 822 3137 “
831 3205 1049 3221 ..............
1058 3178 1066 3216 r
1065 3181 1074 3217 r
1105 3139 1173 3221 389

56 3260 136 3332 Aur.
171 3261 211 3331 ll.
247 3261 295 3331 De
323 3278 441 3333 natura
465 3279 498 3334 et
522 3262 554 3334 vi
581 3263 722 3337 canonis
749 3263 817 3336 Vll.
849 3291 936 3338 sess.
958 3265 1071 3336 lllllV.

277 3375 409 3451 concilii
425 3376 596 3450 tridentini
603 3435 1072 3453 .............................
1104 3383 1172 3453 lot
1202 3395 1208 3406 ’

80 3569 172 3641 CAP.
195 3571 345 3645 v.-ur
364 3598 537 3648 souurrona
555 3597 749 3649 rurunracra
767 3601 954 3651 uirnruouu
969 3601 1146 3651 caurorum

287 3712 344 3762 suu
371 3713 410 3762 nu
436 3714 646 3765 suraurrronu
673 3716 767 3765 rursu
793 3716 946 3766 comunes

315 3827 417 3886 ouoan
436 3828 541 3879 ronuu
560 3831 598 3879 ar
617 3808 904 3881 consummemur.
965 3822 968 3830 '

55 3986 134 4060 dur.
166 3989 190 4058 l.
243 3989 383 4064 Concilii
414 3990 586 4064 tridentini
612 3993 765 4068 doctrina
789 3996 833 4068 de
863 3996 1077 4094 separatione

274 4105 385 4205 quoad
404 4124 511 4180 torum
530 4124 563 4181 et
580 4109 865 4184 cohabitationem
892 4110 1007 4209 plures
1033 4111 1076 4184 ob

274 4247 421 4309 causas,
454 4240 610 4298 manente
643 4224 798 4313 vinculo,
834 4227 1012 4326 exponitur
1044 4245 1077 4300 et
1239 4294 1242 4300 .

272 4336 463 4412 vindicatur·
479 4396 1042 4415 ...................................
1051 4373 1068 4412 »
1101 4344 1169 4414 lto
