2796 5064
239 347 309 422 ⁸80
382 366 444 420 ιιι.
466 368 514 420 ιι.
533 366 622 419 secr.
638 364 770 417 ιιτιιι.
782 362 824 416 ιι
841 360 955 416 ranas.
971 361 1069 415 narr.
1085 361 1215 416 cnmsr.

237 486 470 589 torcapsdiue‚
497 502 580 586 quot
604 511 625 559 a
648 482 782 558 Christo
802 483 847 557 ad
871 508 934 558 nos
959 508 1071 584 usque
1100 482 1291 571 fluxerunt,
1313 507 1347 556 ne

235 628 341 678 anum
367 600 504 703 quidam
523 599 634 673 afferri
653 598 763 698 possit
778 597 969 698 exemplum
987 597 1192 698 potestatis,
1213 624 1283 700 qua
1297 623 1349 672 usa

235 717 379 794 ccclesia
396 716 497 789 fuerit
513 731 666 815 respectu
685 713 754 788 voti
772 713 890 788 emissi
906 740 949 788 ex
965 713 1149 788 occasione
1165 738 1286 789 sacrae
1307 739 1351 790 or·

236 832 420 908 dicationis
446 846 504 905 aut
528 829 696 929 simplicis
720 829 957 904 continentiae.
1298 830 1311 845 ''

309 946 382 1021 Hae
406 946 556 1031 ratione,
576 944 636 1046 qni
659 944 748 1017 banc
764 943 966 1017 sententiam
983 942 1188 1043 impugnant
1209 970 1249 1018 se
1268 944 1353 1018 extri

237 1078 317 1140 cant
335 1062 379 1138 ab
404 1061 600 1136 auctoritate
625 1059 760 1134 loannis
783 1058 890 1131 xxll.
919 1059 980 1160 qui
1005 1085 1202 1161 porrectos
1228 1085 1353 1133 coccum

237 1178 347 1281 potuit
370 1177 550 1276 designare
575 1175 883 1276 interpretationem
901 1200 961 1276 per
976 1200 1035 1249 eos
1061 1200 1218 1251 canones
1239 1175 1354 1251 exhibi-

236 1308 305 1368 tam
321 1292 408 1366 iuris
423 1290 543 1365 divini.
564 1288 600 1362 Si
617 1289 708 1364 enim
725 1289 783 1362 bic
808 1315 963 1365 summus
982 1290 1136 1366 Pontifex
1158 1317 1352 1392 persuasum

237 1407 304 1485 sibi
328 1407 508 1483 habuisset
527 1430 629 1508 posse
652 1404 689 1479 id
714 1403 825 1480 facere
849 1406 1049 1480 auctoritate
1072 1433 1159 1495 sua,
1181 1433 1272 1508 opus
1296 1433 1351 1480 ιιι

238 1524 415 1599 habuisset
430 1522 498 1597 tam
516 1521 616 1620 longa
633 1520 866 1610 discussione;
885 1520 971 1598 satis
990 1521 1081 1596 euim
1107 1522 1140 1598 ei
1164 1520 1291 1599 fuisset
1304 1548 1352 1596 au·

235 1639 388 1716 ctoritate
409 1663 473 1713 sua
497 1636 533 1709 id
557 1636 771 1712 constituere.

307 1755 428 1830 Verum
455 1751 541 1828 baec
572 1769 651 1827 sunt
680 1752 857 1851 negativa,
885 1778 951 1829 nec
977 1752 1046 1830 nisi
1077 1753 1248 1830 indirecte
1276 1753 1353 1829 banc

236 1871 402 1972 impetunt
418 1869 630 1944 sententiam,
647 1869 794 1944 Positive
810 1885 922 1946 autem
939 1896 1015 1946 eam
1032 1871 1285 1971 aggrediuntur
1299 1870 1353 1945 boc

235 1984 326 2061 certe
345 1983 436 2059 baud
459 1982 651 2084 spernendo
667 1998 877 2081 argumento.
898 1985 933 2058 Si
951 1984 995 2058 ab
1010 1984 1180 2060 ecclesias
1198 2000 1354 2087 potestate

224 2098 360 2200 'pendet
382 2098 607 2188 constituere,
627 2115 665 2173 ut
689 2097 857 2200 professio
880 2098 1044 2175 solemnis
1064 2099 1247 2199 religionis
1272 2098 1354 2173 bunc

235 2214 391 2289 effectum
417 2213 582 2313 producat
598 2213 810 2289 dissolvendi
833 2214 992 2314 coniugia
1013 2231 1085 2290 rata
1106 2241 1178 2290 non
1203 2238 1355 2290 consum·

235 2343 346 2417 mata,
374 2328 410 2401 iu
434 2328 586 2403 eiusdem
612 2329 738 2428 pariter
760 2327 924 2404 ecclcsiae
954 2346 1121 2431 potestate
1148 2346 1246 2405 esset
1274 2327 1356 2401 bunc

235 2443 348 2543 ipsum
366 2443 520 2517 effectum
537 2444 739 2545 professioni
758 2443 938 2542 religiosae
955 2445 1111 2534 demam
1136 2445 1233 2545 quod
1252 2444 1281 2518 si
1298 2442 1355 2515 hoc

235 2558 315 2647 fiat,
336 2575 447 2633 actum
466 2576 557 2633 esset
581 2560 623 2632 de
641 2560 781 2633 veritate
798 2560 939 2634 canonis
961 2559 1142 2657 dogmatici
1163 2558 1352 2643 tridentini,

234 2673 297 2770 cui
317 2673 458 2748 subesse
489 2674 672 2774 aliquando
706 2674 837 2748 falsitas
863 2689 988 2775 posset.
1016 2671 1095 2772 ΙΗοι
1121 2690 1352 2771 argumentum

235 2805 331 2886 urget
361 2789 561 2863 Benedictus
586 2788 668 2860 xw.
699 2803 830 2888 quaest.
857 2789 994 2860 nxavl.
1022 2815 1056 2861 n.
1079 2790 1149 2863 Bb.
1169 2787 1351 2889 scribens:

239 2902 389 2977 «Cessat
414 2901 696 2978 indissolubilitas
722 2903 927 2976 matrimonii
954 2903 1018 2977 rati
1044 2902 1079 2974 in
1106 2928 1194 2977 casu
1218 2930 1288 3004 quo
1311 2901 1355 2975 al·

235 3033 285 3091 ter
303 3044 343 3091 ex
357 3017 559 3116 coniugibus
574 3017 818 3117 professionem
841 3015 1032 3114 religiosam
1046 3017 1198 3105 emittat,
1219 3032 1254 3092 et
1277 3018 1353 3090 baec

235 3132 424 3208 solubilitas
453 3135 617 3231 originem
651 3133 754 3207 habet
779 3159 799 3206 a
826 3133 899 3207 iuro
928 3132 1043 3209 divino
1178 3148 1215 3208 et
1238 3133 1351 3208 claris-

235 3248 321 3322 sime
337 3250 526 3323 ostenditur·
541 3276 582 3323 ex
599 3274 675 3322 can.
697 3250 750 3320 vl.
768 3274 855 3323 sess.
877 3249 989 3321 xxiv.
1006 3249 1055 3321 De
1071 3263 1173 3321 motu.
1196 3248 1258 3323 ubi
1279 3275 1353 3323 ana·

235 3362 348 3438 thema
371 3366 537 3463 profertur
561 3365 723 3439 adversus
754 3381 946 3440 asserentes
970 3365 1227 3438 matrimonium
1252 3384 1354 3440 ratum

235 3504 303 3552 uon
328 3477 412 3552 solvi
434 3506 495 3579 per
515 3480 759 3580 professionem
778 3480 993 3577 religiosam
1014 3479 1044 3552 si
1064 3479 1155 3553 enim
1177 3480 1356 3581 posthunc

233 3593 453 3668 tridentinum
473 3622 635 3670 canonem
661 3596 704 3669 do
730 3596 797 3669 fide
820 3613 893 3682 est,
916 3595 1111 3691 coniugium
1137 3612 1253 3670 ratum
1275 3594 1354 3670 solui

235 3735 294 3810 per
315 3710 578 3809 professionem,
600 3711 790 3785 solubilitas
812 3710 930 3784 debuit
953 3735 1030 3783 esse
1055 3710 1221 3809 imposita
1245 3738 1267 3786 a
1291 3711 1356 3785 solo

235 3824 327 3913 Dec,
344 3826 408 3929 ¹qui
434 3853 508 3900 eam
535 3826 645 3925 potuit
667 3826 776 3901 facere
798 3825 1001 3925 sempiterne
1026 3851 1165 3915 ueram,
1186 3827 1236 3902 uti
1263 3826 1357 3903 subti-

236 3940 312 4016 liter
337 3958 588 4040 argumentatur
606 3942 700 4016 card.
721 3943 771 4016 Da
788 3942 936 4016 Lauraea
957 3943 1072 4037 (49).»

307 4166 359 4228 (te)
376 4169 482 4224 οιιιιι.
503 4171 622 4219 canonic.
638 4169 664 4218 et
675 4169 770 4221 aurat,
786 4183 843 4235 opp.
860 4169 901 4221 ed.
914 4169 1000 4221 venat.
1020 4169 1161 4222 wantum.
1175 4171 1244 4221 xlll.
1255 4168 1314 4233 part.
1329 4165 1354 4213 ΙΙ·

239 4256 294 4307 pag.
313 4252 364 4296 ιιι.
378 4249 432 4298 Hoc
450 4247 536 4299 eodem
548 4248 708 4311 argumento,
729 4255 756 4300 ut
772 4263 817 4300 suo
838 4249 893 4301 foco
913 4246 1040 4313 vidimus,
1061 4262 1123 4303 usus
1141 4252 1182 4304 st
1199 4248 1308 4303 meVf.
1321 4255 1355 4309 l*

234 4325 356 4390 ubinam
372 4329 512 4393 episcopum
523 4329 702 4395 montensem,
718 4331 744 4383 et
759 4330 924 4394 pistorienses.
