2796 5064
212 362 282 438 aas
339 388 400 440 ιιι.
423 386 471 439 ιιι.
493 385 580 438 sicr.
602 383 1213 439 tamm.n11mrss.aars.cnusn·

284 506 381 594 Quod
406 532 486 580 raro
510 520 641 605 spectat
665 506 709 579 ad
733 505 809 580 aius
832 505 1092 590 auctontatem,
1105 514 1239 603 utpote
1265 502 1331 578 sibi

210 623 438 711 contrariam,
466 622 650 697 aduersarii
683 622 781 696 nullo
806 622 841 694 in
875 621 983 721 pretio
1019 619 1137 722 operis*
1158 633 1333 695 auctorem

209 737 404 811 babendum
437 763 516 811 esse
549 737 662 837 palam
700 736 858 825 edicunt,
895 762 1042 835 eumque
1072 735 1259 809 traducunt
1282 734 1337 809 sin

211 854 326 927 minus
352 868 391 927 ut
416 853 648 953 deceptorem,
668 852 788 926 saltem
812 868 851 925 nt
873 850 972 925 udde
987 849 1117 925 debilia
1135 849 1287 936 mentis,
1305 863 1342 924 et

211 968 353 1065 exiguae
378 967 541 1041 scientiae
557 967 727 1040 homiuem
751 966 900 1053 habent,
919 964 983 1039 etsi
1000 965 1079 1039 viva
1095 963 1283 1064 phantasia
1297 989 1342 1039 ac

211 1082 451 1182 imaginatione
477 1082 679 1183 praeditum.
710 1079 1093 1156 Iamdiu'i'artuliianus
1115 1079 1339 1157 montanista

208 1198 369 1286 eftectus,
386 1225 426 1274 eo
444 1199 534 1300 quod
553 1199 649 1273 novis
667 1198 881 1296 dogmatibus
899 1197 1000 1270 abeo
1026 1196 1252 1296 propugnatis
1279 1194 1341 1268 bic

207 1331 323 1389 auctor
350 1315 538 1389 contrarius
563 1333 677 1402 esset,
706 1330 780 1388 eta
806 1312 984 1387 catholicis
1016 1311 1065 1384 illi
1090 1311 1337 1397 obiicieretur,

207 1454 341 1504 summo
361 1454 438 1503 curn
463 1428 628 1504 dedecore
646 1430 689 1502 de
712 1455 753 1503 ec
778 1427 918 1502 disserit
939 1430 1029 1524 (11).
1050 1427 1208 1501 Attamen
1235 1452 1343 1502 nemo

165 1540 171 1549 ’
208 1532 313 1619 sanus
339 1531 692 1642 inficiabitur'magna
718 1570 795 1617 eum
821 1538 1102 1642 adprobandum
1134 1540 1347 1616 auctoritate

210 1658 355 1761 pollere3
379 1660 551 1762 siquidem
577 1660 621 1733 ad
646 1659 723 1733 eius
750 1659 986 1733 auctoritatem·
1001 1654 1218 1758 appellarunt
1243 1655 1365 1731 velut

206 1774 249 1848 ad
275 1790 444 1850 auctorem
471 1775 673 1876 inspiratum
707 1802 736 1850 s.
766 1775 923 1849 irenaeus
954 1772 1049 1868 (12),
1077 1769 1237 1845 Clemens
1265 1770 1349 1846 ale-

131 1933 133 1938 ·
207 1891 328 1965 xandr.
344 1894 434 1988 (13),
447 1908 481 1966 ct
494 1891 659 1990 Origenes
670 1892 760 1987 (11).
774 1891 988 1989 Quamquam
1000 1880 1130 1963 veroab
1143 1884 1213 1963 boc
1225 1914 1342 1963 censu

205 2030 280 2080 eam
310 2023 504 2107 expungant
521 2033 550 2080 s.
576 2006 801 2107 Hieronymus
824 2006 918 2102 (lb),
947 2002 1116 2076 Eusebius
1137 2003 1215 2098 (16)
1230 2002 1346 2077 Atha-

205 2120 323 2194 nasius
353 2122 447 2217 (11);
468 2138 581 2194 tamen
598 2147 716 2196 omncs
734 2135 900 2195 testantur
917 2144 1000 2195 eum
1020 2132 1193 2193 auctorem
1208 2142 1356 2216 magno

207 2235 243 2307 in
262 2236 370 2337 pretio
391 2236 597 2311 stateribus
614 2236 769 2310 habitum
788 2235 911 2324 fuisse,
932 2251 966 2308 et
983 2234 1058 2307 eius
1076 2231 1203 2305 iibmm
1219 2234 1359 2307 utitem

205 2376 294 2439 ease,
315 2369 350 2426 et
374 2350 417 2427 ad
445 2340 634 2428 taciendam
660 2352 763 2427 fidem
784 2350 909 2427 veteris
937 2348 1131 2425 traditionis
1156 2364 1191 2424 et
1211 2348 1350 2425 doctri-

208 2492 273 2539 nae
291 2467 454 2541 ccclesiae
479 2467 639 2542 idoneum
661 2471 750 2566 (18).
768 2469 909 2540 Tantum
930 2481 1041 2539 autem
1063 2464 1174 2554 abest,
1196 2466 1340 2540 ut'Ter·

208 2580 370 2658 tullianus
387 2582 523 2658 officere
541 2584 650 2685 possit
667 2583 856 2658 auctoritati
875 2581 1043 2671 Pastoris,
1063 2597 1101 2653 ut
1118 2606 1196 2654 eam
1217 2581 1340 2680 ponus

206 2699 437 2786 arciatrum
460 2726 500 2773 ex
522 2726 564 2774 eo
590 2700 776 2773 babeamus
795 2699 890 2772 illum
910 2697 1063 2771 habitum
1088 2696 1198 2771 fuisse
1221 2721 1332 2770 asser·

207 2830 312 2889 torem
337 2815 524 2891 catholicae
544 2817 713 2904 veritatis,
742 2815 797 2889 cui
817 2814 1040 2889 monanisae
1066 2813 1233 2888 novitates
1250 2837 1329 2887 suas

205 2955 375 3033 opponere
399 2933 587 3009 voluerunt.

277 3157 327 3218 (tt)
343 3155 398 3206 bib.
411 3158 448 3207 Dc
461 3155 627 3222 pudicitiae.
641 3157 672 3206 Χ.
685 3152 727 3206 ubi
743 3151 835 3205 scribit:
850 3174 861 3201 a
874 3151 993 3202 cederem
1009 3151 1055 3201 tibi
1067 3147 1317 3216 (maiestatem
1383 3144 1386 3149 ’

204 3234 276 3297 ptura
297 3233 415 3308 puteris,
436 3248 500 3298 quac
520 3234 573 3285 sola
590 3232 706 3284 moechos
724 3234 799 3295 amat,
817 3231 903 3281 divino
915 3231 1078 3282 instrumento
1094 3228 1227 3283 menatae
1242 3225 1314 3286 tncidt
1381 3264 1383 3269 .

204 3313 293 3364 anon
313 3313 345 3365 ab
358 3314 425 3365 omct
446 3315 550 3366 concilio
570 3314 727 3365 ecclesiarum
754 3314 890 3365 vestiantur
907 3309 970 3362 inter
985 3309 1127 3376 apocrypha
1140 3312 1166 3363 at
1188 3309 1250 3363 aaa
1268 3305 1316 3360 tuat

204 3394 311 3456 atratus
332 3393 490 3465 adulteraret
505 3395 568 3458 ipsa,
591 3396 616 3444 ct
639 3393 697 3444 inde
712 3395 815 3458 patrona
828 3390 978 3444 sociorum,-

274 3472 325 3535 (rt)
338 3472 395 3525 Lib.
413 3475 456 3523 lv.
473 3474 548 3524 cont.
562 3472 662 3524 litteras¹
673 3486 695 3524 c.
708 3480 731 3524 a.

274 3553 326 3617 (ta)
341 3553 396 3606 nto.
406 3556 426 3605 1.
436 3555 531 3605 strom.
542 3565 567 3603 ιι.
581 3560 619 3606 ta.

277 3633 328 3696 (tt)
341 3635 370 3683 In
386 3632 458 3697 aptat.
470 3630 503 3684 acl
515 3644 578 3684 rom.
589 3634 654 3683 xvt.
672 3636 707 3684 tt.

272 3713 324 3777 (ts)
339 3716 377 3764 De
386 3716 453 3767 virts
465 3713 568 3765 tttustr.
581 3724 603 3762 c.
618 3718 654 3764 to.

272 3793 323 3856 (to)
339 3795 409 3845 litat.
421 3791 512 3844 cretes
525 3792 568 3844 ttb.
585 3794 616 3843 v.
634 3805 657 3843 c.
676 3799 714 3844 25.

275 3874 327 3936 (17)
343 3875 373 3924 ln
387 3876 463 3938 spot.
473 3871 595 3937 paschal.
608 3874 671 3936 opp.
682 3873 744 3922 tom.
755 3873 787 3920 11.
800 3876 839 3921 ³9.
850 3873 889 3922 to.

274 3953 325 4018 (18)
341 3955 405 4005 Saue
423 3967 444 4004 a.
458 3953 623 4018 Hieronymus
643 3951 660 4002 Ι.
674 3965 696 4004 c.
708 3964 782 4014 agens
797 3949 828 4001 dc
846 3952 965 4012 Pastore,
983 3948 1078 4001 scribit:
1092 3968 1105 3994 ι
1116 3950 1191 4016 Apud
1207 3948 1316 4017 quadan

198 4034 318 4104 ,Graeciae
328 4034 443 4086 erctestas
466 4033 541 4085 ettam
559 4031 657 4096 publice
674 4031 772 4095 tegitur.
793 4033 888 4082 Revera
902 4030 979 4082 ottlta
998 4028 1080 4095 tiber,
1102 4030 1227 4097 multique
1247 4029 1277 4082 dc
1294 4039 1318 4078 ao
1379 4027 1392 4083 t!

202 4115 353 4180 scriptorum
368 4114 479 4165 actarum
494 4125 645 4177 usurpavero
660 4109 853 4162 testimonium.»
867 4111 898 4161 st
912 4122 933 4160 a.
947 4107 1096 4161 Athanasius
1113 4109 1207 4173 pariter
1222 4110 1269 4162 toa
1280 4108 1316 4160 tat.
1381 4110 1384 4157 t

198 4194 243 4247 atb
255 4196 342 4246 «Sunt
357 4195 383 4245 et
397 4193 440 4245 alii
460 4191 526 4253 libri,
547 4205 596 4242 non
613 4190 713 4255 quidem
730 4188 858 4252 canonici,
877 4188 923 4240 sed
939 4202 1003 4252 qnos
1026 4190 1111 4253 patrea
1127 4191 1265 4242 nunaunt
1277 4185 1317 4252 tuat
1381 4182 1392 4251 ξ’

199 4272 231 4326 tta
248 4275 293 4340 qui
310 4273 344 4326 ad
365 4272 440 4325 fldem
454 4270 583 4335 accedunt,
594 4271 746 4337 cupiuntque
768 4269 904 4349 inpietatis
926 4268 1002 4321 verbo
1022 4267 1131 4333 institut,
1145 4270 1176 4323 ut
1189 4268 1317 4336 mar

198 4355 344 4408 &tomenta
354 4356 380 4407 et
392 4355 497 4407 Pastor.
515 4351 554 4405 Gt.
566 4350 655 4404 ccittcr
671 4351 718 4402 too.
734 4351 769 4402 cit
794 4348 894 4402 ιι1.ι.“
