2796 5064
261 407 331 461 car.
343 407 389 458 ru.
406 407 573 460 ornasse.
590 405 682 458 raam
695 407 733 457 rr
746 406 819 458 cin.
836 405 981 458 rmnrnr.
997 407 1069 457 nar.
1081 407 1104 458 ι.
1185 387 1252 457 att

134 527 306 628 siquidem
327 525 424 601 lactis
449 526 637 600 manifestis
665 524 890 613 refelleretur,
912 551 988 598 oum
1014 541 1144 601 constet
1161 527 1255 627 ipsos

133 643 317 740 confugere
341 657 376 715 et
403 640 448 714 ad
477 657 585 716 textus
614 641 793 728 Matthaei,
821 658 855 714 et
878 641 922 714 ad
952 667 1090 739 graecos
1117 658 1256 741 patres,

132 783 280 858 quorum
304 756 495 830 testimonia
520 757 586 856 ipsi
611 773 751 854 urgent,
779 754 872 829 haud
901 783 1000 832 secus
1027 773 1127 857 atque
1151 774 1261 857 prote·

134 887 265 948 stantes
286 874 351 969 (2).
379 871 427 945 hc
453 872 567 971 reipsa
592 872 665 945 lieri
692 898 759 946 non
780 887 932 973 poterat,
961 873 1045 972 quin
1071 873 1186 971 graeei
1212 874 1261 947 ni-

135 1003 287 1062 terentur
312 988 443 1087 praxim
467 988 552 1062 adeo
575 989 774 1062 contrariam
797 987 968 1062 doctrinae
992 1003 1026 1061 et
1045 989 1141 1088 praxi
1158 987 1261 1062 eccle·

135 1102 208 1178 siae
232 1129 395 1176 romanae
423 1103 620 1203 opportunis
646 1103 900 1176 auctoritatibus
929 1117 963 1175 et
987 1102 1194 1199 argumentis
1220 1128 1260 1176 ax

136 1217 256 1293 llihliis
283 1219 369 1318 ipsis
393 1236 491 1292 etex
517 1219 669 1319 patribus
690 1235 762 1292 arte
787 1218 996 1319 depromptis
1021 1217 1151 1291 fulcire.
1172 1219 1261 1292 Dum

136 1333 238 1433 igitur
264 1335 449 1410 asserimus
475 1361 615 1433 graecos
636 1335 783 1435 practice
809 1335 921 1435 potius
948 1360 1050 1434 quam
1081 1333 1262 1408 theoretice

137 1450 320 1526 dissentire
344 1451 387 1525 ab
413 1451 557 1527 ecclesia
582 1452 706 1539 latina,
740 1451 1002 1538 contendimuS,
1034 1477 1094 1524 eos
1121 1476 1188 1523 non
1216 1449 1262 1525 ita

137 1566 338 1640 sententiam
357 1593 454 1641 suam
472 1567 576 1655 tueri,
601 1584 638 1640 ut
662 1567 784 1641 erroris
808 1568 964 1640 incusant
980 1565 1103 1638 latinos
1121 1563 1165 1638 oh
1182 1585 1263 1637 con-

138 1681 277 1756 trariam
308 1681 494 1755 doctrinam
523 1698 557 1756 et
583 1682 741 1782 praxim,
771 1680 910 1780 perinde
940 1707 980 1754 ac
1005 1680 1034 1754 si
1059 1706 1102 1753 ea
1131 1679 1264 1753 recedat

137 1795 179 1877 ab
195 1796 394 1893 evangeliea
419 1813 452 1872 et
477 1796 662 1897 apostolica
686 1796 891 1897 disciplina,
918 1796 1000 1869 dum
1018 1794 1264 1869 indissolubili·

139 1928 240 1986 tawm
264 1928 376 1986 tuetur
392 1913 560 2010 coniugii,
582 1913 822 1987 interveniente
839 1911 1022 1997 adulterio,
1043 1911 1128 1984 adeo
1146 1927 1182 1985 ut
1199 1909 1264 1984 hoe

137 2052 244 2101 unum
277 2054 319 2100 ex
344 2027 514 2128 capitibus
546 2028 726 2103 constituat
755 2026 934 2101 divisionis
967 2025 1054 2099 inter
1087 2041 1264 2126 utramque

137 2141 332 2217 eeclesiam.
397 2215 400 2222 Δ

209 2258 261 2331 Eo
285 2257 386 2332 etiam
412 2285 453 2331 ex
472 2259 582 2358 capite
603 2258 670 2333 dici
697 2275 805 2359 potest
826 2284 966 2356 graecos
986 2259 1133 2358 practice
1152 2258 1265 2357 potius

136 2399 242 2474 quam
270 2372 452 2448 theoretice
468 2373 512 2447 eh
529 2374 672 2448 ecclesia
691 2374 795 2448 latina
813 2375 1018 2461 dissentire,
1040 2372 1132 2473 quod
1151 2374 1266 2472 praxis

137 2489 279 2565 aliunde
303 2515 407 2590 quam
431 2514 472 2564 ax
497 2488 687 2588 dogmatico
712 2516 823 2564 errore
850 2489 1064 2590 profluxerit;
1081 2488 1149 2561 imo
1173 2513 1267 2575 error

137 2606 347 2717 quicumque
370 2604 400 2679 is
421 2619 493 2693 est,
521 2631 561 2679 ax
587 2605 682 2705 praxi
702 2605 814 2705 potius
832 2606 1003 2705 prorexit,
1031 2628 1136 2704 quum
1155 2604 1265 2702 graeei

139 2722 272 2823 praxim
287 2748 384 2797 suam
398 2721 536 2796 aliunde
553 2739 659 2797 ortam
677 2723 898 2797 cohonestare
910 2719 1109 2796 tentaverint
1126 2746 1266 2793 erronea

137 2837 317 2913 doctrina:
347 2864 435 2937 quae
456 2838 603 2937 prolecto
629 2837 814 2913 cohaerens
833 2863 900 2910 non
927 2852 1081 2911 osteum
1112 2835 1267 2910 doctrina

138 2954 183 3030 de
208 2952 508 3029 indissolubilitate
532 2955 708 3030 christiani
732 2953 957 3041 matrimonii,
985 2978 1087 3051 quam
1113 2951 1266 3049 alioquin

138 3070 252 3168 graeci
279 3069 345 3169 ipsi
363 3068 546 3144 formaliter
564 3071 771 3170 profitentur.
794 3070 880 3142 Hinc
899 3070 1017 3143 iterum
1036 3083 1177 3167 apparet
1194 3092 1268 3167 pra·

138 3187 265 3261 uticum
285 3184 399 3259 verius
417 3211 519 3283 quam
538 3184 756 3260 theoretieum
774 3211 850 3260 esse
868 3184 1082 3271 dissensum,
1106 3178 1160 3255 vel
1177 3198 1268 3256 certe
1338 3192 1341 3197 ’

139 3299 243 3374 talem
269 3299 399 3386 luisse,
431 3299 549 3373 saltem
582 3326 693 3399 usque
718 3301 761 3373 ad
786 3299 1018 3373 definitionem
1048 3296 1266 3372 tridentinam

138 3431 383 3514 contraquam
404 3414 504 3489 modo
529 3414 640 3514 graeci
665 3414 824 3489 dirimere
849 3414 1063 3490 matrimonia
1079 3412 1124 3487 oh
1141 3413 1267 3487 adulte

218 3637 257 3700 (a)
273 3639 339 3688 Haeo
357 3638 441 3689 omnia
461 3637 554 3702 profert
563 3640 588 3688 et
599 3636 716 3702 expendit
731 3636 889 3688 Arcadiusin
910 3649 956 3687 suo
977 3648 1051 3700 opere
1070 3637 1109 3686 De
1126 3631 1267 3685 eoncordlo

139 3715 270 3770 mlum.
284 3719 311 3768 et
329 3721 423 3769 orient.
443 3717 619 3769 eccksloelth.
635 3720 691 3768 vll.
706 3719 742 3769 lle
758 3719 926 3768 molrtmonlo
945 3729 960 3766 a
979 3728 1034 3781 cap.
1047 3717 1103 3766 vll.
1115 3713 1147 3764 ad
1164 3714 1265 3764 mn.

138 3796 181 3848 cl.
195 3798 322 3861 praeterea
340 3799 419 3848 Mnnsl
441 3798 547 3849 collect.
569 3796 663 3849 conell.
676 3800 739 3848 tom.
753 3800 806 3848 llll.
829 3798 876 3848 ml.
895 3801 947 3848 tlt.
960 3796 1004 3846 uhi
1024 3794 1096 3847 affert
1120 3784 1174 3844 arta'
1193 3803 1265 3844 cone

138 3877 263 3928 Emensis.
275 3878 394 3928 Allatium
414 3881 525 3929 Graeclo
536 3878 685 3929 orthodoxa
703 3881 795 3928 Romae
816 3884 884 3929 tout.
897 3879 957 3928 lom.
974 3878 1004 3927 ll.
1017 3889 1041 3940 p.
1055 3880 1110 3926 tto.
1122 3872 1265 3924 Auselmum

139 3956 363 4020 misenensem
375 3971 417 4021 op.
429 3956 532 4022 Dlolop.
548 3957 676 4009 adversus
689 3971 775 4022 praec.
788 3957 881 4008 lihltl.
894 3957 961 4021 apud
970 3953 1136 4007 D'Acheriom
1145 3951 1264 4017 sptcllep.

138 4038 201 4088 Ιοω.
217 4039 285 4087 xltl.
298 4049 353 4101 pag.
368 4044 407 4089 88.
420 4050 490 4101 seqq.
503 4051 598 4088 necnon
615 4038 722 4088 Samuel.
748 4039 820 4088 Klein
835 4037 867 4087 de
877 4036 945 4088 Grhd
963 4035 1068 4086 dtoeoea.
1085 4031 1265 4097 aasumensi·

138 4115 167 4166 la
186 4115 359 4166 transilvania
378 4116 459 4181 presb.
481 4117 507 4166 el
523 4115 548 4165 in
568 4116 654 4167 sentin.
676 4129 756 4180 gener
778 4116 974 4178 caesareo-tegle
990 4111 1265 4179 graeco-catholleorum

139 4193 326 4246 vlnoouonens.
341 4193 373 4244 ad
393 4209 415 4245 s.
438 4194 570 4245 Barbarum
590 4193 656 4245 stud.
677 4193 793 4258 praesent.
808 4194 834 4244 in
854 4196 995 4246 lllssertot.
1016 4194 1145 4245 cononlca
1158 4189 1191 4242 de
1209 4202 1265 4240 mo·

140 4274 268 4325 morante
281 4275 361 4325 tusto
374 4273 543 4341 dtsetpltnom
553 4286 664 4339 promae
677 4273 800 4328 ostentat.
811 4273 944 4328 scelestae.
962 4271 1069 4326 vindeb.
1086 4275 1155 4324 tltt.
1168 4272 1204 4323 lte
1214 4283 1265 4334 quo

139 4352 278 4408 ldenttdem
300 4367 410 4420 memor.
1030 4391 1033 4397 ,
1217 4355 1220 4358 “
