2796 5064
134 228 208 304 diii
281 251 342 304 un.
364 249 412 304 nr.
433 247 521 304 secr.
540 248 673 304 uram.
695 232 866 305 natanias.
883 248 980 304 uara.
997 249 1127 303 cuum.

138 370 320 445 licentiam
343 369 456 445 adhuc
475 369 726 472 amplificarunt
742 373 806 446 leo
825 370 962 470 sapiens
988 396 1029 445 ac
1048 366 1261 468 Nicephorius

138 486 330 561 lictaniates
342 485 483 584 Augusti
498 512 710 584 graecorum,
727 513 813 588 quos
827 502 1003 587 propterea
1016 487 1065 560 ita
1078 486 1201 560 merito
1213 512 1261 561 ar·

138 602 212 701 guit
228 628 417 702 anonymus
434 617 550 676 auctor
567 620 744 691 tractatus,
765 603 823 704 qui
843 601 1138 702 Constantinopoli
1159 629 1261 703 reper-

139 732 194 790 tus
215 733 285 791 est:
310 717 438 804 «Quod
459 719 524 791 viri
541 735 575 791 et
592 720 750 793 mulieres
768 735 1014 792 sacramentum
1032 720 1186 818 coniugii
1207 746 1261 820 pro

140 830 248 907 nihilo
277 850 442 933 reputent.
471 834 554 906 Nam
586 836 717 934 quoties
746 836 830 909 alter
853 834 1035 933 displicet,
1065 834 1119 908 vel
1147 835 1256 924 alteri,

139 972 252 1023 eorarn
278 965 430 1050 praetore
449 948 579 1024 urbano
603 950 832 1025 voluntatibus
857 977 971 1024 eorum
997 951 1190 1050 expositis,
1214 951 1259 1023 in-

140 1064 336 1140 strumentis
361 1081 395 1139 et
419 1064 563 1163 singulis
590 1066 771 1165 praecisis,
802 1065 876 1139 sine
907 1065 1179 1140 contradictione
1203 1067 1257 1140 riri

140 1205 283 1269 uxores,
321 1196 353 1255 et
385 1180 543 1255 mulieres
575 1182 666 1256 viros
692 1207 754 1281 pro
785 1180 895 1255 lubitu
928 1182 1123 1281 accipiunt,
1153 1202 1257 1258 contra

141 1295 337 1372 mandatum
362 1298 452 1398 quod
477 1296 579 1371 dicit:
610 1296 704 1384 Quod
731 1298 820 1370 Deua
846 1299 1041 1381 coniunxit,
1084 1298 1179 1372 homo
1202 1325 1256 1370 non

140 1427 269 1513 separet
288 1416 402 1510 (tt).»
422 1413 553 1488 Exinde
569 1429 661 1488 ortae
678 1413 835 1513 querelae
851 1413 895 1486 de
920 1412 1082 1488 facilitate
1106 1414 1256 1516 repudio

143 1554 217 1603 rum
241 1528 333 1629 apud
358 1555 510 1628 graecos.

216 1643 387 1733 Quamdiu
404 1647 439 1718 in
464 1647 615 1755 ecelesiaN
632 1673 753 1745 graeca
769 1646 918 1724 severior
933 1646 1122 1747 disciplina
1140 1648 1253 1748 viguit,

142 1763 200 1838 rix
221 1761 293 1837 ulla
317 1762 437 1836 harum
461 1763 573 1862 legum
598 1765 682 1840 ratio
715 1763 831 1839 hahita
860 1780 931 1852 est;
965 1763 1120 1866 quinimo
1152 1781 1255 1866 patres

144 1877 277 1978 legibus
301 1877 458 1954 civilibus
483 1879 574 1979 leges
599 1878 724 1955 Christi
749 1896 989 1980 opposuerunt.
1029 1880 1254 1957 Verumtamen

221 2051 245 2096 a.
265 2045 292 2096 st
303 2057 359 2096 eam
377 2042 532 2096 adelinam
550 2058 604 2097 esse
614 2048 713 2098 accusd
725 2047 751 2098 et
761 2045 973 2112 protarapcsatt.

224 2130 248 2176 t.
261 2123 287 2176 Si
307 2137 337 2175 aa
357 2127 424 2176 sitae
443 2124 525 2177 mariti
544 2125 660 2178 insidiata
681 2127 728 2191 sit,
740 2128 784 2178 aut
804 2126 949 2178 insidiarum
968 2126 1000 2178 ah
1021 2127 1080 2180 aliis
1098 2128 1200 2182 conscia
1217 2141 1257 2182 nt·

145 2204 195 2258 rito
212 2217 262 2257 non
282 2205 434 2258 metarerit.

222 2287 246 2336 t.
263 2284 290 2336 st
307 2298 366 2336 cum
386 2286 508 2337 athenais
527 2285 625 2338 nolente
645 2287 735 2338 marito
754 2288 899 2339 convivetur
918 2288 962 2338 aut
978 2287 1086 2340 invehar.

223 2373 247 2418 t.
264 2366 289 2417 Si
310 2365 408 2417 noiute
428 2366 518 2418 marito
536 2368 562 2418 et
581 2369 650 2419 extra
668 2367 771 2419 domum
789 2368 922 2431 manserit,
937 2367 984 2418 nisi
997 2368 1061 2420 torte
1075 2370 1145 2434 apud
1155 2371 1256 2437 proprias

147 2446 268 2510 parantes.

223 2532 247 2577 a.
264 2527 290 2576 Si
316 2526 414 2577 nolente
438 2528 481 2578 aut
508 2527 636 2590 ignorante
655 2528 743 2578 manto
768 2531 793 2577 et
812 2527 960 2580 circensibus
985 2528 1069 2591 ludis,
1092 2529 1198 2581 theatris
1223 2532 1258 2581 tut

148 2605 336 2670 amphitheatris
354 2606 491 2656 interfuerit
509 2606 541 2657 ad
560 2605 729 2670 spectandum.

224 2687 272 2737 Pro
290 2699 375 2738 uxore.
392 2688 500 2738 Uxorem
519 2688 602 2736 autern
623 2686 711 2736 merito
730 2685 859 2750 repudium
872 2686 969 2738 mttere
980 2700 1065 2751 posse:
1084 2695 1106 2739 i.
1120 2689 1257 2740 sinerint

146 2768 233 2819 oonha
251 2767 381 2832 imperium
400 2768 537 2832 conspirat,
557 2769 601 2817 aut
621 2765 811 2832 conspirationis
828 2768 934 2819 aliorum
951 2768 1066 2819 conscius
1088 2768 1196 2834 imperio
1215 2781 1258 2820 non

148 2847 248 2900 mactet.

224 2935 248 2980 t.
264 2928 290 2979 Si
310 2928 374 2979 ritae
395 2928 480 2980 uxoris
498 2929 542 2978 aut
562 2927 614 2992 ipse
628 2927 758 2980 insidiatus
779 2930 827 2991 stt,
849 2930 892 2979 aut
907 2927 1055 2979 insidiarum
1078 2929 1111 2979 ab
1130 2929 1189 2982 aliis
1209 2942 1258 2980 ran·

147 3005 214 3058 scius
231 3020 282 3058 non
302 3008 393 3060 revelet
411 3009 497 3071 osori,
509 3023 590 3075 neque
607 3010 704 3062 studeat
724 3010 860 3062 secundnm
882 3009 960 3074 legem
979 3010 1076 3060 ulcisci.

224 3094 248 3139 t.
265 3089 291 3140 si
309 3090 393 3141 uxoris
411 3091 517 3142 castitati
535 3090 665 3142 insidiatus
684 3092 729 3155 sit,
748 3104 852 3155 eamque
871 3091 927 3141 aliis
949 3089 1147 3155 prostituentium
1168 3090 1259 3142 tradere

150 3166 288 3218 ieuiamrit.

226 3252 250 3299 4.
266 3249 293 3299 Si
311 3263 365 3300 earn
383 3250 415 3301 de
434 3251 555 3302 adulterio
574 3252 612 3301 vir
631 3252 800 3316 accusaverit,
813 3250 916 3316 probare
936 3253 1018 3301 sutem
1038 3263 1087 3300 non
1109 3252 1227 3315 potuerit.

226 3337 250 3381 t.
266 3330 293 3380 Si
311 3329 334 3381 is
359 3331 399 3382 rel
417 3333 442 3381 in
461 3332 535 3383 domo
551 3346 596 3384 sua
615 3333 654 3382 rel
673 3336 743 3384 extra
758 3346 816 3384 cum
831 3331 880 3382 alia
900 3331 1001 3382 muliere
1022 3331 1168 3394 moabitet,
1192 3335 1260 3395 atqua

150 3411 291 3462 admonitus
306 3424 356 3462 non
374 3411 483 3463 desistat.

223 3492 327 3556 Reliqua
337 3492 437 3543 interius
445 3494 565 3543 dabimus.
578 3495 624 3546 iiic
633 3508 706 3559 porro
716 3495 852 3544 Matthaeus
861 3492 977 3542 Biastrris
987 3490 1140 3554 monachus,
1148 3491 1193 3555 qui
1201 3492 1262 3541 cirea

149 3587 190 3625 au.
206 3581 274 3626 titt.
287 3573 372 3624 tioruit
379 3574 405 3625 in
414 3574 457 3624 cit.
465 3588 506 3638 op.
519 3587 568 3624 non
579 3588 685 3625 mnones
699 3574 772 3624 modo
782 3610 789 3635 ,
800 3573 843 3624 sed
855 3576 881 3623 et
891 3573 956 3635 teges
966 3571 1049 3621 retulit
1062 3584 1122 3621 cunr
1132 3570 1263 3621 monibus

148 3655 252 3706 collatas
272 3654 414 3715 iustiniani,
433 3654 520 3704 Leonis
533 3655 668 3718 Sapientis,
678 3654 830 3704 constamini
840 3653 1099 3717 Porpiryrogennetae,
1114 3650 1265 3712 aliorumque

149 3736 332 3800 imperatorum.
350 3737 404 3786 Hoc
420 3748 482 3799 opus
503 3747 517 3784 e
535 3734 632 3785 duobus
652 3734 779 3784 codicibus
798 3733 930 3784 Bodleiano
948 3735 974 3782 et
989 3731 1113 3782 vossiano
1133 3743 1221 3794 graeca
1234 3740 1261 3778 ae

149 3817 225 3867 iatine
238 3816 354 3867 inlunem
369 3816 473 3880 protulit
493 3815 637 3878 Bavaregirrs
647 3814 672 3865 in
692 3814 817 3865 Pendeat.
832 3827 925 3865 canon.
937 3815 999 3862 tom.
1015 3813 1047 3861 ΙΙ.
1064 3812 1129 3875 part.
1142 3814 1162 3861 1.
1175 3823 1229 3875 pap.
1241 3816 1260 3858 t.

151 3897 229 3948 ituita
247 3898 300 3948 eiua
317 3897 372 3948 lora
395 3895 535 3947 emendarit
556 3896 692 3946 cotelerius
709 3895 735 3944 in
752 3897 812 3945 Not.
833 3893 869 3944 cd
886 3896 1003 3944 Monam.
1023 3892 1260 3955 decimiacense,

150 3977 194 4040 qni
209 3978 291 4029 temen
305 3977 421 4027 admonet
440 3976 505 4026 iraud
525 3989 603 4040 pauca
614 3976 695 4027 adhuc
705 3987 830 4039 superesse
842 3971 1003 4025 emendanda.
1014 3972 1054 4022 ci.
1065 3985 1107 4036 op.
1122 3975 1148 4023 et
1162 3972 1209 4023 loe.
1219 3969 1257 4020 cit.

151 4068 207 4119 cap.
219 4057 284 4106 xlii.
303 4069 327 4119 p.
341 4061 370 4108 7³
386 4069 438 4118 seq.

225 4136 275 4198 (ta)
291 4135 360 4199 tpud
376 4136 467 4185 christ.
487 4137 582 4199 Lupum
601 4135 679 4184 schot.
695 4133 727 4184 ad
746 4147 799 4185 can.
826 4134 965 4186 Lxxxvss.
985 4131 1257 4192 rouc.1·ruilani⁰po·

150 4214 190 4263 ed.
204 4217 288 4266 venet.
307 4219 374 4266 rtet.
387 4219 447 4265 tom.
466 4217 508 4265 tlt.
523 4228 576 4278 pag.
597 4222 638 4267 15³
649 4228 700 4277 seq.
