2796 5064
153 329 223 401 lli
297 353 359 404 nm.
382 352 429 406 ιιι.
451 353 539 405 srer.
560 355 745 408 urrunnun
757 354 869 409 inorsa.
887 358 981 412 narn.
999 358 1125 418 camur.

152 472 281 570 iugium
309 471 516 574 liberamque
537 475 807 566 fornicationem,
837 503 915 551 eum
940 494 1127 580 perpetuus
1152 480 1263 557 transi·

150 604 206 662 tus
227 587 300 661 fieri
326 605 443 688 posset
470 589 514 663 ab
543 617 646 665 uxore
674 592 716 665 ad
742 619 878 668 uxorem
908 595 997 691 (89).

222 701 265 777 At
288 704 347 804 qui
365 707 566 779 contrarium
586 723 719 781 tuentur
740 708 942 782 seutentiam
959 710 1014 784 his
1032 711 1177 786 minime
1200 738 1265 812 per·

148 836 335 894 morentur.
367 821 529 907 Quamvis
559 824 649 896 euim
677 822 720 896 ob
750 823 861 897 cordis
895 824 1052 899 duritiem
1078 826 1266 926 permiserit

148 934 278 1024 Moses,
299 963 361 1011 seu
378 938 490 1037 potius
506 939 598 1011 Deus
613 965 673 1038 per
690 938 816 1013 Mosam
835 940 918 1013 dare
935 939 1087 1013 libellum
1114 942 1264 1042 repudii,

148 1051 250 1125 etiam
275 1068 391 1126 contra
420 1055 624 1154 primaevam
649 1054 799 1153 coniugii
828 1055 1094 1144 institutionem,
1124 1082 1196 1131 non
1219 1083 1266 1131 ex·

150 1166 230 1241 inde
255 1169 408 1269 sequitur
433 1195 594 1269 peccasse
618 1196 696 1258 eos,
719 1171 778 1271 qui
801 1170 867 1244 hac
890 1170 1048 1245 facultate
1072 1171 1263 1246 utebantur.

147 1282 321 1384 Siquidem
346 1285 445 1385 plura
470 1301 569 1375 suut,
596 1313 684 1387 quae
709 1286 878 1359 interdum
903 1285 948 1360 ob
971 1286 1084 1360 cordis
1111 1286 1268 1361 duritiam

146 1399 376 1475 conceduntur
409 1402 456 1476 ita
489 1416 527 1476 ut
561 1401 662 1502 culpa
688 1417 808 1476 vacent
838 1402 898 1501 qui
924 1401 1149 1475 concessione
1173 1418 1266 1477 utun·

146 1530 200 1590 tur
227 1518 316 1614 (tl).
346 1519 520 1592 Praeterea
549 1518 577 1590 si
611 1544 719 1617 poena
753 1533 881 1592 tantum
914 1542 976 1617 per
1005 1515 1117 1614 legem
1150 1516 1267 1592 fuisset

145 1630 277 1720 ablata,
298 1649 496 1732 sequeretur
510 1632 618 1706 Deum
645 1632 753 1731 magis
771 1632 952 1706 sollicitum
970 1631 1077 1705 luisse
1095 1630 1142 1705 de
1160 1658 1265 1732 poena

145 1772 247 1846 quam
273 1746 316 1820 de
340 1746 455 1848 culpa,
472 1746 564 1846 quod
581 1746 765 1821 absurdum
792 1746 876 1820 iuret
896 1745 950 1820 rel
975 1745 1137 1844 cogitare.
1159 1746 1263 1835 Adde,

144 1861 236 1962 quod
261 1863 292 1935 si
317 1889 384 1936 non
411 1862 485 1936 sine
510 1863 611 1963 culpa
635 1863 824 1963 potuissent
849 1886 970 1936 uxores
995 1860 1142 1950 dimitti,
1172 1861 1210 1936 id
1234 1862 1264 1935 ir

144 1977 219 2075 lege
243 1977 477 2066 sanctissima,
499 1978 690 2051 cuiusmodi
716 1977 780 2050 fuit
796 1975 944 2050 mosaica
961 2001 982 2049 a
998 1974 1070 2049 Deo
1088 1974 1172 2050 data
1189 2001 1264 2051 eon·

144 2091 252 2191 ceptis
268 2091 401 2180 verbis,
418 2107 457 2164 ut
473 2090 580 2190 legem
600 2090 713 2180 decet,
730 2092 955 2189 significatum
975 2089 1164 2191 aiiquaudo
1183 2090 1263 2167 luis

144 2221 196 2280 set
215 2209 313 2303 (ll),
334 2207 424 2306 quod
443 2222 554 2280 tamma
580 2205 737 2304 nuspiam
763 2231 826 2278 neo
851 2220 965 2304 aperte
982 2203 1131 2292 dictum,
1155 2231 1263 2306 neque

143 2319 287 2395 obscure
318 2321 525 2394 insinuatum
560 2321 735 2420 reperitur.
764 2319 855 2393 Deus
880 2334 1055 2419 praeterea
1080 2319 1119 2391 in
1150 2319 1264 2395 adrer-

143 2436 309 2510 sariorum
326 2435 507 2536 hypothesi
526 2452 573 2509 tot
590 2435 787 2509 indulsisset
803 2434 989 2523 adulteria,
1019 2450 1104 2534 quot
1129 2435 1264 2535 nuptiae

142 2576 164 2623 a
189 2550 366 2650 repudiata
395 2575 499 2623 uxore
522 2550 626 2624 initae
655 2549 816 2636 inissent,
838 2546 928 2649 quod
954 2574 975 2621 a
999 2545 1063 2627 uei,
1088 2549 1263 2623 sanctitate

140 2665 315 2755 abhorrct;
341 2691 381 2740 eo
412 2665 464 2739 vel
491 2666 598 2763 magis
627 2665 719 2766 quod
749 2666 840 2738 Deus
868 2664 1104 2738 severissimas
1130 2690 1256 2766 poenas

140 2783 327 2858 decreverit
351 2782 386 2854 in
412 2780 603 2868 adulteros;
625 2781 846 2855 incontentia
869 2804 949 2853 veru
974 2805 1041 2879 qua
1068 2779 1113 2853 de
1138 2780 1258 2877 agitur,

141 2898 308 2975 adulteria
320 2898 466 3000 palliata
485 2923 588 2998 prope
606 2898 782 2971 innumera
797 2911 927 2995 patrata
944 2895 1085 2993 impune
1103 2893 1257 2971 luissent.

213 3159 263 3222 (aa)
276 3161 313 3210 lta
333 3159 434 3222 quidem
454 3157 518 3209 iuter
531 3159 627 3210 ceteros
644 3159 754 3221 pugnant
764 3157 846 3207 Fufius
860 3157 886 3206 ln
903 3159 927 3207 t.
940 3154 1003 3206 sent.
1023 3153 1083 3206 illut.
1104 3160 1146 3207 at.
1163 3153 1259 3216 eriri·

138 3237 231 3304 suppl.
244 3248 267 3291 a.
283 3243 322 3291 67.
332 3241 359 3290 et
375 3239 418 3290 alit
436 3252 494 3289 eum
505 3238 574 3302 ipsis,
587 3238 631 3301 qui
643 3237 770 3290 adducunt
784 3251 830 3302 pro
846 3251 873 3288 se
883 3251 905 3289 s.
920 3234 1102 3301 Hieronymum
1123 3233 1152 3288 in
1162 3247 1218 3300 cap.
1228 3235 1257 3287 v.

141 3319 230 3370 llattlr.
242 3322 267 3370 et
277 3333 298 3369 s.
312 3320 519 3370 &narraturam

212 3400 262 3461 (90)
277 3399 393 3450 Nonnulli
417 3399 513 3449 adhoc
533 3397 707 3449 declarandum
722 3399 829 3449 atterunt
844 3398 984 3461 exemplum
1006 3397 1061 3448 sire
1079 3396 1258 3449 relatiunculaa

138 3481 291 3544 vespertinae
309 3479 342 3529 ab
362 3479 466 3528 ecelesia
484 3491 614 3529 concessae
635 3479 718 3530 ieiunii
736 3482 858 3543 tempore,
878 3481 907 3529 ul
923 3491 976 3530 sese
992 3478 1105 3542 ipsorum
1125 3474 1259 3529 infirmitati

139 3559 351 3620 accommodaret,
372 3572 442 3609 secus
461 3572 490 3608 ae
507 3559 539 3609 ab
554 3559 626 3610 initio
643 3559 793 3622 obtinuerit,
813 3559 866 3609 sire
884 3571 940 3609 esua
961 3558 1085 3620 carulum,
1096 3557 1143 3622 qui
1163 3568 1259 3623 pum

139 3639 206 3691 libus
228 3639 297 3690 duris
313 3653 395 3690 rerum
412 3639 536 3690 adiunctis
553 3652 584 3689 ac
597 3641 744 3702 temporum,
768 3639 858 3702 passim
879 3639 910 3688 ab
923 3637 1026 3690 ecclesia
1039 3636 1195 3700 permittitur
1211 3636 1257 3687 dir

139 3720 186 3770 ltus
204 3720 365 3782 esurialibus,
383 3733 455 3769 nemo
475 3721 558 3769 temen
580 3719 646 3769 dicet
667 3732 767 3782 peccare
783 3731 834 3781 eos,
857 3718 899 3782 qui
925 3717 983 3768 delo
999 3715 1097 3769 indulto
1116 3710 1231 3768 utuntur.

212 3800 263 3863 (ll)
277 3800 349 3858 Quod
361 3799 455 3850 iamdiu
477 3797 684 3850 animadverterat
703 3811 724 3849 s.
736 3799 845 3848 Thomas
857 3805 879 3848 a.
891 3799 955 3862 part.
967 3812 993 3861 q.
1004 3801 1044 3848 al.
1057 3798 1106 3847 art.
1119 3804 1145 3850 5.
1158 3797 1255 3848 &eurr

141 3880 228 3938 rQuia
242 3880 283 3930 lex
295 3880 375 3941 vetus,
387 3879 500 3942 quamvis
518 3880 622 3942 gratiam
643 3892 693 3928 uon
711 3879 939 3940 conterret,temen
956 3877 1015 3928 data
1037 3878 1112 3940 erat,
1132 3879 1164 3930 ut
1180 3886 1258 3942 pctu-

138 3959 194 4010 tum
212 3957 367 4021 ostenderet,
379 3960 407 4007 ul
417 3958 580 4008 communiter
602 3957 680 4008 saneti
696 3956 843 4007 dicunt...si
858 3955 968 4020 (iudaei)
982 3953 1138 4019 repudiando
1159 3964 1258 4007 uxoren

138 4039 294 4103 peccassent,
307 4037 355 4086 hoe
373 4037 459 4087 saltem
479 4036 514 4086 eis
532 4050 575 4100 per
594 4037 672 4099 legem
691 4038 735 4086 aut
752 4037 883 4100 prophetas
898 4035 1002 4085 indicari
1020 4034 1159 4100 debuisset,
1175 4044 1258 4086 secun

137 4117 197 4167 dum
216 4117 242 4166 id
259 4116 337 4166 isaiae
353 4117 539 4166 saturnalia
556 4114 652 4179 populo
674 4127 730 4165 meo
746 4114 846 4165 scelera
860 4126 961 4176 eorum,
973 4112 1035 4164 alias
1053 4112 1202 4164 riderentur
1220 4109 1254 4162 nl·

139 4199 188 4249 mis
208 4211 261 4249 esse
280 4196 396 4259 neglecti,
410 4195 472 4246 aies
486 4195 697 4258 quaeuecessarie
712 4196 769 4244 suut
788 4196 820 4245 ad
841 4195 965 4256 salutem,
980 4206 1044 4259 quaa
1061 4205 1113 4246 non
1131 4200 1255 4258 cogam

138 4278 206 4341 bont,
219 4289 354 4340 numquam
371 4276 407 4326 eis
427 4275 539 4325 nuntiata
554 4275 672 4338 fuissem,
693 4273 761 4338 quod
777 4284 827 4327 uon
842 4275 923 4339 potest
935 4273 995 4338 olel,
1019 4284 1078 4328 tum
1095 4269 1255 4336 intimiori·

138 4357 248 4422 tempore
264 4370 310 4408 suu
324 4356 454 4409 obsonate
476 4355 553 4407 ritum
577 4355 712 4408 merantur
729 4356 862 4408 aeternam.
877 4375 889 4399 ι
