2796 5064
149 373 220 445 too
293 394 355 446 ua.
373 395 408 445 11.
426 389 512 445 sacr.
530 392 659 445 narras.
681 396 721 445 na
743 390 854 447 meres.
875 384 1118 447 sarmentus.

149 539 247 600 nem,
275 513 348 587 sive
372 538 510 586 sensum
540 511 723 600 ecciesiae,
751 513 824 587 siue
846 511 1081 610 theologorum
1116 510 1262 590 omnium

148 652 372 713 consensum,
401 627 475 701 aive
498 626 762 715 controversias,
783 651 871 726 quae
887 626 953 701 hac
969 627 1012 701 de
1030 653 1139 702 causa
1154 630 1263 726 vigne

149 760 228 818 runt
242 770 282 817 ac
299 744 434 841 vigent,
456 743 528 817 sive
546 770 683 817 sensum
701 742 887 817 absurdum
903 768 1005 844 pem
1022 744 1263 845 praeseferrent

147 856 273 932 Christi
298 857 419 945 verba,
444 858 583 931 evidens
600 874 652 941 est
667 883 742 932 eam
768 856 861 932 nulio
881 858 981 932 modo
1006 856 1145 958 probari
1163 877 1198 934 et
1212 861 1274 934 ad·-

148 975 233 1045 mitti
251 1000 372 1073 posse,
393 974 455 1047 etsi
475 1000 541 1047 non
559 974 705 1047 diffitear
722 975 849 1071 optima
875 974 1061 1048 intentione
1077 991 1112 1051 et
1129 976 1165 1048 iu
1182 976 1263 1077 opti-

147 1116 239 1162 mum
266 1089 365 1163 finem
399 1090 562 1163 invectam
588 1116 662 1162 eam
695 1115 792 1177 esse,
821 1090 864 1162 ad
890 1090 1103 1191 eripiendum
1139 1092 1263 1166 scilicet

148 1203 411 1303 protestantibus
429 1205 647 1304 praecipuum
670 1204 922 1280 fundamentum
939 1203 993 1280 cui
1012 1202 1207 1280 innituntur
1222 1206 1260 1280 ad

146 1317 310 1392 ecclesiae
329 1318 516 1393 catholicae
533 1318 598 1393 hac
611 1318 645 1392 ia
659 1345 695 1392 re
707 1319 964 1393 concutiendam
983 1317 1186 1393 doctrinam.
1206 1320 1261 1394 hat

145 1433 287 1537 baculus
312 1433 519 1508 arundineus
544 1434 678 1535 ineptus
704 1436 824 1510 estad
850 1434 1057 1509 fulciendum
1081 1436 1150 1510 hoc
1169 1458 1260 1535 argu·

145 1563 311 1637 mentum,
332 1574 394 1622 seu
411 1547 532 1624 salsam
549 1574 590 1624 ac
606 1565 857 1650 praeposteram
883 1551 1206 1651 interpretationem.
1223 1551 1259 1624 ht

146 1663 230 1738 haec
255 1664 432 1739 hactenus.

560 1872 769 1931 eutichius
788 1873 840 1931 tii.

268 2077 442 2156 Dogmotica
463 2077 608 2139 hccicsiae
630 2080 829 2175 interpretatio
848 2080 997 2142 dumanas
1016 2079 1145 2145 hihiicac

277 2173 314 2234 do
325 2172 577 2236 indissoiuhtiitate
586 2172 766 2237 Matrimonii
778 2176 928 2238 christiani
941 2176 1126 2258 argumentis

376 2272 598 2334 hermensuticis
618 2274 775 2336 scientifice
794 2274 1023 2338 demonstratur.

650 2454 687 2554 a.
717 2458 743 2527 i.

187 2651 391 2704 todtnoiubiiitas
404 2653 553 2703 matrimonii
564 2653 692 2704 christiani
702 2654 775 2704 etiam
789 2655 813 2703 iu
823 2667 898 2705 causo
907 2655 1020 2705 adulterii
1030 2669 1060 2705 ex
1072 2656 1207 2708 scientifica

378 2731 473 2797 aragon
491 2734 604 2784 textuum
620 2734 706 2784 tiaith.
718 2736 749 2784 v.
759 2736 785 2785 et
799 2736 865 2785 xlx.
876 2733 1016 2785 deducitur.

215 2912 256 2986 Ut
272 2912 443 2986 exordiae
460 2911 693 3012 quaestionem
711 2911 799 2986 hauc
816 2912 1030 2988 exordiamur
1043 2915 1061 2985 1
1072 2913 1252 3014 expendo-

142 3052 217 3103 mus
230 3029 357 3103 Christi
377 3056 517 3128 scopum
530 3028 625 3102 hisce
638 3029 674 3101 in
686 3028 786 3116 locis,
804 3030 838 3102 2.
850 3029 1027 3104 uerborum
1044 3045 1250 3115 contextum

143 3149 177 3218 3.
194 3147 429 3220 necessitatem
450 3145 636 3219 catholicae
660 3145 946 3244 interpretationis
964 3145 1005 3219 ad
1024 3147 1168 3221 utenda
1183 3171 1253 3245 gru·

140 3262 282 3335 tissima
294 3261 521 3348 incommoda,
538 3287 626 3361 quae
638 3287 678 3334 ex
694 3264 888 3334 novatorum
902 3276 936 3334 et
947 3286 1147 3358 graecorum
1163 3286 1253 3362 expo

141 3376 264 3451 sitione
280 3402 320 3448 ac
338 3375 503 3449 sententia
526 3376 736 3475 proveniunt.
754 3376 830 3463 Quo
847 3388 958 3449 autem
976 3375 1109 3450 firmius
1130 3402 1185 3451 res
1202 3400 1254 3450 no·

141 3506 211 3565 stra
231 3491 467 3576 constituatur,
488 3492 715 3589 expendamus
736 3517 888 3566 seorsum
908 3500 1089 3590 utrumque
1109 3506 1250 3575 matum,

141 3621 178 3681 ut
200 3621 363 3706 appareat
387 3607 540 3679 eamdem
567 3607 609 3680 iis
635 3606 777 3681 suhcsse
803 3607 1015 3680 sententiam.

213 3721 368 3795 Christus
380 3722 484 3820 igitur
495 3722 728 3796 tintavet.
741 3721 855 3795 otim
868 3722 999 3796 locutus
1012 3737 1081 3796 est:
1102 3721 1253 3797 «Dictum

139 3854 191 3909 est
211 3853 342 3910 autem:
367 3838 575 3938 quicumque
599 3838 767 3911 dimiserit
790 3863 926 3911 uxorem
950 3863 1069 3924 suam,
1090 3837 1151 3913 det
1167 3837 1198 3912 ei
1214 3835 1254 3911 ii«

138 3952 265 4028 bollum
291 3954 435 4051 repudii.
459 3954 530 4050 Ego
552 3971 663 4027 autem
687 3953 765 4027 dico
788 3954 905 4028 vohis:
934 3953 1016 4053 quia
1041 3953 1179 4042 omnis,
1196 3949 1249 4052 qui

139 4069 306 4170 dimiserit
330 4095 466 4142 uxorem
488 4094 603 4155 suam,
623 4085 764 4168 excepta
780 4067 1014 4143 fornicationis
1030 4093 1158 4156 causa,
1178 4066 1253 4141 iacit

139 4213 213 4260 eam
239 4186 429 4261 moechari:
450 4201 484 4260 et
500 4185 560 4284 qui
577 4185 755 4260 dimissam
773 4185 922 4272 duxerit,
944 4183 1151 4260 adulterat.»
1164 4184 1251 4259 iuxta

139 4301 380 4390 adversarios,
417 4300 572 4376 Christus
599 4301 655 4376 his
682 4300 825 4376 verbis:
861 4310 996 4398 accepto
1026 4299 1250 4397 sonticotiona's
