2796 5064
232 222 299 299 ιιι
373 245 435 297 ιιι.
453 242 500 296 ιιι.
518 240 604 296 sacr.
622 240 752 295 uram.
773 240 814 296 nr
834 240 947 295 mnus.
967 238 1066 294 arra.
1083 236 1212 293 crum.

304 363 338 435 3.
358 360 495 435 Constat
507 360 692 459 generatim
705 386 746 433 ex
758 358 835 433 aliis
851 359 988 434 casibus
1001 355 1038 433 in
1051 358 1181 460 quibus
1195 356 1341 434 denne

231 477 306 576 ipso
331 492 469 549 naturae
493 471 566 548 iure
599 474 759 573 coniuges
788 475 862 572 cogi
888 490 1059 575 nequeunt
1090 491 1130 547 ut
1153 473 1271 548 eodem
1297 471 1343 545 ie-

231 607 302 678 cto,
323 616 440 664 mensa
452 592 609 690 rictuque
621 606 767 664 utantur.
790 589 917 689 Ecquis
935 591 1023 662 enim
1038 588 1213 662 affirmare
1230 587 1345 661 audeat

231 707 335 779 teneri
354 704 529 803 coniugam
553 730 629 778 cum
647 731 686 778 eo
703 730 943 791 consuescere,
963 705 1021 805 qui
1041 704 1174 803 phthisi
1201 704 1343 791 laboret,

231 846 318 920 quae
343 821 397 894 sin
419 820 532 893 minus
549 818 742 917 contagiosa
764 835 883 894 natura
899 845 963 893 sua
981 819 1045 905 ait,
1068 818 1190 893 saltem
1207 818 1258 892 uti
1275 818 1345 892 tatia

231 934 522 1034 apprehenditur?
555 962 631 1008 cum
657 960 697 1009 eo
723 936 780 1034 qui
807 935 964 1034 pestifera
990 934 1074 1007 febri
1101 934 1148 1008 sit
1177 951 1346 1033 correptus

232 1065 289 1122 aut
315 1049 380 1124 alio
404 1050 520 1123 morbo
544 1050 603 1150 qui
629 1048 728 1123 facile
752 1066 841 1124 tactu
865 1065 967 1149 atque
997 1049 1248 1124 consuetudine
1276 1075 1346 1123 curn

231 1178 366 1262 aegroto
387 1162 626 1238 contrahatur?
642 1165 730 1237 Sane
753 1165 899 1264 quisque
916 1189 1033 1238 cavere
1051 1163 1118 1236 sibi
1141 1190 1207 1264 pro
1223 1163 1344 1239 viribus

232 1294 360 1379 potest,
389 1279 594 1379 quandoque
618 1279 720 1351 etiam
746 1279 857 1352 debet.
891 1279 966 1365 Qua
991 1280 1026 1350 in
1053 1305 1089 1352 re
1120 1279 1300 1380 prudentia
1317 1295 1346 1351 et

232 1393 374 1468 oonsilio
399 1421 484 1493 opus
504 1409 574 1480 est,
604 1392 741 1493 parochi
767 1408 799 1467 et
820 1392 942 1466 medici
963 1393 1111 1468 charitas
1131 1393 1341 1480 adhihenda,

233 1524 271 1582 ut
286 1535 349 1582 nee
367 1535 466 1607 aeger
483 1509 652 1608 praesidio
670 1507 870 1581 destituatur
893 1524 927 1581 et
950 1523 1081 1606 pereat,
1110 1533 1177 1581 nec
1194 1535 1299 1582 sanus
1314 1509 1343 1579 in

233 1623 345 1697 tabem
357 1622 410 1698 vel
423 1623 526 1696 alium
542 1648 676 1721 gravem
693 1621 846 1695 morbum
864 1622 1021 1695 incurrat.
1038 1622 1078 1694 ln
1091 1620 1151 1697 his
1168 1649 1282 1696 rerunt
1293 1623 1344 1696 ud·

234 1736 357 1812 iunctis
371 1738 537 1837 separatio
551 1765 571 1810 a
585 1753 676 1824 toro,
695 1763 715 1808 a
728 1737 896 1809 communi
909 1761 1039 1823 mensa,
1054 1752 1088 1810 et
1101 1736 1343 1812 cohabitatione

233 1878 300 1926 non
317 1851 360 1926 ab
378 1853 538 1939 ecelesia,
556 1851 649 1926 seda
668 1868 787 1924 natura
807 1851 884 1949 ipsa
900 1850 1122 1951 permittitur,
1144 1854 1342 1953 quandoque

231 1967 330 2040 etiam
357 1968 570 2066 praecipitur.
594 1967 685 2041 lderu
712 1966 766 2038 die
791 1966 835 2038 de
850 1965 1100 2041 cohabitatione
1118 1994 1199 2040 cum
1221 1983 1342 2042 amante

233 2106 273 2155 ac
286 2080 425 2169 furioso,
441 2081 587 2181 aliisque
598 2081 779 2155 eiusmodi.
796 2081 864 2154 Nec
877 2096 987 2154 minen
1002 2097 1184 2181 propterea
1199 2083 1343 2158 faculute

234 2195 269 2267 hi
294 2194 455 2294 coniuges
480 2196 622 2296 praediti
650 2212 729 2269 sunt
751 2195 843 2269 aliud
867 2194 1056 2270 celebrandi
1082 2198 1338 2272 matrimonium.

309 2313 342 2385 d.
370 2311 508 2385 Constat
524 2338 564 2383 ex
582 2312 625 2384 iis
643 2310 820 2399 omnibus,
842 2311 900 2411 qui
926 2310 986 2383 diu
1012 2336 1073 2385 seu
1089 2311 1136 2385 ad
1155 2313 1272 2412 plures
1291 2339 1343 2386 an·

233 2454 296 2503 nos
322 2426 374 2502 rel
400 2427 611 2514 commercii,
631 2427 682 2499 vel
710 2427 756 2500 rei
780 2427 957 2513 militaris,
978 2426 1086 2514 exilii,
1109 2426 1341 2528 deportationis

233 2568 337 2617 causa
356 2542 471 2642 procul
489 2542 609 2615 abesse
627 2541 670 2615 ab
688 2542 792 2616 altero
811 2544 953 2639 coniuge
970 2559 1146 2640 coguntur.
1174 2545 1219 2616 Hi
1237 2570 1341 2618 omnes

234 2661 297 2733 etsi
324 2656 458 2732 vinculo
485 2657 652 2755 coniugali
680 2658 796 2754 illigati
822 2673 1054 2757 perseverent,
1081 2659 1118 2730 in
1136 2659 1279 2733 divortio
1300 2675 1341 2732 ta·

234 2800 310 2847 men
343 2772 454 2874 quoad
489 2789 596 2845 torum
625 2772 816 2871 victumque
846 2771 929 2845 dura
960 2772 1173 2847 necessitatis
1200 2772 1273 2872 lege
1302 2790 1342 2847 te·

234 2905 365 2963 nentur.

306 3005 391 3078 Cum
416 3006 517 3103 igitur
540 3007 582 3080 ob
609 3006 770 3107 plurimos
789 3008 823 3079 in
849 3007 965 3080 sociali
987 3007 1055 3080 vita
1076 3032 1189 3079 rerum
1216 3021 1341 3081 eventus

235 3120 392 3216 coniuges
419 3122 526 3193 dividi
557 3122 698 3195 invicem
724 3122 868 3195 debcant
889 3137 1137 3220 cogunturque,
1167 3123 1252 3222 quin
1276 3145 1342 3220 pro·

235 3251 349 3332 pterea
374 3237 533 3332 coniuges
560 3264 635 3310 esse
661 3237 834 3324 desinant;
863 3265 937 3311 cum
965 3236 1161 3311 huiusmodi
1186 3237 1343 3339 separatio

234 3374 273 3421 ox
292 3348 368 3446 ipsa
386 3375 495 3421 rerum
515 3367 633 3422 natura
647 3378 753 3451 eaque
766 3353 955 3424 necessario
968 3351 1137 3439 dimanet,
1155 3378 1197 3424 ac
1216 3349 1344 3452 proinde

235 3462 279 3536 sit
302 3463 448 3535 locorum
471 3465 617 3535 omnium
643 3482 676 3537 et
699 3481 905 3564 temporum,
942 3464 1110 3565 quomodo
1137 3467 1214 3540 sine
1240 3481 1344 3566 aperta

235 3577 380 3650 salsitate
405 3604 488 3650 noco
515 3596 622 3676 potest
644 3580 710 3652 diei
729 3580 903 3665 doctrina,
929 3607 997 3679 qua
1019 3581 1234 3668 decernitur,
1255 3603 1344 3681 posse

234 3693 277 3764 oh
303 3693 425 3765 multas
451 3718 571 3766 causas
597 3694 841 3792 separationem
869 3695 955 3766 inter
978 3696 1140 3791 coniuges
1165 3697 1278 3795 quoad
1303 3711 1344 3766 to

235 3837 306 3882 rum
325 3839 385 3885 seu
404 3813 514 3912 quoad
532 3814 813 3889 cohabitationem
833 3817 866 3888 in
885 3832 1011 3889 certum
1029 3815 1265 3914 incertumque
1277 3828 1345 3884 tent·

235 3953 299 4024 pus
333 3929 404 4000 fieri
437 3945 590 4001 manente
616 3931 766 4016 vinculo,
801 3948 900 4029 prout
928 3929 1108 4005 concilium
1136 3928 1343 4002 tridentinum

235 4046 420 4118 camvill.
449 4044 632 4119 definivit?
657 4047 722 4119 Aut
746 4048 835 4119 enim
869 4047 953 4119 haec
984 4045 1114 4119 admitti
1145 4045 1265 4131 debet,
1297 4057 1345 4114 aut

235 4157 331 4230 venia
350 4187 409 4235 seu
436 4160 575 4235 facultas
595 4160 886 4236 indiscriminatim
905 4160 1018 4235 danda
1036 4175 1088 4234 est
1109 4158 1267 4236 solvendi
1283 4156 1344 4232 rin·
