2796 5064
110 406 170 458 ur.
183 407 208 459 1.
220 400 341 458 mnu.
358 402 399 458 nx
416 402 528 459 mures.
541 403 635 459 uara.
649 402 755 460 error.
769 404 842 459 runs
860 406 957 460 rosrr.
971 405 1036 461 nrr.
1091 390 1160 462 133

75 522 219 599 humcos
244 525 413 622 leguntur.
434 524 606 625 Siquidem
638 524 763 599 ibidem
789 525 927 624 legitur,
963 527 1053 627 quod
1085 552 1162 602 cum

72 639 142 714 llous
158 667 200 714 ex
210 640 304 713 lldae
319 656 413 746 costa
427 641 600 714 mulierem
618 640 837 729 condidisset,
853 668 914 715 seu
926 658 1053 716 costam
1071 644 1163 717 aedi·

71 753 188 829 lcasset
212 756 247 827 in
273 754 465 842 mulierem,
493 781 635 855 eamque
652 772 729 828 ante
742 756 834 829 Adae
854 772 1069 856 conspectum
1086 783 1167 831 con-

69 871 238 956 stituisset,
265 870 390 942 dixerit
413 868 538 941 Adam:
554 869 650 943 «Huc
677 894 767 943 nunc
791 896 829 943 os
855 899 896 943 ex
920 870 1056 944 ossibus
1081 873 1165 946 meis

67 1002 187 1057 etcum
212 983 257 1056 de
280 1008 382 1056 carne
407 981 774 1069 mea....Quamobrem
796 983 961 1083 relinquet
982 984 1082 1058 homo
1107 1012 1167 1085 pa-

66 1117 132 1172 trem
158 1125 262 1172 suum
287 1115 322 1171 et
337 1113 496 1185 matrem,
516 1113 549 1172 et
564 1099 763 1172 adhaerebit
780 1100 875 1173 uxori
893 1126 993 1187 suae,
1014 1116 1047 1173 et
1070 1119 1168 1176 eruut

64 1214 116 1288 duo
142 1214 178 1286 in
205 1239 309 1287 earne
333 1239 402 1286 una
421 1215 511 1309 (ta).
535 1213 629 1300 Quac
646 1215 783 1315 quidem
799 1215 902 1288 rerba
921 1241 962 1287 ex
977 1216 1039 1288 Dei
1058 1216 1167 1315 inspi-

64 1331 178 1404 ratione
195 1328 306 1402 Adam
321 1328 517 1428 protulisse,
534 1355 601 1402 non
614 1330 757 1404 obscure
770 1330 975 1427 significavit
987 1331 1162 1416 Christus,

63 1448 106 1544 qui
132 1472 175 1518 ea
199 1445 272 1519 Deo
297 1444 363 1545 ipsi
389 1443 592 1545 adscripsit,
621 1463 658 1519 ut
682 1462 801 1546 postea
823 1445 1027 1520 videbimus.

121 1559 263 1634 Interim
290 1558 346 1631 hic
370 1559 492 1632 iuverit
516 1559 780 1634 animadvertere
806 1561 839 1631 1.
861 1561 962 1635 allata
978 1561 1081 1635 verba
1099 1587 1164 1637 non

63 1674 187 1774 quidem
206 1700 401 1775 expressam
418 1674 526 1771 legem
544 1674 736 1774 positivam,
757 1701 858 1775 quam
876 1674 1010 1764 dicunt,
1033 1703 1168 1776 praese-

63 1790 155 1880 lerre,
185 1791 248 1864 sed
275 1807 385 1864 tamen
410 1790 495 1865 satis
521 1806 634 1890 aperte
659 1791 810 1864 divinam
842 1792 1046 1865 voluntatem
1076 1792 1167 1865 circa

63 1907 213 1981 rationem
240 1921 462 2006 naturamque
487 1906 635 2002 coniugii
661 1922 739 1978 tunc
764 1905 924 1979 divinitus
950 1906 1095 1979 instituti
1119 1907 1168 1979 si-

62 2022 213 2117 gnificare
234 2022 331 2117 (cl);
354 2021 388 2091 2.
401 2019 444 2092 ad
458 2035 635 2119 utramque
647 2019 784 2119 quidem
802 2019 1005 2093 matrimonii
1020 2020 1169 2119 proprie·

62 2153 171 2224 uem,
200 2136 343 2209 unitatis
367 2134 524 2208 videlicet
540 2150 641 2234 atque
658 2134 967 2208 indissolubilitatis
983 2134 1088 2208 rerba
1109 2134 1167 2208 illa
1235 2206 1238 2214 ,

61 2254 188 2341 referri,
227 2252 287 2326 sed
320 2251 366 2325 ita
395 2268 432 2325 ut
463 2252 571 2348 magis
604 2242 729 2324 directe
762 2250 804 2323 ad
837 2250 1167 2325 indissolubilitatem

60 2395 152 2467 quam
171 2367 217 2441 ad
235 2367 397 2440 unitatem
415 2367 611 2440 reserantur.
632 2367 720 2438 Sane
737 2365 892 2439 Christus
911 2366 954 2439 ad
968 2381 1167 2466 perpetuum

59 2482 255 2556 matrimonii
281 2480 454 2555 vinculum
480 2480 682 2552 firmandum
708 2507 748 2553 ea
774 2480 808 2552 in
834 2482 981 2554 medium
1004 2480 1164 2567 adduxit,

59 2615 89 2671 ut
110 2599 235 2672 salsam
262 2597 514 2697 pharisaeorum
540 2596 739 2669 sententiam
765 2596 808 2669 de
824 2596 969 2693 coniugii
989 2595 1168 2670 dissolubi-

59 2714 141 2788 litatc
168 2712 345 2787 refelleret.

121 2832 194 2903 lam
221 2855 300 2902 vero
325 2855 366 2900 ex
383 2825 495 2900 allatis
514 2826 682 2901 Geneseos
699 2825 809 2900 verbis
834 2825 1166 2899 indissolubilitatcm

58 2945 257 3019 matrimonii
275 2943 425 3043 patefieri
444 2944 570 3043 liquet,
592 2946 620 3018 si
635 2970 749 3017 eorum
768 2944 821 3014 vis
842 2943 989 3042 penitius
1003 2941 1168 3041 expenda-

57 3065 257 3136 mullerem
276 3063 320 3135 iis
339 3061 451 3135 verbis
470 3062 569 3160 primi
588 3062 748 3157 coniuges
771 3076 943 3160 tamquam
961 3085 1066 3132 unum
1085 3058 1167 3159 quid

57 3176 280 3278 inseparabile
304 3176 514 3250 exhibentur.
537 3177 620 3248 Nam
647 3176 762 3248 habita
787 3178 915 3248 ratione
936 3174 1077 3272 originis
1098 3201 1169 3246 mu·

56 3292 157 3374 lieris,
178 3293 264 3366 haec
279 3291 383 3366 veluti
402 3317 480 3390 pars
499 3291 671 3389 integralis
689 3290 866 3363 exhibetur
878 3290 941 3362 viri
955 3306 1068 3390 utpute
1080 3316 1168 3390 quae

54 3410 229 3483 aedificata
254 3424 307 3481 est
331 3435 372 3481 ex
397 3408 472 3480 eius
490 3423 601 3495 costa,
622 3434 683 3480 seu
702 3433 742 3479 ex
760 3405 910 3479 membro
928 3405 1055 3505 ipsius,
1077 3404 1168 3506 quod

54 3544 170 3598 natura
196 3550 259 3598 sua
285 3523 392 3595 tendit
417 3521 461 3596 ad
487 3523 646 3596 unionem
672 3548 738 3596 seu
758 3520 987 3621 compaginem
1010 3547 1087 3594 cum
1116 3547 1168 3592 re·

53 3637 143 3741 liquo
169 3666 320 3740 corpore.
342 3639 376 3710 Si
402 3639 487 3712 ratio
513 3657 684 3738 praeterea
700 3637 865 3711 habeatur
881 3637 1058 3711 verborum
1081 3662 1168 3735 quae

53 3756 91 3828 ab
114 3755 225 3828 Adam
251 3781 292 3828 ex
315 3754 377 3826 Dei
402 3754 564 3827 instinctu
590 3754 717 3854 prolata
741 3769 843 3841 sunt,
868 3753 976 3850 magis
1002 3752 1115 3824 adhuc
1132 3751 1166 3823 id

54 3871 225 3959 clarescit;
246 3869 330 3944 dixit
346 3870 436 3943 enim
452 3885 670 3970 protoparens
684 3870 726 3943 ad
741 3870 830 3944 Evae
848 3884 1081 3967 conspectum:
1097 3866 1167 3939 Hoc

55 4015 134 4060 tuac
159 4014 195 4061 os
221 3986 413 4060 accesibus
437 3988 534 4071 outa,
564 3986 662 4086 quasi
689 4013 809 4084 nempe
835 3983 1074 4082 significaverit
1091 4008 1167 4055 esse

126 4206 431 4270 ammaumm

123 4288 173 4350 (st)
190 4287 274 4337 Prima
290 4286 330 4338 lex
345 4285 450 4351 positiva
461 4300 474 4336 a
485 4289 535 4338 Deo
544 4285 600 4337 data
610 4323 617 4349 ,
628 4299 656 4335 ea
667 4285 712 4336 luit
722 4299 771 4348 qua
783 4299 837 4335 esus
849 4298 878 4334 ex
892 4285 972 4334 fructu
985 4279 1079 4331 arboris
1090 4279 1166 4330 scien·

63 4365 103 4417 uae
114 4367 171 4419 boni
183 4371 209 4419 et
223 4368 280 4422 mxli
295 4368 342 4420 luit
357 4369 453 4420 vetitus.
