2796 5064
123 362 131 387 '
150 374 215 448 too
315 398 376 448 ιιι.
397 396 444 446 ιιι.
466 395 552 446 ιιιι.
573 395 597 446 ι.
613 393 653 445 ιιι
670 392 765 446 niro.
782 392 905 446 cunrsr.
923 391 1069 448 ιιιιιπ.

147 514 213 588 lam
231 513 446 613 disciplinam
463 539 503 586 ac
520 511 625 609 legem
644 512 840 586 canonicam
859 511 961 586 locuti
980 527 1077 598 sunt,
1097 511 1181 585 dum
1198 529 1246 589 ter

146 631 193 703 tio
217 644 251 701 et
274 643 393 728 quarto
418 628 575 728 repetitas
596 627 734 725 nuptias
755 627 956 699 damnarunt
985 627 1075 722 (84).

218 744 306 815 Sane
321 756 554 838 argumentum
572 739 662 839 quod
681 740 806 838 profert
825 766 855 812 s.
878 740 1057 837 Gregorius
1083 742 1246 815 nazianne

146 883 210 930 nus
235 854 532 954 impeteretetiam
567 852 732 927 secundas
758 854 921 952 nuptias,
950 853 980 926 si
1008 852 1092 954 quid
1117 853 1243 929 valeret

145 970 287 1059 Quando
311 987 422 1044 autem
449 970 653 1068 iniquitatem
676 982 774 1042 vocat
794 968 910 1042 tertias
932 968 1088 1068 nuptias,
1117 995 1161 1043 ac
1188 995 1246 1070 por

144 1087 256 1160 einum
282 1084 422 1158 ulterius
452 1098 623 1183 nuncupat
647 1082 917 1169 matrimonium,
950 1081 1065 1156 referri
1097 1083 1134 1156 id
1161 1083 1246 1161 debe

144 1201 188 1274 ad
209 1200 316 1300 legem
335 1199 598 1273 ecclesiasticam
616 1197 778 1271 ecclesiae
795 1223 956 1295 graecae,
977 1223 1065 1299 quae
1082 1198 1246 1274 ulteriora

144 1316 207 1390 has
225 1315 359 1415 nuptias
378 1329 536 1412 tanquam
554 1311 747 1407 illegitimas
770 1310 968 1411 respuebat,
989 1326 1023 1384 et
1042 1312 1086 1386 ad
1106 1313 1246 1387 animun

144 1430 403 1505 incontinentem
429 1453 567 1514 eorum,
595 1426 653 1526 qui
675 1452 713 1499 se
733 1425 789 1499 his
815 1425 942 1526 nuptiis
967 1424 1205 1524 implicabant.

215 1543 342 1619 lladcm
355 1543 483 1616 ratione
496 1541 617 1640 exponi
631 1539 730 1614 debet
743 1566 772 1614 ι.
789 1540 934 1614 Basilius
948 1541 1051 1615 immo
1062 1566 1145 1615 vero
1158 1541 1246 1640 longi

143 1660 263 1760 potiori
281 1659 371 1744 iure,
388 1657 455 1729 nisi
472 1655 615 1730 velimus
637 1682 712 1729 eum
731 1682 845 1730 secum
862 1655 1080 1731 committere.
1106 1657 1150 1730 Ut
1168 1657 1246 1730 enin

142 1773 298 1873 apposite
315 1770 432 1845 scribit
448 1768 614 1842 Arcudius
632 1797 639 1840 :
664 1771 767 1843 «Non
784 1768 884 1843 video
901 1769 1069 1869 quonmdo
1086 1769 1174 1844 haec
1190 1770 1246 1845 sili

142 1887 284 1959 invicem
307 1883 527 1970 cohaereant,
549 1898 587 1956 ut
609 1882 764 1980 trigamia
785 1882 830 1957 sit
846 1883 1020 1958 fornicatio
1041 1899 1173 1958 tantum
1194 1910 1246 1960 nor

142 1999 290 2072 relaxata
310 2014 344 2072 et
364 1996 407 2071 ad
429 1996 531 2070 unius
549 1996 713 2070 foeminae
734 1996 927 2097 complexus
948 2013 1137 2087 contracta,
1160 2014 1195 2074 et
1212 2013 1246 2074 ιιι

142 2138 218 2185 men
244 2137 311 2185 non
331 2111 555 2185 dissolvatur:
586 2109 647 2183 sed
673 2126 809 2209 peracta
839 2110 968 2209 aliquot
992 2136 1159 2185 annorum
1184 2136 1246 2214 poe

143 2226 284 2299 nitentia
308 2225 441 2322 trigami
460 2225 679 2299 admittantur
698 2225 742 2298 ad
764 2225 997 2325 participanda
1015 2226 1184 2302 ecclesiae
1203 2252 1246 2303 sa

142 2354 333 2426 eramenta,
349 2367 426 2413 cum
442 2339 578 2413 interim
597 2339 698 2412 simul
715 2339 867 2413 habitent
880 2356 913 2413 et
929 2357 1105 2442 procreant
1117 2341 1246 2418 liberos.

141 2456 176 2528 Si
201 2454 292 2528 enim
313 2455 468 2553 trigamia
493 2470 545 2529 cst
569 2454 766 2542 fornicatio,
790 2481 857 2528 non
882 2471 991 2556 potest
1007 2455 1154 2531 ecclesia
1173 2458 1246 2545 Dei,

141 2570 359 2645 ornatissima
384 2597 510 2670 sponsa
535 2571 679 2658 Christi,
702 2596 789 2668 quae
814 2570 888 2643 sinc
912 2597 996 2668 ruga
1020 2586 1091 2659 est,
1115 2573 1246 2649 nonita

140 2684 225 2758 bens
239 2685 425 2773 maculam,
441 2684 605 2758 eiusmodi
621 2701 792 2785 peccatum
807 2685 1008 2785 permittere.
1026 2686 1127 2772 Quod
1141 2688 1173 2762 si
1186 2712 1246 2787 per

142 2800 259 2889 mittit,
281 2800 383 2897 igitur
402 2827 468 2873 non
493 2816 547 2874 est
563 2800 754 2874 fornicatio:
776 2801 902 2901 quippe
926 2801 1102 2876 fornicatio
1120 2829 1190 2876 non
1207 2821 1246 2878 es

141 2915 270 3016 aliquid
289 2915 504 3004 indifferens,
520 2932 557 2989 ut
574 2916 682 3015 possit
699 2915 813 2989 subire
831 2916 992 2990 rationem
1008 2917 1088 2991 boni
1105 2935 1142 2992 et
1156 2919 1246 2993 mali:

142 3032 202 3106 sed
228 3031 258 3104 si
284 3031 458 3105 fornicatio
484 3047 555 3118 est,
579 3057 713 3131 semper
735 3030 824 3104 mala
849 3048 901 3105 est
928 3034 1017 3128 (85).
1037 3064 1055 3104 ι
1077 3033 1121 3107 Ει
1142 3035 1246 3135 reipsa

142 3146 289 3220 vidimus
316 3145 350 3217 in
370 3162 431 3219 art.
458 3145 668 3245 praecedenti
695 3174 724 3219 s.
745 3145 906 3219 Basiliam
924 3148 1086 3221 statuisse
1105 3178 1124 3218 ι
1140 3148 1185 3223 de
1202 3149 1246 3222 tri

142 3261 250 3359 gamis
276 3276 309 3333 ct
334 3259 523 3359 polygamis
548 3259 688 3333 definire
711 3264 874 3358 (patres)
899 3261 1043 3334 eundem
1063 3287 1246 3349 canonem,

142 3399 241 3474 quem
258 3389 291 3446 et
308 3371 350 3445 de
367 3372 534 3471 digamis,
557 3389 689 3445 servata
704 3374 938 3472 proportione:
959 3401 1084 3448 annum
1097 3376 1246 3453 videlice

143 3490 177 3561 in
198 3488 360 3585 digamis,
386 3487 445 3560 alii
470 3513 548 3561 vero
569 3487 655 3561 duos
673 3514 797 3561 annos:
831 3490 999 3588 Trigorios
1018 3505 1128 3563 autem
1150 3492 1246 3566 tribue

142 3619 172 3675 ιι
195 3628 288 3700 saepo
313 3616 453 3700 quotuor
478 3604 574 3674 onais
599 3617 781 3701 segregant.
811 3603 849 3674 ld
875 3618 988 3678 autem
1013 3630 1079 3678 non
1106 3606 1246 3708 amplius

216 3849 266 3912 (st)
275 3851 364 3900 censet
379 3848 444 3900 idem
460 3851 546 3900 auctor
560 3864 583 3901 ι.
598 3850 714 3901 Basiliurn
725 3852 750 3901 et
762 3851 907 3915 Gregortum
919 3852 1091 3904 nonanoennm
1109 3853 1137 3904 in
1151 3854 1204 3906 sals
1215 3867 1246 3907 ee

138 3929 221 3980 clastls
236 3942 267 3979 cx
288 3930 353 3980 loeta
372 3943 446 3980 ιιιιι
466 3930 586 3994 qriaedam
607 3931 762 3982 matrimonia
782 3931 897 3983 irritasse.
917 3932 979 3982 lbid.
993 3947 1020 3996 p.
1035 3940 1090 3983 ιιι.

217 4009 267 4073 (ιι)
283 4012 321 4060 Dc
332 4009 471 4061 concordtc
483 4013 531 4061 eto.
550 4011 593 4061 lib.
606 4015 629 4062 7.
643 4023 697 4073 cap.
714 4016 752 4063 ts.
772 4012 904 4075 Nonnulli,
916 4015 945 4063 ut
964 4015 1088 4075 zonaras,
1104 4014 1246 4077 Balsama·¹

139 4090 230 4154 allique
248 4091 347 4140 censent
366 4103 388 4140 ι.
404 4091 521 4141 Bastltnm
537 4091 563 4141 tn
577 4103 632 4141 can.
648 4098 686 4142 ιι.
705 4104 754 4141 non
774 4091 842 4155 loqui
861 4092 893 4143 de
910 4092 1021 4156 ιιίιιιιιιι
1038 4091 1081 4144 sed
1101 4092 1135 4145 de
1151 4096 1246 4158 ιιιιιῃ

138 4171 204 4233 mia,
216 4185 279 4236 quae
289 4184 333 4235 per
350 4171 415 4235 leges
429 4171 552 4235 prohibita
566 4174 625 4223 crat.
645 4175 736 4223 Verum
749 4170 796 4222 hae
806 4174 864 4223 sunt
879 4187 960 4224 meree
970 4173 1134 4226 conlecturos.
1146 4172 1246 4227 timum

140 4263 199 4302 sanc
211 4250 317 4304 aditores
334 4251 366 4303 ab
379 4252 425 4302 hac
443 4252 562 4303 mntentia
577 4251 693 4303 recedam
710 4251 824 4314 gravibus
835 4254 983 4317 argumentis
997 4253 1074 4304 innisi
1084 4267 1151 4317 quac
1160 4254 1185 4306 la
1195 4254 1246 4307 neti

141 4343 216 4394 quam
231 4330 263 4382 ad
284 4332 350 4382 hunc
369 4345 423 4383 can.
444 4338 484 4382 ιο.
501 4331 637 4395 apponunt,
656 4329 735 4381 videri
749 4334 858 4394 possunt.
