<?xml version="1.0" encoding="UTF-8"?>
<!DOCTYPE html PUBLIC "-//W3C//DTD XHTML 1.0 Transitional//EN"
    "http://www.w3.org/TR/xhtml1/DTD/xhtml1-transitional.dtd">
<html xmlns="http://www.w3.org/1999/xhtml" xml:lang="en" lang="en">
 <head>
  <title>
</title>
<meta http-equiv="Content-Type" content="text/html;charset=utf-8" />
  <meta name='ocr-system' content='tesseract 3.04.00' />
  <meta name='ocr-capabilities' content='ocr_page ocr_carea ocr_par ocr_line ocrx_word'/>
</head>
<body>
  <div class='ocr_page' id='page_1' title='image "./dematrimoniochr01perrgoog_0398.png"; bbox 0 0 2796 5064; ppageno 0'>
   <div class='ocr_carea' id='block_1_1' title="bbox 269 375 1257 451">
    <p class='ocr_par' dir='ltr' id='par_1_1' title="bbox 269 375 1257 451">
     <span class='ocr_line' id='line_1_1' title="bbox 269 375 1257 451; baseline -0.006 0"><span class='ocrx_word' id='word_1_1' title='bbox 269 401 337 451; x_wconf 77' lang='lat' dir='ltr'>cir.</span> <span class='ocrx_word' id='word_1_2' title='bbox 354 395 580 451; x_wconf 66' lang='lat' dir='ltr'>runconere.</span> <span class='ocrx_word' id='word_1_3' title='bbox 597 394 987 448; x_wconf 69' lang='lat' dir='ltr'>instimularentur.</span> <span class='ocrx_word' id='word_1_4' title='bbox 1006 396 1077 445; x_wconf 84' lang='lat' dir='ltr'>rar.</span> <span class='ocrx_word' id='word_1_5' title='bbox 1089 397 1111 446; x_wconf 89' lang='lat' dir='ltr'>r.</span> <span class='ocrx_word' id='word_1_6' title='bbox 1190 375 1257 445; x_wconf 72' lang='lat'>4⁰3</span> 
     </span>
    </p>
   </div>
   <div class='ocr_carea' id='block_1_2' title="bbox 129 516 1320 3499">
    <p class='ocr_par' dir='ltr' id='par_1_2' title="bbox 136 516 1259 1193">
     <span class='ocr_line' id='line_1_2' title="bbox 140 516 1258 615; baseline -0.003 -23"><span class='ocrx_word' id='word_1_7' title='bbox 140 519 249 592; x_wconf 89' lang='lat' dir='ltr'>debet.</span> <span class='ocrx_word' id='word_1_8' title='bbox 271 517 418 591; x_wconf 88' lang='lat' dir='ltr'>Tertium</span> <span class='ocrx_word' id='word_1_9' title='bbox 435 516 691 590; x_wconf 81' lang='lat' dir='ltr'>indivisibilitas</span> <span class='ocrx_word' id='word_1_10' title='bbox 704 516 926 603; x_wconf 82' lang='lat' dir='ltr'>matrimonii,</span> <span class='ocrx_word' id='word_1_11' title='bbox 944 531 1077 615; x_wconf 88' lang='lat' dir='ltr'>prepter</span> <span class='ocrx_word' id='word_1_12' title='bbox 1091 516 1154 589; x_wconf 96' lang='lat' dir='ltr'>hoc</span> <span class='ocrx_word' id='word_1_13' title='bbox 1167 517 1258 615; x_wconf 89' lang='lat' dir='ltr'>quod</span> 
     </span>
     <span class='ocr_line' id='line_1_3' title="bbox 138 629 1254 731; baseline -0.002 -24"><span class='ocrx_word' id='word_1_14' title='bbox 138 633 309 731; x_wconf 86' lang='lat' dir='ltr'>significat</span> <span class='ocrx_word' id='word_1_15' title='bbox 332 631 572 706; x_wconf 81' lang='lat' dir='ltr'>indivisibilem</span> <span class='ocrx_word' id='word_1_16' title='bbox 589 632 855 705; x_wconf 90' lang='lat' dir='ltr'>coniunctionem</span> <span class='ocrx_word' id='word_1_17' title='bbox 874 629 998 703; x_wconf 86' lang='lat' dir='ltr'>Christi</span> <span class='ocrx_word' id='word_1_18' title='bbox 1022 647 1054 703; x_wconf 89' lang='lat' dir='ltr'>et</span> <span class='ocrx_word' id='word_1_19' title='bbox 1076 631 1254 705; x_wconf 88' lang='lat' dir='ltr'>ecclesiae.</span> 
     </span>
     <span class='ocr_line' id='line_1_4' title="bbox 137 745 1258 846; baseline -0.002 -25"><span class='ocrx_word' id='word_1_20' title='bbox 137 748 302 834; x_wconf 76' lang='lat' dir='ltr'>Quamvis</span> <span class='ocrx_word' id='word_1_21' title='bbox 327 763 439 820; x_wconf 89' lang='lat' dir='ltr'>autem</span> <span class='ocrx_word' id='word_1_22' title='bbox 463 773 504 819; x_wconf 84' lang='lat' dir='ltr'>ex</span> <span class='ocrx_word' id='word_1_23' title='bbox 529 772 632 818; x_wconf 92' lang='lat' dir='ltr'>causa</span> <span class='ocrx_word' id='word_1_24' title='bbox 659 745 887 819; x_wconf 80' lang='lat' dir='ltr'>fornicationis</span> <span class='ocrx_word' id='word_1_25' title='bbox 911 745 1009 819; x_wconf 87' lang='lat' dir='ltr'>liceat</span> <span class='ocrx_word' id='word_1_26' title='bbox 1031 747 1094 818; x_wconf 93' lang='lat' dir='ltr'>tori</span> <span class='ocrx_word' id='word_1_27' title='bbox 1122 772 1258 846; x_wconf 84' lang='lat' dir='ltr'>separa-</span> 
     </span>
     <span class='ocr_line' id='line_1_5' title="bbox 138 861 1259 949; baseline -0.002 -13"><span class='ocrx_word' id='word_1_28' title='bbox 138 864 263 938; x_wconf 81' lang='lat' dir='ltr'>tionem</span> <span class='ocrx_word' id='word_1_29' title='bbox 289 863 413 949; x_wconf 85' lang='lat' dir='ltr'>lacere,</span> <span class='ocrx_word' id='word_1_30' title='bbox 436 888 502 936; x_wconf 89' lang='lat' dir='ltr'>non</span> <span class='ocrx_word' id='word_1_31' title='bbox 528 876 639 934; x_wconf 70' lang='lat' dir='ltr'>minen</span> <span class='ocrx_word' id='word_1_32' title='bbox 664 861 756 934; x_wconf 91' lang='lat' dir='ltr'>aliud</span> <span class='ocrx_word' id='word_1_33' title='bbox 782 861 1034 935; x_wconf 83' lang='lat' dir='ltr'>matrimonium</span> <span class='ocrx_word' id='word_1_34' title='bbox 1063 861 1259 935; x_wconf 80' lang='lat' dir='ltr'>contrahere</span> 
     </span>
     <span class='ocr_line' id='line_1_6' title="bbox 136 976 1259 1077; baseline -0.003 -25"><span class='ocrx_word' id='word_1_35' title='bbox 136 979 186 1053; x_wconf 88' lang='lat' dir='ltr'>las</span> <span class='ocrx_word' id='word_1_36' title='bbox 204 996 278 1062; x_wconf 86' lang='lat' dir='ltr'>est,</span> <span class='ocrx_word' id='word_1_37' title='bbox 305 1005 381 1053; x_wconf 93' lang='lat' dir='ltr'>cum</span> <span class='ocrx_word' id='word_1_38' title='bbox 404 978 605 1053; x_wconf 81' lang='lat' dir='ltr'>matrimonii</span> <span class='ocrx_word' id='word_1_39' title='bbox 624 977 794 1050; x_wconf 86' lang='lat' dir='ltr'>vinculum</span> <span class='ocrx_word' id='word_1_40' title='bbox 821 976 968 1072; x_wconf 88' lang='lat' dir='ltr'>legitime</span> <span class='ocrx_word' id='word_1_41' title='bbox 994 978 1156 1051; x_wconf 91' lang='lat' dir='ltr'>contracti</span> <span class='ocrx_word' id='word_1_42' title='bbox 1183 1004 1259 1077; x_wconf 92' lang='lat' dir='ltr'>per·</span> 
     </span>
     <span class='ocr_line' id='line_1_7' title="bbox 136 1093 502 1193; baseline -0.014 -25"><span class='ocrx_word' id='word_1_43' title='bbox 136 1111 277 1193; x_wconf 85' lang='lat' dir='ltr'>potuum</span> <span class='ocrx_word' id='word_1_44' title='bbox 303 1093 349 1166; x_wconf 87' lang='lat' dir='ltr'>sit</span> <span class='ocrx_word' id='word_1_45' title='bbox 376 1094 466 1189; x_wconf 76' lang='lat' dir='ltr'>(tt).</span> <span class='ocrx_word' id='word_1_46' title='bbox 484 1124 502 1163; x_wconf 78' lang='lat' dir='ltr'>o</span> 
     </span>
    </p>

    <p class='ocr_par' dir='ltr' id='par_1_3' title="bbox 129 1207 1320 3265">
     <span class='ocr_line' id='line_1_8' title="bbox 210 1207 1254 1310; baseline 0.001 -30"><span class='ocrx_word' id='word_1_47' title='bbox 210 1209 294 1281; x_wconf 91' lang='lat' dir='ltr'>ltem</span> <span class='ocrx_word' id='word_1_48' title='bbox 322 1207 477 1282; x_wconf 82' lang='lat' dir='ltr'>Clemens</span> <span class='ocrx_word' id='word_1_49' title='bbox 502 1209 589 1280; x_wconf 88' lang='lat' dir='ltr'>Vlll.</span> <span class='ocrx_word' id='word_1_50' title='bbox 620 1210 655 1281; x_wconf 94' lang='lat' dir='ltr'>in</span> <span class='ocrx_word' id='word_1_51' title='bbox 681 1212 901 1285; x_wconf 89' lang='lat' dir='ltr'>instructione</span> <span class='ocrx_word' id='word_1_52' title='bbox 925 1235 985 1310; x_wconf 88' lang='lat' dir='ltr'>pre</span> <span class='ocrx_word' id='word_1_53' title='bbox 1007 1207 1254 1306; x_wconf 87' lang='lat' dir='ltr'>Italo-graecis,</span> 
     </span>
     <span class='ocr_line' id='line_1_9' title="bbox 134 1322 1253 1426; baseline 0.001 -31"><span class='ocrx_word' id='word_1_54' title='bbox 134 1322 322 1397; x_wconf 86' lang='lat' dir='ltr'>declaravit</span> <span class='ocrx_word' id='word_1_55' title='bbox 337 1324 468 1420; x_wconf 88' lang='lat' dir='ltr'>graecis</span> <span class='ocrx_word' id='word_1_56' title='bbox 486 1324 624 1424; x_wconf 90' lang='lat' dir='ltr'>quidem</span> <span class='ocrx_word' id='word_1_57' title='bbox 643 1327 885 1426; x_wconf 89' lang='lat' dir='ltr'>separationem</span> <span class='ocrx_word' id='word_1_58' title='bbox 904 1352 924 1398; x_wconf 89' lang='lat' dir='ltr'>a</span> <span class='ocrx_word' id='word_1_59' title='bbox 942 1341 1013 1398; x_wconf 93' lang='lat' dir='ltr'>toro</span> <span class='ocrx_word' id='word_1_60' title='bbox 1026 1324 1151 1397; x_wconf 90' lang='lat' dir='ltr'>licitam</span> <span class='ocrx_word' id='word_1_61' title='bbox 1164 1349 1253 1409; x_wconf 91' lang='lat' dir='ltr'>esse,</span> 
     </span>
     <span class='ocr_line' id='line_1_10' title="bbox 135 1438 1257 1540; baseline -0.002 -28"><span class='ocrx_word' id='word_1_62' title='bbox 135 1438 279 1513; x_wconf 87' lang='lat' dir='ltr'>alterum</span> <span class='ocrx_word' id='word_1_63' title='bbox 293 1455 404 1513; x_wconf 72' lang='lat' dir='ltr'>umen</span> <span class='ocrx_word' id='word_1_64' title='bbox 419 1499 426 1526; x_wconf 87' lang='lat'>,</span> <span class='ocrx_word' id='word_1_65' title='bbox 443 1440 575 1515; x_wconf 87' lang='lat' dir='ltr'>vivente</span> <span class='ocrx_word' id='word_1_66' title='bbox 587 1457 681 1540; x_wconf 90' lang='lat' dir='ltr'>parte</span> <span class='ocrx_word' id='word_1_67' title='bbox 694 1441 777 1526; x_wconf 87' lang='lat' dir='ltr'>alia,</span> <span class='ocrx_word' id='word_1_68' title='bbox 798 1441 1047 1515; x_wconf 85' lang='lat' dir='ltr'>matrimonium</span> <span class='ocrx_word' id='word_1_69' title='bbox 1060 1438 1257 1512; x_wconf 80' lang='lat' dir='ltr'>contrahere</span> 
     </span>
     <span class='ocr_line' id='line_1_11' title="bbox 134 1552 1252 1653; baseline 0.001 -27"><span class='ocrx_word' id='word_1_70' title='bbox 134 1552 228 1627; x_wconf 94' lang='lat' dir='ltr'>nullo</span> <span class='ocrx_word' id='word_1_71' title='bbox 241 1554 277 1625; x_wconf 93' lang='lat' dir='ltr'>in</span> <span class='ocrx_word' id='word_1_72' title='bbox 289 1580 371 1628; x_wconf 87' lang='lat' dir='ltr'>casu</span> <span class='ocrx_word' id='word_1_73' title='bbox 384 1555 549 1653; x_wconf 89' lang='lat' dir='ltr'>integrum</span> <span class='ocrx_word' id='word_1_74' title='bbox 562 1583 639 1631; x_wconf 88' lang='lat' dir='ltr'>esse</span> <span class='ocrx_word' id='word_1_75' title='bbox 655 1559 743 1652; x_wconf 79' lang='lat'>(26).</span> <span class='ocrx_word' id='word_1_76' title='bbox 762 1556 917 1630; x_wconf 89' lang='lat' dir='ltr'>Urbanus</span> <span class='ocrx_word' id='word_1_77' title='bbox 930 1556 1015 1641; x_wconf 89' lang='lat' dir='ltr'>Vlll,</span> <span class='ocrx_word' id='word_1_78' title='bbox 1033 1555 1069 1626; x_wconf 89' lang='lat' dir='ltr'>in</span> <span class='ocrx_word' id='word_1_79' title='bbox 1084 1552 1163 1625; x_wconf 86' lang='lat' dir='ltr'>fidei</span> <span class='ocrx_word' id='word_1_80' title='bbox 1178 1580 1252 1652; x_wconf 80' lang='lat' dir='ltr'>pro</span> 
     </span>
     <span class='ocr_line' id='line_1_12' title="bbox 138 1669 1257 1772; baseline 0.002 -32"><span class='ocrx_word' id='word_1_81' title='bbox 138 1669 287 1744; x_wconf 88' lang='lat' dir='ltr'>lessione</span> <span class='ocrx_word' id='word_1_82' title='bbox 307 1671 491 1745; x_wconf 86' lang='lat' dir='ltr'>emittenda</span> <span class='ocrx_word' id='word_1_83' title='bbox 507 1671 551 1744; x_wconf 89' lang='lat' dir='ltr'>ab</span> <span class='ocrx_word' id='word_1_84' title='bbox 568 1672 631 1760; x_wconf 90' lang='lat' dir='ltr'>iis,</span> <span class='ocrx_word' id='word_1_85' title='bbox 652 1673 709 1772; x_wconf 90' lang='lat' dir='ltr'>qui</span> <span class='ocrx_word' id='word_1_86' title='bbox 729 1698 748 1745; x_wconf 91' lang='lat' dir='ltr'>e</span> <span class='ocrx_word' id='word_1_87' title='bbox 765 1672 946 1745; x_wconf 87' lang='lat' dir='ltr'>schismate</span> <span class='ocrx_word' id='word_1_88' title='bbox 966 1669 1090 1744; x_wconf 92' lang='lat' dir='ltr'>vellent</span> <span class='ocrx_word' id='word_1_89' title='bbox 1107 1670 1142 1740; x_wconf 93' lang='lat' dir='ltr'>in</span> <span class='ocrx_word' id='word_1_90' title='bbox 1159 1669 1257 1742; x_wconf 92' lang='lat' dir='ltr'>unio-</span> 
     </span>
     <span class='ocr_line' id='line_1_13' title="bbox 136 1784 1257 1885; baseline 0.001 -29"><span class='ocrx_word' id='word_1_91' title='bbox 136 1809 213 1857; x_wconf 90' lang='lat' dir='ltr'>nem</span> <span class='ocrx_word' id='word_1_92' title='bbox 239 1784 405 1860; x_wconf 90' lang='lat' dir='ltr'>ecclesiae</span> <span class='ocrx_word' id='word_1_93' title='bbox 428 1787 614 1862; x_wconf 89' lang='lat' dir='ltr'>catholicae</span> <span class='ocrx_word' id='word_1_94' title='bbox 640 1788 748 1863; x_wconf 87' lang='lat' dir='ltr'>redire</span> <span class='ocrx_word' id='word_1_95' title='bbox 774 1788 861 1861; x_wconf 89' lang='lat' dir='ltr'>hanc</span> <span class='ocrx_word' id='word_1_96' title='bbox 887 1786 1061 1861; x_wconf 81' lang='lat' dir='ltr'>formulam</span> <span class='ocrx_word' id='word_1_97' title='bbox 1098 1786 1257 1885; x_wconf 90' lang='lat' dir='ltr'>praescri·</span> 
     </span>
     <span class='ocr_line' id='line_1_14' title="bbox 136 1899 1255 1998; baseline -0.003 -24"><span class='ocrx_word' id='word_1_98' title='bbox 136 1901 229 1998; x_wconf 88' lang='lat' dir='ltr'>psit:</span> <span class='ocrx_word' id='word_1_99' title='bbox 263 1901 374 1976; x_wconf 79' lang='lat' dir='ltr'>«item</span> <span class='ocrx_word' id='word_1_100' title='bbox 392 1905 593 1976; x_wconf 85' lang='lat' dir='ltr'>sacramenti</span> <span class='ocrx_word' id='word_1_101' title='bbox 612 1904 813 1977; x_wconf 88' lang='lat' dir='ltr'>matrimonii</span> <span class='ocrx_word' id='word_1_102' title='bbox 832 1901 1002 1976; x_wconf 90' lang='lat' dir='ltr'>vinculum</span> <span class='ocrx_word' id='word_1_103' title='bbox 1021 1899 1255 1975; x_wconf 87' lang='lat' dir='ltr'>indissolubile</span> 
     </span>
     <span class='ocr_line' id='line_1_15' title="bbox 135 2013 1255 2119; baseline -0.002 -31"><span class='ocrx_word' id='word_1_104' title='bbox 135 2040 232 2104; x_wconf 86' lang='lat' dir='ltr'>esse,</span> <span class='ocrx_word' id='word_1_105' title='bbox 259 2032 295 2089; x_wconf 94' lang='lat' dir='ltr'>et</span> <span class='ocrx_word' id='word_1_106' title='bbox 318 2018 473 2115; x_wconf 86' lang='lat' dir='ltr'>quamvis</span> <span class='ocrx_word' id='word_1_107' title='bbox 495 2035 632 2119; x_wconf 88' lang='lat' dir='ltr'>propter</span> <span class='ocrx_word' id='word_1_108' title='bbox 649 2018 868 2106; x_wconf 88' lang='lat' dir='ltr'>adulterium,</span> <span class='ocrx_word' id='word_1_109' title='bbox 889 2016 1075 2102; x_wconf 88' lang='lat' dir='ltr'>haeresim,</span> <span class='ocrx_word' id='word_1_110' title='bbox 1095 2031 1153 2088; x_wconf 91' lang='lat' dir='ltr'>aut</span> <span class='ocrx_word' id='word_1_111' title='bbox 1169 2013 1255 2087; x_wconf 90' lang='lat' dir='ltr'>alias</span> 
     </span>
     <span class='ocr_line' id='line_1_16' title="bbox 134 2131 1255 2232; baseline -0.001 -29"><span class='ocrx_word' id='word_1_112' title='bbox 134 2155 259 2204; x_wconf 85' lang='lat' dir='ltr'>causas</span> <span class='ocrx_word' id='word_1_113' title='bbox 286 2132 392 2229; x_wconf 84' lang='lat' dir='ltr'>possit</span> <span class='ocrx_word' id='word_1_114' title='bbox 421 2133 507 2206; x_wconf 91' lang='lat' dir='ltr'>inter</span> <span class='ocrx_word' id='word_1_115' title='bbox 537 2134 696 2232; x_wconf 88' lang='lat' dir='ltr'>coniuges</span> <span class='ocrx_word' id='word_1_116' title='bbox 723 2135 784 2208; x_wconf 91' lang='lat' dir='ltr'>tori</span> <span class='ocrx_word' id='word_1_117' title='bbox 812 2149 844 2207; x_wconf 88' lang='lat' dir='ltr'>et</span> <span class='ocrx_word' id='word_1_118' title='bbox 873 2131 1131 2207; x_wconf 85' lang='lat' dir='ltr'>cohabitationis</span> <span class='ocrx_word' id='word_1_119' title='bbox 1156 2156 1255 2229; x_wconf 91' lang='lat' dir='ltr'>sepa-</span> 
     </span>
     <span class='ocr_line' id='line_1_17' title="bbox 135 2244 1255 2333; baseline 0.001 -15"><span class='ocrx_word' id='word_1_120' title='bbox 135 2245 221 2318; x_wconf 87' lang='lat' dir='ltr'>ratio</span> <span class='ocrx_word' id='word_1_121' title='bbox 247 2244 342 2333; x_wconf 83' lang='lat' dir='ltr'>lieri,</span> <span class='ocrx_word' id='word_1_122' title='bbox 371 2272 436 2321; x_wconf 91' lang='lat' dir='ltr'>non</span> <span class='ocrx_word' id='word_1_123' title='bbox 464 2263 575 2321; x_wconf 87' lang='lat' dir='ltr'>tamen</span> <span class='ocrx_word' id='word_1_124' title='bbox 594 2248 663 2322; x_wconf 91' lang='lat' dir='ltr'>illis</span> <span class='ocrx_word' id='word_1_125' title='bbox 681 2249 772 2322; x_wconf 90' lang='lat' dir='ltr'>aliud</span> <span class='ocrx_word' id='word_1_126' title='bbox 791 2249 1039 2323; x_wconf 90' lang='lat' dir='ltr'>matrimonium</span> <span class='ocrx_word' id='word_1_127' title='bbox 1058 2245 1255 2321; x_wconf 84' lang='lat' dir='ltr'>contrahere</span> 
     </span>
     <span class='ocr_line' id='line_1_18' title="bbox 135 2357 1255 2463; baseline 0.001 -33"><span class='ocrx_word' id='word_1_128' title='bbox 135 2357 187 2433; x_wconf 84' lang='lat' dir='ltr'>ius</span> <span class='ocrx_word' id='word_1_129' title='bbox 214 2385 291 2434; x_wconf 87' lang='lat' dir='ltr'>esse</span> <span class='ocrx_word' id='word_1_130' title='bbox 311 2362 438 2457; x_wconf 58' lang='lat' dir='ltr'>(ilio</span> <span class='ocrx_word' id='word_1_131' title='bbox 466 2362 665 2437; x_wconf 87' lang='lat' dir='ltr'>Benedictus</span> <span class='ocrx_word' id='word_1_132' title='bbox 690 2365 813 2463; x_wconf 89' lang='lat' dir='ltr'>pariter</span> <span class='ocrx_word' id='word_1_133' title='bbox 828 2364 912 2435; x_wconf 87' lang='lat' dir='ltr'><strong>XIV.</strong></span> <span class='ocrx_word' id='word_1_134' title='bbox 933 2365 969 2435; x_wconf 94' lang='lat' dir='ltr'>in</span> <span class='ocrx_word' id='word_1_135' title='bbox 986 2364 1157 2438; x_wconf 92' lang='lat' dir='ltr'>constitut.</span> <span class='ocrx_word' id='word_1_136' title='bbox 1179 2360 1255 2432; x_wconf 79' lang='lat' dir='ltr'>Etsi</span> 
     </span>
     <span class='ocr_line' id='line_1_19' title="bbox 129 2474 1254 2580; baseline 0.001 -33"><span class='ocrx_word' id='word_1_137' title='bbox 129 2477 311 2574; x_wconf 75' lang='lat' dir='ltr'>pectoralis</span> <span class='ocrx_word' id='word_1_138' title='bbox 335 2476 391 2551; x_wconf 91' lang='lat' dir='ltr'>die</span> <span class='ocrx_word' id='word_1_139' title='bbox 417 2480 475 2550; x_wconf 80' lang='lat'>26.</span> <span class='ocrx_word' id='word_1_140' title='bbox 506 2480 587 2552; x_wconf 90' lang='lat' dir='ltr'>mai.</span> <span class='ocrx_word' id='word_1_141' title='bbox 617 2481 723 2551; x_wconf 77' lang='lat' dir='ltr'>titt.</span> <span class='ocrx_word' id='word_1_142' title='bbox 753 2479 864 2580; x_wconf 90' lang='lat' dir='ltr'>quoad</span> <span class='ocrx_word' id='word_1_143' title='bbox 891 2477 1148 2552; x_wconf 87' lang='lat' dir='ltr'>Graecos-italos</span> <span class='ocrx_word' id='word_1_144' title='bbox 1170 2474 1254 2548; x_wconf 92' lang='lat' dir='ltr'>haec</span> 
     </span>
     <span class='ocr_line' id='line_1_20' title="bbox 131 2589 1251 2694; baseline 0 -30"><span class='ocrx_word' id='word_1_145' title='bbox 131 2589 316 2665; x_wconf 86' lang='lat' dir='ltr'>ordinariis</span> <span class='ocrx_word' id='word_1_146' title='bbox 329 2593 478 2667; x_wconf 90' lang='lat' dir='ltr'>locorum</span> <span class='ocrx_word' id='word_1_147' title='bbox 491 2593 534 2668; x_wconf 93' lang='lat' dir='ltr'>de</span> <span class='ocrx_word' id='word_1_148' title='bbox 550 2595 763 2694; x_wconf 83' lang='lat' dir='ltr'>dogmatibus</span> <span class='ocrx_word' id='word_1_149' title='bbox 781 2612 814 2671; x_wconf 89' lang='lat' dir='ltr'>et</span> <span class='ocrx_word' id='word_1_150' title='bbox 832 2595 952 2670; x_wconf 90' lang='lat' dir='ltr'>ritihus</span> <span class='ocrx_word' id='word_1_151' title='bbox 966 2594 1009 2669; x_wconf 90' lang='lat' dir='ltr'>ab</span> <span class='ocrx_word' id='word_1_152' title='bbox 1023 2592 1251 2690; x_wconf 88' lang='lat' dir='ltr'>italo-graecis</span> 
     </span>
     <span class='ocr_line' id='line_1_21' title="bbox 132 2695 1320 2808; baseline -0.002 -29"><span class='ocrx_word' id='word_1_153' title='bbox 132 2705 290 2780; x_wconf 67' lang='lat' dir='ltr'>moeridis</span> <span class='ocrx_word' id='word_1_154' title='bbox 319 2722 352 2781; x_wconf 91' lang='lat' dir='ltr'>et</span> <span class='ocrx_word' id='word_1_155' title='bbox 377 2709 552 2784; x_wconf 86' lang='lat' dir='ltr'>servandis</span> <span class='ocrx_word' id='word_1_156' title='bbox 576 2711 613 2808; x_wconf 59' lang='lat' dir='ltr'>S.</span> <span class='ocrx_word' id='word_1_157' title='bbox 635 2712 722 2785; x_wconf 88' lang='lat' dir='ltr'>Vlll.</span> <span class='ocrx_word' id='word_1_158' title='bbox 751 2739 785 2783; x_wconf 90' lang='lat' dir='ltr'>n.</span> <span class='ocrx_word' id='word_1_159' title='bbox 812 2714 845 2782; x_wconf 78' lang='lat'>2.</span> <span class='ocrx_word' id='word_1_160' title='bbox 875 2711 919 2785; x_wconf 93' lang='lat' dir='ltr'>de</span> <span class='ocrx_word' id='word_1_161' title='bbox 942 2708 1155 2783; x_wconf 89' lang='lat' dir='ltr'>matrimonio</span> <span class='ocrx_word' id='word_1_162' title='bbox 1181 2707 1252 2780; x_wconf 91' lang='lat' dir='ltr'>edi-</span> <span class='ocrx_word' id='word_1_163' title='bbox 1319 2695 1320 2698; x_wconf 28' lang='lat'>¹</span> 
     </span>
     <span class='ocr_line' id='line_1_22' title="bbox 132 2821 1251 2925; baseline 0 -32"><span class='ocrx_word' id='word_1_164' title='bbox 132 2821 202 2894; x_wconf 84' lang='lat' dir='ltr'>xit:</span> <span class='ocrx_word' id='word_1_165' title='bbox 233 2821 479 2898; x_wconf 81' lang='lat' dir='ltr'>«Matrimonia</span> <span class='ocrx_word' id='word_1_166' title='bbox 502 2826 590 2899; x_wconf 88' lang='lat' dir='ltr'>inter</span> <span class='ocrx_word' id='word_1_167' title='bbox 612 2828 772 2925; x_wconf 88' lang='lat' dir='ltr'>coniuges</span> <span class='ocrx_word' id='word_1_168' title='bbox 797 2852 935 2925; x_wconf 89' lang='lat' dir='ltr'>graecos</span> <span class='ocrx_word' id='word_1_169' title='bbox 961 2824 1095 2909; x_wconf 90' lang='lat' dir='ltr'>dirimi,</span> <span class='ocrx_word' id='word_1_170' title='bbox 1116 2848 1177 2896; x_wconf 87' lang='lat' dir='ltr'>seu</span> <span class='ocrx_word' id='word_1_171' title='bbox 1198 2821 1251 2894; x_wconf 93' lang='lat' dir='ltr'>di-</span> 
     </span>
     <span class='ocr_line' id='line_1_23' title="bbox 132 2935 1252 3039; baseline 0.002 -33"><span class='ocrx_word' id='word_1_172' title='bbox 132 2935 261 3022; x_wconf 89' lang='lat' dir='ltr'>vortia,</span> <span class='ocrx_word' id='word_1_173' title='bbox 290 2937 401 3036; x_wconf 92' lang='lat' dir='ltr'>quoad</span> <span class='ocrx_word' id='word_1_174' title='bbox 426 2939 619 3027; x_wconf 88' lang='lat' dir='ltr'>vinculum,</span> <span class='ocrx_word' id='word_1_175' title='bbox 642 2942 712 3014; x_wconf 86' lang='lat' dir='ltr'>lieri</span> <span class='ocrx_word' id='word_1_176' title='bbox 731 2941 822 3014; x_wconf 92' lang='lat' dir='ltr'>nullo</span> <span class='ocrx_word' id='word_1_177' title='bbox 847 2941 947 3014; x_wconf 92' lang='lat' dir='ltr'>modo</span> <span class='ocrx_word' id='word_1_178' title='bbox 964 2939 1173 3039; x_wconf 89' lang='lat' dir='ltr'>permittant,</span> <span class='ocrx_word' id='word_1_179' title='bbox 1194 2953 1252 3009; x_wconf 88' lang='lat' dir='ltr'>aut</span> 
     </span>
     <span class='ocr_line' id='line_1_24' title="bbox 132 3049 1251 3155; baseline 0 -33"><span class='ocrx_word' id='word_1_180' title='bbox 132 3049 327 3149; x_wconf 89' lang='lat' dir='ltr'>patiantur:</span> <span class='ocrx_word' id='word_1_181' title='bbox 355 3055 442 3127; x_wconf 89' lang='lat' dir='ltr'>etsi</span> <span class='ocrx_word' id='word_1_182' title='bbox 469 3056 604 3155; x_wconf 91' lang='lat' dir='ltr'>quade</span> <span class='ocrx_word' id='word_1_183' title='bbox 629 3056 715 3130; x_wconf 86' lang='lat' dir='ltr'>lacto</span> <span class='ocrx_word' id='word_1_184' title='bbox 742 3072 1014 3155; x_wconf 88' lang='lat' dir='ltr'>praecesserunt,</span> <span class='ocrx_word' id='word_1_185' title='bbox 1035 3053 1127 3126; x_wconf 90' lang='lat' dir='ltr'>nulla</span> <span class='ocrx_word' id='word_1_186' title='bbox 1152 3068 1185 3126; x_wconf 88' lang='lat' dir='ltr'>et</span> <span class='ocrx_word' id='word_1_187' title='bbox 1210 3053 1251 3123; x_wconf 90' lang='lat' dir='ltr'>ir-</span> 
     </span>
     <span class='ocr_line' id='line_1_25' title="bbox 131 3164 539 3265; baseline 0.007 -28"><span class='ocrx_word' id='word_1_188' title='bbox 131 3164 198 3239; x_wconf 90' lang='lat' dir='ltr'>rita</span> <span class='ocrx_word' id='word_1_189' title='bbox 223 3164 393 3241; x_wconf 90' lang='lat' dir='ltr'>declarent</span> <span class='ocrx_word' id='word_1_190' title='bbox 413 3171 501 3265; x_wconf 81' lang='lat'><em>(28).</em></span> <span class='ocrx_word' id='word_1_191' title='bbox 522 3201 539 3240; x_wconf 88' lang='lat'>»</span> 
     </span>
    </p>

    <p class='ocr_par' dir='ltr' id='par_1_4' title="bbox 130 3280 1250 3499">
     <span class='ocr_line' id='line_1_26' title="bbox 219 3280 1250 3384; baseline 0.003 -32"><span class='ocrx_word' id='word_1_192' title='bbox 219 3280 282 3355; x_wconf 85' lang='lat' dir='ltr'>Hic</span> <span class='ocrx_word' id='word_1_193' title='bbox 306 3300 475 3382; x_wconf 87' lang='lat' dir='ltr'>praeterea</span> <span class='ocrx_word' id='word_1_194' title='bbox 497 3285 643 3383; x_wconf 79' lang='lat' dir='ltr'>pontifex</span> <span class='ocrx_word' id='word_1_195' title='bbox 670 3287 703 3357; x_wconf 90' lang='lat' dir='ltr'>in</span> <span class='ocrx_word' id='word_1_196' title='bbox 730 3314 786 3384; x_wconf 91' lang='lat' dir='ltr'>op.</span> <span class='ocrx_word' id='word_1_197' title='bbox 816 3288 864 3361; x_wconf 89' lang='lat' dir='ltr'>De</span> <span class='ocrx_word' id='word_1_198' title='bbox 891 3285 1021 3384; x_wconf 81' lang='lat' dir='ltr'>synodo</span> <span class='ocrx_word' id='word_1_199' title='bbox 1050 3285 1250 3358; x_wconf 90' lang='lat' dir='ltr'>dioecesana</span> 
     </span>
     <span class='ocr_line' id='line_1_27' title="bbox 130 3394 1250 3499; baseline 0.003 -32"><span class='ocrx_word' id='word_1_200' title='bbox 130 3394 192 3468; x_wconf 90' lang='lat' dir='ltr'>lib.</span> <span class='ocrx_word' id='word_1_201' title='bbox 213 3396 304 3470; x_wconf 85' lang='lat' dir='ltr'>lllll.</span> <span class='ocrx_word' id='word_1_202' title='bbox 335 3424 410 3499; x_wconf 90' lang='lat' dir='ltr'>cap.</span> <span class='ocrx_word' id='word_1_203' title='bbox 439 3400 542 3471; x_wconf 80' lang='lat' dir='ltr'>xxti.</span> <span class='ocrx_word' id='word_1_204' title='bbox 565 3400 665 3473; x_wconf 88' lang='lat' dir='ltr'>relert</span> <span class='ocrx_word' id='word_1_205' title='bbox 692 3428 712 3474; x_wconf 91' lang='lat' dir='ltr'>a</span> <span class='ocrx_word' id='word_1_206' title='bbox 736 3428 805 3475; x_wconf 89' lang='lat' dir='ltr'>sac.</span> <span class='ocrx_word' id='word_1_207' title='bbox 841 3427 995 3498; x_wconf 80' lang='lat' dir='ltr'>congreg.</span> <span class='ocrx_word' id='word_1_208' title='bbox 1039 3400 1171 3477; x_wconf 90' lang='lat' dir='ltr'>concilii</span> <span class='ocrx_word' id='word_1_209' title='bbox 1198 3399 1250 3470; x_wconf 92' lang='lat' dir='ltr'>di-</span> 
     </span>
    </p>
   </div>
   <div class='ocr_carea' id='block_1_3' title="bbox 125 3637 1250 4347">
    <p class='ocr_par' dir='ltr' id='par_1_5' title="bbox 207 3637 859 3699">
     <span class='ocr_line' id='line_1_28' title="bbox 207 3637 859 3699; baseline 0.006 -11"><span class='ocrx_word' id='word_1_210' title='bbox 207 3637 260 3699; x_wconf 79' lang='lat'><strong>(25)</strong></span> <span class='ocrx_word' id='word_1_211' title='bbox 276 3640 342 3689; x_wconf 77' lang='lat' dir='ltr'>Acta</span> <span class='ocrx_word' id='word_1_212' title='bbox 361 3638 453 3690; x_wconf 83' lang='lat' dir='ltr'>concil.</span> <span class='ocrx_word' id='word_1_213' title='bbox 472 3640 591 3691; x_wconf 84' lang='lat' dir='ltr'>tiarduini</span> <span class='ocrx_word' id='word_1_214' title='bbox 611 3643 672 3692; x_wconf 88' lang='lat' dir='ltr'>tom.</span> <span class='ocrx_word' id='word_1_215' title='bbox 687 3644 728 3691; x_wconf 84' lang='lat' dir='ltr'>ix.</span> <span class='ocrx_word' id='word_1_216' title='bbox 743 3643 791 3692; x_wconf 91' lang='lat' dir='ltr'>coi.</span> <span class='ocrx_word' id='word_1_217' title='bbox 806 3647 859 3694; x_wconf 79' lang='lat' dir='ltr'>ito.</span> 
     </span>
    </p>

    <p class='ocr_par' dir='ltr' id='par_1_6' title="bbox 127 3718 1249 4021">
     <span class='ocr_line' id='line_1_29' title="bbox 208 3718 1248 3780; baseline 0.003 -13"><span class='ocrx_word' id='word_1_218' title='bbox 208 3718 258 3780; x_wconf 79' lang='lat'><strong>(26)</strong></span> <span class='ocrx_word' id='word_1_219' title='bbox 276 3721 303 3768; x_wconf 89' lang='lat' dir='ltr'>tn</span> <span class='ocrx_word' id='word_1_220' title='bbox 318 3721 403 3769; x_wconf 84' lang='lat' dir='ltr'>const.</span> <span class='ocrx_word' id='word_1_221' title='bbox 423 3721 520 3770; x_wconf 76' lang='lat' dir='ltr'>xxxv.</span> <span class='ocrx_word' id='word_1_222' title='bbox 544 3721 664 3771; x_wconf 84' lang='lat' dir='ltr'>clement.</span> <span class='ocrx_word' id='word_1_223' title='bbox 687 3723 754 3771; x_wconf 81' lang='lat' dir='ltr'>Viti.</span> <span class='ocrx_word' id='word_1_224' title='bbox 772 3722 798 3771; x_wconf 90' lang='lat' dir='ltr'>in</span> <span class='ocrx_word' id='word_1_225' title='bbox 823 3722 930 3772; x_wconf 82' lang='lat' dir='ltr'>Butiario</span> <span class='ocrx_word' id='word_1_226' title='bbox 949 3724 1030 3774; x_wconf 76' lang='lat' dir='ltr'>baert</span> <span class='ocrx_word' id='word_1_227' title='bbox 1047 3721 1181 3772; x_wconf 82' lang='lat' dir='ltr'>cherubini</span> <span class='ocrx_word' id='word_1_228' title='bbox 1202 3722 1248 3771; x_wconf 83' lang='lat' dir='ltr'>iio-</span> 
     </span>
     <span class='ocr_line' id='line_1_30' title="bbox 127 3801 1247 3865; baseline 0.001 -17"><span class='ocrx_word' id='word_1_229' title='bbox 127 3811 185 3848; x_wconf 74' lang='lat' dir='ltr'>tuse</span> <span class='ocrx_word' id='word_1_230' title='bbox 210 3802 278 3861; x_wconf 74' lang='lat' dir='ltr'>tert,</span> <span class='ocrx_word' id='word_1_231' title='bbox 291 3811 315 3862; x_wconf 88' lang='lat' dir='ltr'>p.</span> <span class='ocrx_word' id='word_1_232' title='bbox 329 3802 368 3850; x_wconf 79' lang='lat' dir='ltr'>ts.</span> <span class='ocrx_word' id='word_1_233' title='bbox 381 3801 462 3850; x_wconf 77' lang='lat' dir='ltr'>Verba</span> <span class='ocrx_word' id='word_1_234' title='bbox 482 3801 604 3864; x_wconf 83' lang='lat' dir='ltr'>pontilicis</span> <span class='ocrx_word' id='word_1_235' title='bbox 617 3801 639 3865; x_wconf 85' lang='lat'>§.</span> <span class='ocrx_word' id='word_1_236' title='bbox 656 3809 679 3851; x_wconf 83' lang='lat'>5.</span> <span class='ocrx_word' id='word_1_237' title='bbox 694 3802 821 3865; x_wconf 86' lang='lat' dir='ltr'>adoptavit</span> <span class='ocrx_word' id='word_1_238' title='bbox 838 3815 868 3852; x_wconf 88' lang='lat' dir='ltr'>ac</span> <span class='ocrx_word' id='word_1_239' title='bbox 881 3816 926 3852; x_wconf 87' lang='lat' dir='ltr'>sua</span> <span class='ocrx_word' id='word_1_240' title='bbox 946 3803 1004 3853; x_wconf 83' lang='lat' dir='ltr'>iecit</span> <span class='ocrx_word' id='word_1_241' title='bbox 1024 3801 1169 3852; x_wconf 83' lang='lat' dir='ltr'>Benedictus</span> <span class='ocrx_word' id='word_1_242' title='bbox 1183 3803 1247 3850; x_wconf 79' lang='lat' dir='ltr'>itiv.</span> 
     </span>
     <span class='ocr_line' id='line_1_31' title="bbox 128 3878 1249 3945; baseline 0.001 -17"><span class='ocrx_word' id='word_1_243' title='bbox 128 3878 156 3928; x_wconf 87' lang='lat' dir='ltr'>in</span> <span class='ocrx_word' id='word_1_244' title='bbox 171 3879 278 3930; x_wconf 78' lang='lat' dir='ltr'>constit.</span> <span class='ocrx_word' id='word_1_245' title='bbox 296 3891 353 3929; x_wconf 79' lang='lat' dir='ltr'>mcx</span> <span class='ocrx_word' id='word_1_246' title='bbox 368 3879 513 3943; x_wconf 77' lang='lat' dir='ltr'>alleganda:</span> <span class='ocrx_word' id='word_1_247' title='bbox 532 3894 645 3944; x_wconf 72' lang='lat' dir='ltr'>quaerre</span> <span class='ocrx_word' id='word_1_248' title='bbox 661 3895 705 3931; x_wconf 85' lang='lat' dir='ltr'>nos</span> <span class='ocrx_word' id='word_1_249' title='bbox 721 3881 746 3932; x_wconf 91' lang='lat' dir='ltr'>in</span> <span class='ocrx_word' id='word_1_250' title='bbox 768 3884 836 3931; x_wconf 83' lang='lat' dir='ltr'>textu</span> <span class='ocrx_word' id='word_1_251' title='bbox 854 3882 1002 3945; x_wconf 83' lang='lat' dir='ltr'>retulimus,</span> <span class='ocrx_word' id='word_1_252' title='bbox 1023 3882 1084 3944; x_wconf 83' lang='lat' dir='ltr'>enin</span> <span class='ocrx_word' id='word_1_253' title='bbox 1100 3894 1198 3932; x_wconf 75' lang='lat' dir='ltr'>neceam</span> <span class='ocrx_word' id='word_1_254' title='bbox 1216 3880 1249 3930; x_wconf 88' lang='lat' dir='ltr'>sit</span> 
     </span>
     <span class='ocr_line' id='line_1_32' title="bbox 129 3959 293 4021; baseline -0.012 -13"><span class='ocrx_word' id='word_1_255' title='bbox 129 3970 159 4008; x_wconf 78' lang='lat' dir='ltr'>es</span> <span class='ocrx_word' id='word_1_256' title='bbox 175 3959 293 4021; x_wconf 81' lang='lat' dir='ltr'>repetere.</span> 
     </span>
    </p>

    <p class='ocr_par' dir='ltr' id='par_1_7' title="bbox 125 4038 1250 4347">
     <span class='ocr_line' id='line_1_33' title="bbox 204 4038 1248 4104; baseline 0.001 -16"><span class='ocrx_word' id='word_1_257' title='bbox 204 4038 256 4099; x_wconf 76' lang='lat'>(²7)</span> <span class='ocrx_word' id='word_1_258' title='bbox 270 4039 340 4088; x_wconf 77' lang='lat' dir='ltr'>iisne</span> <span class='ocrx_word' id='word_1_259' title='bbox 361 4039 439 4103; x_wconf 83' lang='lat' dir='ltr'>ipsam</span> <span class='ocrx_word' id='word_1_260' title='bbox 462 4039 518 4092; x_wconf 89' lang='lat' dir='ltr'>tidei</span> <span class='ocrx_word' id='word_1_261' title='bbox 541 4040 671 4091; x_wconf 84' lang='lat' dir='ltr'>termulam</span> <span class='ocrx_word' id='word_1_262' title='bbox 692 4041 851 4092; x_wconf 81' lang='lat' dir='ltr'>emittendam</span> <span class='ocrx_word' id='word_1_263' title='bbox 877 4041 1036 4093; x_wconf 77' lang='lat' dir='ltr'>orientalibus</span> <span class='ocrx_word' id='word_1_264' title='bbox 1062 4039 1094 4090; x_wconf 85' lang='lat' dir='ltr'>ab</span> <span class='ocrx_word' id='word_1_265' title='bbox 1113 4040 1248 4104; x_wconf 84' lang='lat' dir='ltr'>apostolice</span> 
     </span>
     <span class='ocr_line' id='line_1_34' title="bbox 126 4117 1250 4185; baseline 0 -15"><span class='ocrx_word' id='word_1_266' title='bbox 126 4117 187 4170; x_wconf 82' lang='lat' dir='ltr'>sede</span> <span class='ocrx_word' id='word_1_267' title='bbox 208 4118 383 4183; x_wconf 72' lang='lat' dir='ltr'>praescriptam</span> <span class='ocrx_word' id='word_1_268' title='bbox 404 4121 490 4171; x_wconf 82' lang='lat' dir='ltr'>recitat</span> <span class='ocrx_word' id='word_1_269' title='bbox 506 4122 580 4185; x_wconf 79' lang='lat' dir='ltr'>atque</span> <span class='ocrx_word' id='word_1_270' title='bbox 600 4122 679 4172; x_wconf 87' lang='lat' dir='ltr'>electo</span> <span class='ocrx_word' id='word_1_271' title='bbox 688 4122 841 4185; x_wconf 84' lang='lat' dir='ltr'>patriarchae</span> <span class='ocrx_word' id='word_1_272' title='bbox 852 4120 968 4172; x_wconf 87' lang='lat' dir='ltr'>ecciesiae</span> <span class='ocrx_word' id='word_1_273' title='bbox 986 4119 1145 4170; x_wconf 84' lang='lat' dir='ltr'>antiochenae</span> <span class='ocrx_word' id='word_1_274' title='bbox 1154 4118 1250 4170; x_wconf 84' lang='lat' dir='ltr'>simoni</span> 
     </span>
     <span class='ocr_line' id='line_1_35' title="bbox 125 4197 1244 4264; baseline -0.001 -14"><span class='ocrx_word' id='word_1_275' title='bbox 125 4197 225 4250; x_wconf 70' lang='lat' dir='ltr'>Evodio</span> <span class='ocrx_word' id='word_1_276' title='bbox 241 4199 357 4263; x_wconf 83' lang='lat' dir='ltr'>proponit</span> <span class='ocrx_word' id='word_1_277' title='bbox 370 4200 489 4251; x_wconf 85' lang='lat' dir='ltr'>edendam</span> <span class='ocrx_word' id='word_1_278' title='bbox 507 4201 653 4253; x_wconf 84' lang='lat' dir='ltr'>Benedictus</span> <span class='ocrx_word' id='word_1_279' title='bbox 664 4204 728 4254; x_wconf 85' lang='lat' dir='ltr'>xtv.</span> <span class='ocrx_word' id='word_1_280' title='bbox 740 4203 766 4252; x_wconf 92' lang='lat' dir='ltr'>in</span> <span class='ocrx_word' id='word_1_281' title='bbox 777 4202 882 4252; x_wconf 83' lang='lat' dir='ltr'>constit.</span> <span class='ocrx_word' id='word_1_282' title='bbox 893 4203 1023 4252; x_wconf 76' lang='lat' dir='ltr'>Lxxvlti.</span> <span class='ocrx_word' id='word_1_283' title='bbox 1037 4199 1176 4264; x_wconf 78' lang='lat' dir='ltr'>depereo</span> <span class='ocrx_word' id='word_1_284' title='bbox 1189 4212 1244 4251; x_wconf 80' lang='lat' dir='ltr'>nos.</span> 
     </span>
     <span class='ocr_line' id='line_1_36' title="bbox 126 4277 865 4347; baseline 0.004 -18"><span class='ocrx_word' id='word_1_285' title='bbox 126 4280 154 4329; x_wconf 85' lang='lat' dir='ltr'>in</span> <span class='ocrx_word' id='word_1_286' title='bbox 173 4277 286 4330; x_wconf 70' lang='lat' dir='ltr'>munden</span> <span class='ocrx_word' id='word_1_287' title='bbox 306 4280 430 4343; x_wconf 83' lang='lat' dir='ltr'>pontilicis</span> <span class='ocrx_word' id='word_1_288' title='bbox 451 4280 559 4333; x_wconf 85' lang='lat' dir='ltr'>Baliario</span> <span class='ocrx_word' id='word_1_289' title='bbox 579 4283 673 4333; x_wconf 83' lang='lat' dir='ltr'>iuml.</span> <span class='ocrx_word' id='word_1_290' title='bbox 690 4296 715 4347; x_wconf 91' lang='lat' dir='ltr'>p.</span> <span class='ocrx_word' id='word_1_291' title='bbox 731 4290 777 4334; x_wconf 76' lang='lat'>258</span> <span class='ocrx_word' id='word_1_292' title='bbox 795 4295 865 4346; x_wconf 86' lang='lat' dir='ltr'>seqq.</span> 
     </span>
    </p>
   </div>
   <div class='ocr_carea' id='block_1_4' title="bbox 205 4357 1122 4484">
    <p class='ocr_par' dir='ltr' id='par_1_8' title="bbox 205 4357 1122 4484">
     <span class='ocr_line' id='line_1_37' title="bbox 205 4357 975 4426; baseline 0.003 -17"><span class='ocrx_word' id='word_1_293' title='bbox 205 4357 257 4421; x_wconf 77' lang='lat'><em>(28)</em></span> <span class='ocrx_word' id='word_1_294' title='bbox 273 4361 361 4411; x_wconf 77' lang='lat' dir='ltr'>const.</span> <span class='ocrx_word' id='word_1_295' title='bbox 378 4361 452 4411; x_wconf 69' lang='lat' dir='ltr'>ivn.</span> <span class='ocrx_word' id='word_1_296' title='bbox 467 4362 493 4411; x_wconf 89' lang='lat' dir='ltr'>in</span> <span class='ocrx_word' id='word_1_297' title='bbox 511 4361 621 4413; x_wconf 84' lang='lat' dir='ltr'>eiusdem</span> <span class='ocrx_word' id='word_1_298' title='bbox 639 4360 803 4414; x_wconf 79' lang='lat' dir='ltr'>Bellantem.</span> <span class='ocrx_word' id='word_1_299' title='bbox 818 4364 838 4412; x_wconf 87' lang='lat' dir='ltr'>i.</span> <span class='ocrx_word' id='word_1_300' title='bbox 852 4375 906 4426; x_wconf 77' lang='lat' dir='ltr'>pag.</span> <span class='ocrx_word' id='word_1_301' title='bbox 924 4367 975 4414; x_wconf 80' lang='grc'><strong>179.</strong></span> 
     </span>
     <span class='ocr_line' id='line_1_38' title="bbox 1102 4443 1122 4484; baseline 0 0"><span class='ocrx_word' id='word_1_302' title='bbox 1102 4443 1122 4484; x_wconf 72' lang='lat' dir='ltr'>v</span> 
     </span>
    </p>
   </div>
   <div class='ocr_carea' id='block_1_5' title="bbox 0 0 1402 5064">
    <p class='ocr_par' dir='ltr' id='par_1_9' title="bbox 0 0 1402 5064">
     <span class='ocr_line' id='line_1_39' title="bbox 0 0 1402 5064; baseline 0 2"><span class='ocrx_word' id='word_1_303' title='bbox 0 0 1402 5064; x_wconf 95' lang='lat' dir='ltr'> </span> 
     </span>
    </p>
   </div>
  </div>
 </body>
</html>
