2796 5064
142 345 210 419 328
261 367 325 421 ιιι.
343 365 392 418 ιιι.
412 363 500 417 suar.
521 363 651 415 mrum.
672 362 713 413 nr
729 360 842 414 mnus.
863 359 961 414 ιιιι.
977 355 1122 412 onum.-

139 485 358 565 eoolosiarum
382 483 580 581 magistrum
608 481 736 558 dixisse
758 506 938 580 nusquam,
960 480 1121 554 maritum
1146 477 1252 567 illurn,

140 602 213 701 qui,
246 600 390 673 dimissa
415 613 553 697 propter
581 596 834 672 lornioationem
858 621 980 683 uxore,
1008 594 1117 668 uliam
1145 593 1253 683 duoit,

139 712 329 788 adulterum
354 737 450 800 essa,
479 737 555 785 eum
583 713 680 785 toties
708 709 851 797 dixerit,
877 735 1036 798 uxorem,
1070 735 1181 810 quas,
1211 708 1257 783 di·

139 828 246 903 misso
263 825 307 902 ob
324 825 579 900 fornicationem
603 825 746 912 marito,
766 822 862 899 alteri
880 824 1051 923 nupserit,
1074 821 1257 897 adulteram

139 960 217 1017 esse
243 943 391 1037 (165).»
414 939 503 1037 Ergo
527 938 557 1013 si
587 938 689 1011 fidem
719 937 900 1036 iungamus
927 937 1080 1011 Launoio
1102 963 1259 1035 nosquam

139 1083 170 1131 s.
183 1054 410 1155 Hieronymus
423 1051 508 1125 dixit
519 1053 675 1125 moritum
688 1052 797 1137 illum,
813 1053 882 1152 qui,
900 1051 1038 1124 dimisso
1052 1066 1193 1150 propter
1201 1052 1258 1150 [oe

139 1170 334 1243 oiootiooeos
353 1192 467 1252 suoru,
487 1167 591 1240 oliam
607 1164 717 1251 ducit,
738 1164 923 1240 adulterum
938 1192 1026 1252 esss,·
1046 1165 1078 1240 si
1096 1164 1158 1239 illa
1175 1179 1257 1239 esset

140 1284 348 1383 Hieronymo
362 1307 471 1366 mens,
483 1305 645 1381 <prorsum
664 1278 806 1355 dixisset
823 1280 858 1353 in
876 1279 1046 1379 descripto
1062 1307 1107 1355 ex
1119 1278 1257 1380 epistole

139 1396 184 1474 ad
201 1396 399 1475 lltnandum¹
417 1395 609 1470 testimonio
621 1423 630 1467 :
643 1393 905 1469 «Animadverte
925 1394 1009 1495 quid
1031 1393 1128 1468 dieat
1147 1394 1256 1492 (Chri

142 1515 261 1608 stus),
282 1513 343 1611 qui
366 1510 538 1584 dimissam
560 1512 733 1610 acceperit,
752 1510 882 1584 adulter
902 1525 971 1598 est‚·
989 1512 1059 1584 sios
1076 1512 1156 1610 ipsa
1171 1510 1256 1583 dimi

140 1629 230 1703 serit
244 1629 375 1712 oimm,
403 1628 473 1699 sios
497 1651 520 1699 a
541 1628 614 1698 oiro
638 1624 778 1700 dims'sso
800 1628 863 1712 sit,
892 1626 1024 1700 adultis·
1046 1629 1175 1726 estqui
1195 1652 1256 1700 eso

140 1741 324 1842 uouepesit?
337 1739 470 1827 Quibus
490 1739 604 1814 uerbis
629 1740 784 1814 eamdem
810 1740 979 1839 signifieat
1002 1766 1082 1816 esse
1104 1756 1177 1815 turn
1198 1740 1255 1814 riri

142 1873 213 1931 tum
238 1855 353 1930 uxoris
373 1854 572 1929 dimittentis
598 1854 847 1944 conditionem,
873 1855 921 1929 ita
937 1872 975 1929 ιιι
990 1869 1137 1957 uterque
1165 1853 1256 1930 adul·

140 1988 191 2047 tar
212 1970 335 2046 evadat
365 1971 431 2046 hoo
455 1971 492 2043 in
520 1996 619 2059 casu,
649 1970 722 2046 sive
750 1972 803 2046 vir
831 1971 904 2046 site
933 1969 1068 2044 mulier.
1091 1972 1135 2044 ln
1161 1972 1252 2072 epist.

139 2112 219 2175 soro
243 2085 287 2159 ad
313 2085 487 2160 Oooanum
500 2085 702 2186 «Quidquid
732 2086 816 2161 viris
845 2084 997 2175 iubetur,
1029 2087 1171 2187 inquit,
1199 2086 1256 2161 hoo

140 2215 385 2299 consequenter
410 2199 577 2274 redundat
597 2201 633 2274 in
659 2201 835 2276 foeminas.
856 2202 972 2302 Neque
996 2201 1090 2274 enim
1109 2201 1255 2277 adultero

141 2340 226 2389 uxor
242 2313 442 2388 dimittenda
458 2329 529 2404 est,
549 2329 583 2389 st
599 2315 651 2391 vir
666 2315 827 2391 moechus
845 2316 1050 2390 tenendus.»
1062 2317 1116 2390 Ex
1136 2317 1256 2418 quibus

140 2444 235 2528 patet
257 2456 289 2501 s.
310 2428 552 2530 Hieronymum
572 2457 638 2504 non
657 2431 757 2504 modo
774 2429 1070 2530 aequivalentibus
1088 2431 1203 2506 uerbis
1218 2431 1256 2504 de

141 2543 230 2625 siris,
250 2543 420 2617 affirmare
445 2545 536 2643 quod
561 2545 604 2617 de
628 2544 786 2618 foeminis
812 2544 975 2631 adstruit,
1003 2544 1065 2618 sed
1091 2563 1255 2646 praeterea

100 2656 103 2662 ’
141 2682 185 2730 ex
206 2657 356 2731 virorum
373 2657 486 2757 potius
504 2657 695 2732 oonditiono
713 2684 855 2754 arguere
872 2657 1101 2731 conditionem
1119 2685 1253 2734 uxorum

140 2798 229 2872 quae
254 2772 298 2845 ob
324 2771 525 2846 adulterium
551 2773 714 2849 dimissae
739 2790 839 2860 sunt,
860 2773 1013 2873 adeoque
1030 2774 1143 2872 legem
1160 2800 1254 2849 evan·

140 2887 284 2984 gelisam
303 2887 495 2976 immediate
512 2888 602 2961 viros
621 2887 774 2974 allicere,
795 2902 923 2961 etcum
941 2914 1001 2986 par
1019 2888 1064 2962 sit
1081 2889 1254 2988 utriusque

140 3002 294 3099 coniugis
314 3002 378 3076 hac
396 3004 430 3075 in
450 3003 673 3089 reconditio,
695 3002 830 3076 allicere
853 3003 954 3075 etiam
980 3004 1171 3077 mulierem.
1195 3005 1252 3076 Τι-

140 3114 184 3188 lis
209 3131 261 3188 ost
286 3117 437 3213 magistri
456 3116 664 3191 ecclesiarun
684 3115 853 3203 doctrina,
874 3141 941 3189 non
959 3132 1073 3189 autem
1091 3142 1254 3191 commen·

141 3244 226 3317 tum,
247 3232 338 3329 quod
352 3233 521 3305 launoius
541 3232 742 3329 excogitavit
758 3232 802 3306 ad
824 3231 898 3305 eius
918 3231 1124 3305 eludendam
1145 3247 1252 3307 auoto-

140 3344 288 3418 ritatem.

212 3459 304 3532 ldem
330 3478 383 3534 est
409 3462 583 3537 serendum
616 3463 779 3537 iudicium
812 3463 951 3537 alterius
982 3463 1103 3560 effugii
1129 3462 1174 3536 ab
1196 3461 1252 3535 ali·

139 3572 265 3672 quibus
292 3575 326 3646 in
353 3564 507 3649 eumdem
533 3577 634 3649 finem
651 3578 818 3678 quaesiti,
839 3578 920 3650 dum
937 3577 1032 3651 aiunt
1049 3604 1080 3650 s.
1099 3578 1253 3677 Hierony·

138 3713 230 3760 mum
255 3689 451 3764 distinxisse
476 3692 565 3765 inter
589 3692 790 3765 adulterium
809 3692 983 3791 probatum
1002 3709 1037 3765 et
1055 3692 1249 3766 adulterium

138 3819 415 3903 praesumptum
445 3823 546 3906 atque
564 3807 596 3878 in
617 3806 773 3885 adulterii
792 3806 929 3905 quidem
948 3809 1177 3907 praesumpti,
1196 3805 1249 3880 sod

137 3944 204 3992 nou
223 3918 353 4017 probati
377 3945 459 3992 casu
487 3919 674 4017 denegasse
699 3920 890 3993 facultatem
909 3947 1015 3994 novas
1037 3921 1179 3995 ineundi
1197 3946 1249 3992 nu·

137 4035 245 4133 ptius,
267 4059 437 4108 eamvero
454 4035 667 4108 concessisse
684 4034 849 4109 adulterio
867 4034 1028 4135 probato,
1050 4035 1135 4110 viris
1160 4060 1247 4134 pruo-

131 4148 264 4223 sertim.
284 4149 355 4223 lloo
372 4174 452 4223 vero
477 4151 684 4249 paradoxum
703 4152 857 4226 evincere
874 4151 1072 4227 adnituntur
1090 4151 1160 4226 illis
1180 4174 1244 4225 ser·

210 4298 275 4361 (ros)
291 4302 338 4364 op.
348 4299 387 4350 eo.
399 4300 441 4352 ιιι.
454 4313 508 4364 pag.
522 4307 575 4351 esa.
587 4301 612 4351 ιι
624 4307 677 4352 ιιι.
