2796 5064
225 382 297 434 mr.
310 380 362 434 ιιι.
377 380 418 431 ιι
436 379 533 432 suasu
546 380 642 432 mm.
658 379 722 431 cra.
734 379 848 432 ιιιιιιι.
867 379 963 432 uara.
984 380 1054 431 ιιι.
1071 380 1095 431 ι.
1163 356 1231 429 eut

121 498 181 575 elio
194 499 290 574 loco:
304 496 580 598 dluiierolliqoto
604 511 652 571 est
667 513 732 572 etc.
752 497 880 572 Omnes
897 497 1000 595 igitur
1017 498 1232 573 causationes

121 613 300 718 Apostolus
325 629 525 713 amputans,
553 613 766 713 apertissime
790 613 964 702 definivit,
997 613 1130 687 vivente
1161 613 1235 689 viro

121 730 305 805 adulteram
329 755 405 803 esse
436 728 630 818 mulierem,
660 730 691 804 si
722 729 818 803 alteri
849 730 1015 829 nupserit.
1037 729 1120 803 Nolo
1149 727 1234 801 mihi

121 844 268 946 proferas
293 843 437 945 raptoris
461 843 675 932 uiolentiam,
695 844 813 919 matris
832 844 1108 945 persuasionem,
1130 844 1236 945 patris

121 960 369 1046 auctoritatam,
397 958 664 1060 propinquorum
688 976 876 1046 catervam,
897 985 1069 1033 servorum
1091 959 1237 1033 insidias

121 1089 219 1174 atque
245 1088 494 1172 contemptum,
522 1073 647 1147 damna
671 1074 720 1146 rei
747 1067 935 1146 familiaris.
957 1073 1127 1159 Quamdiu
1153 1072 1238 1147 vivit

121 1189 185 1276 tir,
215 1187 296 1261 licet
319 1187 452 1261 adulter
475 1187 539 1274 sit,
566 1187 646 1263 licet
663 1189 847 1276 sodomita,
868 1187 947 1262 licet
968 1188 1107 1285 flagitiis
1124 1188 1238 1261 omni-

121 1301 181 1376 bus
206 1303 408 1402 ooopertus,
436 1317 470 1375 et
493 1300 537 1376 ab
560 1328 664 1377 uxore
697 1318 833 1402 propter
862 1302 948 1374 haec
981 1299 1110 1376 scelera
1140 1300 1237 1373 dere-

121 1416 241 1504 lictus,
262 1415 404 1488 maritus
422 1413 498 1490 eius
515 1432 706 1515 reputatur,
726 1416 780 1488 cui
798 1411 939 1489 alterum
955 1415 1065 1488 virum
1083 1414 1238 1513 accipere

121 1557 186 1606 uon
212 1530 304 1605 licet.
333 1530 400 1603 Nec
425 1530 606 1630 Apostolus
631 1531 716 1604 haec
741 1531 878 1630 propria
902 1529 1101 1603 auctoritate
1123 1527 1239 1601 decer·

121 1647 192 1735 nit,
221 1645 284 1720 sed
308 1643 443 1718 Christo
467 1644 503 1717 in
521 1650 568 1719 ae
591 1644 769 1745 loquente,
798 1643 924 1718 Christi
946 1641 1053 1718 ⁴verba
1074 1657 1239 1742 sequutus

121 1769 192 1849 ast,
221 1761 283 1861 qui
315 1759 364 1833 ait
388 1759 423 1832 in
448 1759 630 1857 Evangelio
652 1789 659 1832 :
694 1760 762 1846 Qui
784 1758 922 1832 dimittit
948 1750 1085 1833 oaorem
1113 1784 1236 1842 suom,

121 1890 259 1974 accepto
275 1898 377 1948 causo
392 1874 639 1974 fondationis,
660 1875 743 1975 facit
764 1900 836 1946 eom
858 1875 1042 1959 moechori5
1062 1888 1093 1946 ct
1114 1876 1173 1972 qui
1188 1873 1240 1947 di-

121 1993 261 2066 mitsom
276 1990 450 2090 occeperit,
471 1990 601 2064 adulter
616 2006 686 2064 cst:
702 1990 937 2064 Animaduerte
953 1989 1036 2091 quid
1053 1989 1164 2064 dicat:
1184 1993 1244 2089 qui

121 2104 297 2183 διίιιίειαιιι
311 2107 488 2205 comede,
508 2106 639 2180 adulter
655 2122 721 2180 est.
742 2102 820 2182 Sive
836 2107 912 2208 ipsa
929 2104 1098 2180 dimiserit
1111 2106 1239 2194 uirum,

121 2221 195 2298 sive
212 2247 234 2295 a
251 2219 323 2296 uiro
340 2219 486 2295 dimissa
510 2221 574 2311 sit,
601 2221 733 2296 adulter
755 2237 807 2297 est
832 2223 891 2323 qui
909 2249 983 2296 eam
1009 2221 1238 2322 acceperit...

121 2334 218 2433 llrgo
230 2349 265 2408 et
280 2334 347 2408 ista
364 2360 479 2423 soror,
499 2363 604 2437 quae,
624 2352 662 2410 ut
678 2337 780 2422 dicit,
800 2338 867 2411 vim
885 2353 1073 2438 pascuost,
1094 2351 1131 2410 ut
1147 2335 1242 2411 alteri

124 2448 339 2546 iungeretur,
360 2473 390 2521 ιι
380 2448 480 2523 vult
496 2476 619 2551 corpus
638 2450 764 2525 Christi
782 2451 951 2551 accipere,
966 2467 1001 2525 et
1011 2477 1079 2525 non
1092 2450 1244 2526 adultera

125 2561 304 2664 reputari,
337 2579 416 2661 agat
439 2564 705 2664 poenitentiam:
739 2565 787 2639 ita
812 2566 1003 2655 dumtaxat,
1031 2581 1070 2638 ut
1095 2564 1244 2640 secundo

122 2678 216 2767 viro,
237 2677 298 2778 qui
316 2703 385 2753 nou
394 2680 640 2781 appellatur
608 2707 681 2771 ιιι,
701 2680 763 2756 sed
781 2679 932 2769 adulter,
952 2695 1140 2778 atempore
1164 2704 1245 2779 poc·

122 2791 291 2868 nitentiae
307 2818 374 2868 non
396 2794 571 2895 copuletur
590 2798 729 2892 (164).»

206 2906 300 2980 llaec
316 2908 401 2982 adeo
418 2908 605 2984 decretoria
623 2927 723 2998 sunt,
739 2928 776 2984 ut
789 2934 1074 3011 supervacaneum
1089 2932 1247 2982 censeam

129 3021 202 3096 alia
234 3022 388 3097 eiusdem
415 3051 444 3098 s.
470 3026 624 3101 Doctoris
655 3027 786 3100 adferre
811 3025 1022 3112 testimonia,
1054 3024 1089 3094 in
1119 3020 1247 3122 quibus

124 3134 284 3212 eamdem
302 3137 346 3211 de
367 3139 562 3215 omnimoda
588 3140 887 3215 indissolubilitate
910 3137 1113 3213 matrimonii
1135 3136 1247 3212 ortho

125 3251 254 3328 doxam
271 3251 457 3328 doctrinam
476 3255 633 3330 inculcat.

203 3364 338 3465 Operae
362 3369 476 3468 potius
502 3370 646 3469 pretium
672 3387 740 3458 est,
769 3369 930 3445 subdolas
955 3385 1057 3468 atque
1080 3380 1249 3442 contortas

126 3481 272 3555 launoii
297 3497 552 3583 ceterorumque
568 3486 643 3558 eius
661 3485 868 3560 asseclarum
893 3483 1071 3559 suasiones
1097 3481 1250 3583 praeclu-

125 3595 223 3671 dere.
245 3597 345 3670 luxta
360 3599 546 3673 launoium
559 3599 781 3700 «Hieronymi
807 3599 973 3674 sententia
990 3615 1059 3686 est,
1080 3615 1117 3672 ut
1140 3613 1247 3699 patet,

128 3712 195 3786 riri
220 3726 256 3786 et
279 3715 395 3788 uxoris
421 3714 647 3789 conditionem
672 3741 787 3816 parem
813 3742 880 3789 non
906 3741 1001 3803 esse,
1022 3715 1058 3787 in
1081 3739 1137 3800 eo,
1159 3712 1251 3813 quod

127 3827 252 3901 attinet
275 3827 502 3915 adulterium
521 3855 562 3903 ao
582 3830 656 3904 viro
679 3829 796 3917 liceat,
817 3830 961 3904 dimissa
983 3845 1118 3930 propter
1142 3827 1253 3903 solum

128 3942 338 4016 adulterium
354 3970 470 4032 uxore,
486 3945 588 4018 aliam
601 3943 737 4033 ducere;
750 3946 809 4020 sed
823 3971 918 4032 uxor,
929 3946 1000 4018 viro
1014 3959 1150 4044 propter
1161 3941 1254 4015 adul·

130 4058 255 4132 terium
273 4057 429 4147 dimisso,
444 4085 512 4134 non
531 4054 641 4160 potest
656 4060 772 4149 alteri,-
788 4050 951 4159 quamdiu
968 4058 1131 4132 dimissus
1148 4056 1249 4143 vivit,

130 4175 273 4250 nubere.
286 4172 396 4275 Atque
412 4176 503 4251 istud
520 4176 611 4275 quod
631 4175 863 4251 observatione
880 4201 1012 4251 summa
1025 4174 1168 4270 dignum
1185 4185 1250 4258 est,

203 4324 274 4387 (ιιι)
291 4323 354 4376 ibid.
371 4325 449 4390 Epist
460 4328 511 4377 LV.
523 4339 547 4377 o.
561 4328 617 4379 act
629 4330 652 4377 t.
664 4326 713 4378 eol.
728 4331 774 4378 295
787 4338 838 4390 seo.
