2796 5064
246 362 315 434 itt
391 376 828 434 mansionarium
845 374 1071 428 ιιιιιιι.ιιιιι.
1089 374 1217 429 muer.

245 503 313 577 tiae
329 499 403 600 lege
418 497 515 573 inriti
535 495 784 584 detinerentur,
804 520 874 595 qua
890 491 1083 583 infelicem,
1101 509 1145 568 ιιι
1161 493 1233 595 ipsi
1247 494 1347 581 aiunt,

244 641 286 691 ac
302 612 526 690 miserrimam
541 611 646 686 uitam
658 625 693 684 et
704 608 790 684 diris
807 607 1050 685 ιιιιιιίοιιὶιιιιι
1066 607 1252 685 obnoxiam
1265 636 1352 710 ugare

244 745 454 829 cogerentur.
483 725 765 827 Quandoquidem
796 740 909 800 autem
938 724 1006 801 duo
1032 725 1119 800 haec
1153 742 1250 802 arcto
1281 727 1353 801 inter

245 872 285 921 se
308 871 396 918 nexu
420 841 618 930 cohaerent,
647 857 685 915 ut
708 841 873 940 distingui
897 841 1010 941 potius
1035 867 1142 942 quam
1166 842 1276 915 dividi
1292 869 1354 942 pos

247 959 337 1046 sint,
364 982 486 1058 operae
509 957 652 1058 pretium
670 972 722 1031 est
737 983 806 1031 uno
823 957 1011 1057 eodemque
1027 972 1182 1058 tempore
1199 958 1354 1032 subatro

246 1099 315 1174 qne
340 1078 496 1173 respectu
520 1070 706 1146 catholicae
729 1070 903 1145 doctrinae
923 1070 1093 1146 vindicias
1110 1073 1306 1174 suscipere,
1322 1098 1355 1147 ne

247 1189 443 1288 imperfecta
468 1203 504 1260 et
525 1212 645 1261 manca
667 1185 919 1286 quodammodo
938 1185 1045 1261 videri
1071 1203 1195 1287 posset
1218 1188 1354 1262 defensio

245 1303 595 1405 quam'aggredimur.
616 1304 718 1378 Porro
743 1303 929 1378 adversarii
954 1303 989 1376 in
1014 1304 1102 1378 votis
1130 1303 1312 1393 haberent,
1326 1322 1355 1377 ιι

137 1417 139 1421 ’
247 1417 532 1520 quemadmodum
545 1417 723 1494 concilium
737 1419 835 1492 docet
847 1417 971 1492 multas
983 1417 1028 1494 ob
1039 1443 1168 1494 musas
1181 1420 1260 1493 fieri
1272 1444 1354 1521 posse

247 1533 496 1636 separationem
520 1531 634 1634 quoad
659 1548 769 1609 torum
793 1548 828 1607 et
851 1531 1160 1622 cohabitationem,
1180 1532 1231 1608 ita
1255 1548 1353 1608 eontra

246 1651 415 1726 dicoretur
441 1652 563 1726 multoe
587 1652 627 1725 ol>
651 1676 769 1726 coccae
794 1651 868 1725 fieri
892 1676 996 1752 possm
1016 1648 1150 1725 vinculi
1176 1650 1292 1750 ipsius
1312 1674 1354 1723 so

248 1765 422 1844 lotionem.
452 1767 518 1842 Sed
542 1767 578 1842 in
602 1795 671 1843 una
694 1767 909 1868 potissimum
933 1763 1049 1842 eausa
1064 1761 1257 1855 insistunt,
1284 1789 1354 1866 quae

246 1898 300 1958 est
325 1882 519 1971 fornicatio,
548 1883 622 1958 sive
647 1881 850 1958 adulterium
867 1884 957 1980 (at).

322 1998 455 2072 Iamdiu
484 1997 645 2073 Erasmus
680 1998 716 2070 in
746 1997 888 2101 prolixis
923 1998 996 2072 suis
1025 1997 1306 2072 annotationibus
1328 1996 1354 2067 in

251 2109 471 2186 1.c0r.v11.
493 2112 704 2213 impetiverat
729 2128 924 2214 perpetuam
949 2110 1159 2187 matrimonii
1186 2111 1355 2187 indissolu

250 2225 414 2302 bilitatem
439 2227 505 2302 hac
527 2228 743 2330 potissimum
770 2228 900 2303 ratione
924 2227 1065 2316 duetns;
1087 2253 1155 2302 neo
1174 2229 1305 2303 veritus
1318 2243 1357 2300 eet

249 2340 391 2416 Paulum
415 2342 527 2442 ipsum
545 2342 641 2415 nimii
660 2343 817 2418 incusare
838 2342 960 2443 rigoris
977 2341 1021 2418 ob
1037 2340 1234 2418 clausulam
1256 2343 1353 2416 illem:

248 2483 377 2531 mouere
393 2459 584 2557 innuptam,
605 2474 664 2531 cot
680 2460 751 2532 niro
774 2484 834 2532 ruo
858 2458 1076 2532 reconciliari.
1097 2456 1157 2533 Sie
1174 2456 1270 2532 enim
1288 2459 1356 2530 inter

248 2589 360 2647 cetera
377 2574 514 2647 scribit:
535 2573 663 2658 «Quod
683 2575 712 2648 si
732 2574 837 2648 Paulo
861 2573 1034 2674 proposita
1055 2572 1181 2647 luisset
1205 2571 1354 2648 eiusmodi

248 2714 373 2778 causa,
402 2689 525 2763 stultus
551 2715 627 2762 cum
652 2689 774 2777 stulta,
803 2715 887 2789 puer
916 2715 991 2762 enm
1028 2687 1143 2787 puella
1177 2689 1352 2770 contraxit,

249 2804 510 2879 intercesserunt
531 2803 647 2892 lenae,
678 2805 816 2892 vinum,
847 2804 1042 2892 temeritas,
1071 2820 1146 2878 arte
1172 2805 1209 2877 in
1236 2828 1354 2879 nasson

244 2918 376 2994 inducti
391 2934 488 3007 sunt,
504 2933 537 2991 et
551 2918 745 2993 huiusmodi
763 2919 1051 2993 matrimoniorum
1070 2917 1197 3024 plenus
1211 2937 1267 2995 est
1278 2945 1356 2993 mun·

320 3207 371 3271 (ιι)
387 3207 494 3272 Fingunt
505 3207 605 3272 quidem
620 3222 647 3260 se
662 3207 695 3259 ob
711 3208 775 3258 trane
790 3209 889 3259 unicam
904 3206 1020 3258 mniterii
1035 3218 1137 3258 cauam
1153 3208 1304 3260 contendas
1317 3202 1357 3256 iel

249 3297 320 3348 posse
331 3286 422 3337 vinculi
435 3287 570 3351 coniugalis
582 3287 743 3351 solutionem
760 3290 800 3340 ast
814 3288 895 3352 reipsa
910 3287 938 3338 in
953 3286 1072 3338 latissime
1086 3286 1272 3350 sigulfioetione
1290 3288 1357 3354 potiti

248 3364 323 3415 huius
343 3365 429 3429 flagitii
449 3380 538 3419 nomen
557 3368 691 3432 accipiunt.
708 3370 771 3419 item
787 3368 847 3419 satis
862 3368 899 3419 est
915 3380 1056 3432 percurrere
1072 3369 1311 3434 quaestionesque
1323 3369 1358 3417 iat

249 3458 324 3510 super
339 3460 367 3498 re
380 3447 487 3498 institnit
500 3450 536 3498 io:
548 3447 689 3500 Gerirardus
698 3462 728 3500 ex
739 3461 840 3500 euomm
854 3448 1042 3514 protestantium
1053 3449 1187 3500 animun
1193 3452 1287 3502 Maur.
1295 3444 1356 3501 titul

249 3526 416 3578 tomxved.
429 3527 535 3592 Tubing.
550 3534 617 3580 1776.
631 3531 690 3582 Lon.
700 3532 788 3580 XXVI.
797 3543 851 3594 cap.
862 3535 893 3580 x„
904 3530 1068 3581 scotinus.
1081 3536 1105 3581 ι.
1116 3530 1213 3581 memb.
1228 3534 1249 3582 i.
1260 3531 1358 3583 thenit.

247 3611 274 3659 et
288 3621 340 3672 aeq.
352 3611 391 3659 De
405 3607 550 3670 adulterio,
565 3613 602 3660 De
612 3609 774 3672 desertione,
792 3623 821 3661 ac
832 3613 871 3661 De
886 3608 996 3675 reliquie
1011 3609 1123 3660 divortit
1139 3614 1246 3673 οιιιιιιι,
1261 3613 1290 3661 ιι
1302 3618 1359 3660 unat

248 3688 354 3754 qouque
368 3687 489 3753 intelliget
507 3703 581 3753 quam
599 3687 762 3741 liberalesuc
783 3689 868 3741 tacitae
888 3703 915 3741 se
935 3689 977 3741 lati
998 3689 1176 3741 retonnatoree
1193 3690 1332 3741 amount

321 3772 394 3823 certe
414 3770 440 3820 in
459 3769 545 3821 codiee
562 3770 707 3822 borussianc
723 3773 817 3822 tenvem
831 3771 988 3822 contineatur
1010 3768 1077 3820 tituli
1091 3767 1126 3819 ob
1142 3783 1210 3834 quoa
1226 3770 1282 3822 lieri
1297 3765 1361 3834 putul

248 3851 384 3902 divortium
403 3853 519 3915 plenum,
536 3851 562 3901 id
580 3853 633 3914 est,
650 3864 666 3901 ι
682 3850 790 3902 vinculo.
808 3854 934 3914 Cumque,
950 3852 979 3900 nt
994 3851 1080 3900 notum
1096 3851 1152 3913 eet,
1174 3848 1361 3914 frequatiffl

247 3931 334 3983 tiaram
349 3931 469 3996 repudia,
486 3931 650 3983 ministerium
667 3933 794 3996 proposuit
806 3932 833 3982 in
846 3931 953 3982 comitiis
969 3942 1054 3981 menae
1067 3929 1140 3980 Febr.
1157 3934 1230 3982 1857.
1243 3933 1273 3982 ut
1285 3943 1315 3982 eu
1325 3925 1363 3980 itii

247 4014 359 4077 quinque
375 4013 442 4065 torn
460 4012 650 4077 abrogarentur,
661 4015 769 4077 quatuor
784 4014 880 4063 tantumn
891 4012 1004 4073 retentis,
1020 4022 1109 4074 nempe
1128 4017 1152 4061 1.
1161 4010 1304 4076 ιιιιιιιιιιι
1315 4018 1361 4061 rot·

247 4093 347 4157 tacetis
357 4093 455 4155 debiti,-
465 4100 488 4146 ι.
501 4095 625 4154 tasum,-
642 4100 665 4146 ι.
676 4091 871 4146 insociabiliter
884 4094 911 4145 et
925 4091 1064 4157 quocies,-
1076 4095 1101 4143 ι.
1109 4094 1252 4145 mutatio
1265 4090 1363 4144 mate

250 4172 333 4228 fotec.

322 4255 496 4318 Verumtamen
507 4254 633 4318 proposita
651 4253 690 4305 lea
707 4253 748 4305 die
763 4257 787 4304 i.
798 4254 870 4304 Mart.
883 4250 993 4305 emnem
1007 4249 1066 4302 anni
1082 4249 1231 4315 pluralitate
1246 4247 1361 4313 mittut*

250 4344 305 4383 rum
326 4334 415 4384 reiecta
435 4335 492 4385 init.
502 4333 560 4385 vid.
577 4337 687 4386 uatem
698 4341 721 4386 ι.
733 4335 799 4385 iiam
815 4337 883 4386 1857.
