2796 5064
263 404 332 451 cir.
349 404 370 452 r.
387 404 427 452 ns
446 402 619 452 roururrrn
637 403 843 452 sruuurrnrr.
861 402 930 452 rar.
954 401 994 454 n:
1134 384 1176 453 29

76 523 149 608 bus,
179 524 228 593 uti
255 548 330 594 cum
356 548 386 593 s.
404 521 529 593 Thomu
549 523 622 616 (67)
647 522 795 594 sentiunt
811 520 950 594 nilluarr
970 525 1059 617 (68),
1076 524 1178 597 Tour-

72 637 142 736 nely
159 639 250 731 (69),
268 635 393 733 Kugler
413 638 502 731 (70),
519 636 581 734 qui
603 634 717 732 plures
740 633 825 708 alios
850 636 987 709 adducit
1012 654 1175 725 auctores,

69 751 262 849 praesertim
287 776 366 823 vero
386 748 645 836 bellarminum
675 750 778 823 immo
804 750 943 823 ulterius
970 753 1180 849 progreditur

67 867 272 938 constituens
300 864 433 937 seclusa
457 864 518 937 Dei
536 864 808 962 dispensatione,
838 865 1085 939 matrimonium
1103 894 1178 940 cum

66 981 197 1053 duabus
222 997 281 1053 aut
306 980 460 1078 pluribus
494 979 680 1065 uxoribus.‚
719 987 869 1078 spectata
897 982 943 1053 rei
971 998 1090 1055 natura
1122 1010 1178 1056 occ

68 1099 192 1168 tr'citum
215 1123 274 1168 occ
299 1095 447 1168 validum
472 1095 578 1167 fuisse
598 1111 656 1167 aut
675 1121 772 1181 esse;
797 1096 833 1167 iu
852 1122 938 1195 quo,
958 1111 995 1169 ut
1010 1098 1175 1186 diximus,

67 1211 205 1283 ulterius
232 1210 375 1284 sortasse
401 1237 503 1310 quam
528 1237 590 1309 par
615 1211 677 1296 sit,
707 1237 905 1309 progressus
929 1213 999 1298 est,
1021 1240 1130 1312 neque
1146 1215 1177 1288 ei

66 1343 218 1399 auctores
249 1352 368 1399 omues
403 1325 536 1422 allegati
565 1326 628 1398 hac
651 1325 686 1396 in
713 1353 749 1398 re
775 1326 1012 1422 suffragantur.
1029 1326 1115 1414 Alii,
1142 1345 1179 1401 ut

67 1441 181 1527 Cobet,
198 1440 380 1538 Theologia
394 1441 604 1527 nauciensis,
621 1467 662 1513 ac
674 1440 942 1537 rothomagensis
954 1443 1026 1535 (71)
1042 1460 1179 1517 censent

69 1559 290 1657 polygamiam
309 1558 421 1629 minus
434 1583 512 1631 esse
525 1555 667 1629 naturali
687 1556 750 1628 iuri
769 1572 1027 1630 consentaneam
1044 1574 1179 1658 propter

69 1674 294 1759 incommoda,
321 1700 409 1773 quae
426 1701 465 1747 ex
483 1700 523 1745 ea
540 1672 619 1745 oriri
637 1688 899 1758 consueverunt,
927 1687 1029 1772 atquo
1052 1673 1177 1748 idcirco

70 1790 126 1886 ipsi
164 1817 354 1889 repugnare
381 1788 590 1863 solummodo
624 1803 660 1859 ut
684 1785 814 1886 aliquid
840 1787 952 1859 minus
977 1788 1172 1887 perfectum.

133 1907 202 1978 Nos
218 1906 251 1976 in
266 1905 330 1977 hae
343 1905 584 1978 sententiarum
607 1902 836 2000 discrepantia
861 1901 945 2000 quid
969 1902 1175 2001 probabilius

69 2019 215 2092 rideatur
235 2023 442 2120 aperiemus,
460 2045 499 2091 ac
512 2018 656 2091 mediam
671 2034 777 2090 terere
789 2018 896 2102 viam,
913 2033 1014 2116 atque
1029 2034 1176 2092 extrema

69 2134 212 2208 devitare
237 2135 444 2208 curabimus.

133 2252 253 2350 ltaque
286 2268 424 2325 naturae
458 2253 521 2324 iuri
547 2253 750 2344 conformem
775 2278 851 2325 esse
878 2252 1104 2351 polygamiam
1129 2255 1176 2326 si·

68 2365 267 2438 multaneam
293 2394 367 2440 cum
389 2367 591 2466 quibusdam
616 2367 728 2440 dicere
745 2394 811 2441 non
830 2368 1013 2454 audemus3
1039 2368 1099 2441 sed
1118 2396 1177 2441 ne·

68 2508 127 2579 que
151 2483 390 2555 contendimus
412 2511 487 2555 eam
513 2499 651 2555 naturae
678 2483 742 2555 iuri
763 2484 809 2557 itu
833 2483 1024 2569 adversari,
1051 2500 1087 2556 ut
1104 2484 1177 2557 solo

68 2615 213 2694 spectato
239 2615 378 2671 naturae
403 2598 475 2672 iure
501 2616 570 2671 tum
596 2598 751 2671 illicitum
773 2600 965 2671 tumetium
990 2599 1175 2672 invalidum

67 2711 126 2785 dici
154 2715 265 2811 possit
291 2714 502 2811 coniugium,
531 2715 621 2813 quod
649 2731 775 2787 retenta
800 2714 912 2786 adhuc
937 2740 1040 2787 uxore
1071 2715 1175 2813 priori

68 2827 214 2902 iniretur.
232 2829 392 2929 Adeoque
413 2831 648 2903 constituimus
665 2833 786 2928 primo,
814 2829 1038 2929 polygamiam
1063 2829 1176 2902 minus

68 2969 135 3016 csse
149 2946 217 3016 iuri
234 2963 371 3018 naturae
388 2947 608 3033 conformem
626 2944 764 3018 seeundo
781 2943 932 3018 eamdem
951 2945 1062 3043 potius
1080 2960 1176 3018 natu-

68 3085 117 3130 rae
142 3060 208 3131 iuri
231 3061 481 3159 quodammodo
502 3061 687 3133 adversari.

132 3176 180 3248 Ac
206 3203 244 3249 re
269 3203 350 3250 sane
374 3204 453 3248 vera
479 3178 621 3249 societas
647 3177 731 3249 haec
758 3175 906 3275 postulat
939 3175 1174 3275 aequalitatem

69 3289 214 3375 iuriam,
252 3292 379 3365 seilicet
404 3292 488 3364 alter
519 3293 698 3389 coniugum
733 3309 836 3364 totum
863 3318 901 3363 se
925 3290 1019 3363 alteri
1046 3292 1176 3366 tradere

68 3405 177 3492 debet,
199 3406 387 3505 etquidem
406 3406 586 3479 donatione
603 3406 702 3506 plena
720 3423 820 3505 atque
840 3406 1006 3504 perfecta,
1027 3406 1059 3478 vi
1078 3407 1174 3478 cuius

71 3521 144 3595 aiter
162 3523 303 3596 alterius
323 3525 379 3608 fir,
401 3526 447 3595 ita
465 3542 500 3597 ut
518 3541 635 3596 neuter
655 3525 762 3623 possit
779 3522 846 3594 diei
863 3547 1001 3620 compos
1026 3523 1174 3621 corporis

73 3639 127 3707 sui.
145 3640 309 3710 Nimirum
333 3637 555 3735 dependentia
574 3666 613 3710 err
632 3639 755 3710 unione
780 3636 946 3734 coniugali
975 3639 1174 3735 proveniens

74 3754 234 3851 reciproca
260 3780 335 3826 esse
361 3754 480 3839 debet,
501 3771 570 3827 tum
589 3755 698 3826 mariti
724 3779 803 3849 erga
831 3778 987 3836 uxorem,
1009 3767 1041 3825 et
1059 3752 1172 3824 uxoris

135 4020 184 4079 (67)
201 4022 229 4067 tn
240 4023 263 4068 t.
277 4021 384 4068 sentent.
396 4018 421 4067 d.
435 4027 473 4070 as.
483 4033 508 4082 q.
525 4028 545 4070 t.
557 4022 603 4069 art.
615 4027 638 4069 7.
651 4019 674 4066 in
687 4020 760 4081 corp.

137 4100 186 4159 (⁶8)
202 4099 298 4148 Disscrt
318 4102 348 4148 V.
359 4101 406 4149 art.
421 4108 441 4149 ι.
454 4099 477 4162 §.
493 4107 513 4150 t.

136 4182 184 4239 (69)
200 4181 249 4236 Qu.
263 4181 305 4228 Vl.
318 4180 365 4228 art.
381 4187 402 4229 t.
413 4182 472 4230 sect.
490 4188 511 4230 1.

138 4259 186 4320 (7ο)
203 4262 303 4316 Quaest.
316 4262 448 4310 xxxvltl.
460 4274 485 4310 n.
500 4267 568 4311 18³3.

136 4341 184 4399 (77)
200 4339 272 4402 Apud
283 4340 408 4401 Garri'ere,
420 4341 480 4390 tom.
495 4343 732 4403 spretiano.
