2796 5064
199 392 272 446 aar.
287 394 311 444 r.
324 391 398 443 aar.
409 391 445 442 u.
458 390 497 442 nu
514 386 945 443 marss.mrn.srscr.1una
962 387 1060 437 rosrr.
1073 386 1139 437 mv.
1194 365 1264 435 tea

138 512 302 584 daritiam
319 509 517 583 iudaeorum
534 505 686 581 libellum
704 505 836 607 repudii
855 505 1070 605 permisisse,
1098 530 1201 604 quum
1224 531 1264 578 ea

141 626 327 728 permissio
340 625 385 701 ob
397 625 509 699 cordis
522 623 681 696 duritiam
699 621 801 695 latius
821 637 935 720 patere
947 620 1091 694 dicenda
1110 621 1167 703 sit,
1181 620 1266 695 adeo

143 761 176 815 nt
191 743 300 814 etiam
319 741 398 814 aliis
415 767 454 813 ex
468 739 580 813 causis
594 755 726 838 praeter
740 737 941 810 adulterium
960 737 1153 808 admittatur
1173 738 1263 830 (73).

148 859 220 954 ling
248 875 362 929 autem
389 856 452 929 etsi
479 853 665 927 catholicus
692 850 868 925 lormulam
894 853 1028 924 lteraatb
1057 851 1162 924 dabar
1188 877 1266 924 cen-

151 974 212 1046 suit
239 971 345 1045 latius
370 970 539 1072 patuisse,
561 969 742 1069 pluresque
768 968 1058 1068 interpretationes
1083 968 1267 1041 admisisse

153 1113 181 1161 tx
208 1088 289 1186 ipsa
307 1086 412 1159 blesis
429 1085 600 1158 voluntate
618 1100 720 1184 atque
738 1083 938 1168 intentione,
960 1110 1002 1156 ne
1020 1082 1089 1155 illis
1106 1082 1149 1154 ad
1176 1109 1263 1181 quos

154 1201 320 1301 spectabat
335 1201 420 1298 legis
442 1200 670 1300 interpretatio
697 1198 839 1272 facultas
866 1198 1131 1297 praeriperetur,
1160 1214 1266 1270 muta·

156 1319 187 1390 tis
215 1318 446 1416 temporibus,
471 1343 545 1390 eam
568 1317 719 1389 strictius
737 1315 789 1388 vel
808 1315 908 1387 latius
932 1314 1137 1413 exponendi,
1169 1323 1267 1413 prout

157 1433 333 1506 necessitas
358 1447 417 1505 aut
440 1430 596 1531 publicae
620 1429 774 1502 utilitatis
800 1428 884 1502 ratio
909 1429 1096 1527 flagitasset
1111 1430 1201 1524 (ll).

214 1548 266 1621 Cl.
285 1547 488 1647 lloslroubny
507 1563 596 1619 totus
611 1546 645 1617 in
658 1559 777 1632 eoest,
793 1560 830 1616 ut
847 1545 978 1617 evincat
1002 1543 1117 1642 phrasi
1137 1544 1265 1615 Eraatle

155 1662 249 1736 dabar
281 1650 409 1736 blesim
441 1661 655 1759 significasse
685 1661 785 1733 unice
814 1660 1061 1758 fornicationem
1095 1685 1156 1732 seu
1180 1685 1266 1730 moe-

154 1778 253 1850 cliem
277 1778 378 1851 cuius
404 1804 462 1850 rea
486 1777 573 1850 lacta
599 1775 699 1848 luerit
722 1801 824 1861 uxor,
849 1774 894 1847 nb
913 1775 1004 1873 quod
1029 1774 1176 1860 crimen,
1197 1773 1265 1847 imo

153 1894 243 1966 etiam
270 1892 316 1967 ob
341 1891 498 1966 adulterii
533 1892 762 1991 suspicionem
796 1891 932 1965 libellus
963 1890 1095 1991 repudii
1121 1891 1163 1964 ad
1190 1916 1265 1963 eam

151 2007 383 2108 dimittendam
408 2007 483 2081 dari
508 2022 648 2107 poterat.
669 2006 799 2080 Deinde
819 2007 994 2080 ostendere
1012 2006 1173 2079 adnititur
1191 2006 1268 2080 ideo
1289 2005 1292 2011 ’

150 2124 398 2196 abominabilem
415 2142 447 2198 et
462 2125 624 2223 pellatam
636 2123 703 2196 dici
725 2123 904 2196 foeminam
922 2123 1014 2195 illam
1033 2123 1154 2196 iactam
1173 2149 1263 2209 esse,

150 2267 231 2339 quae
257 2256 336 2339 post
361 2241 538 2341 repudium
564 2241 637 2315 viro
671 2240 766 2313 alteri
799 2239 955 2328 nuberet,
985 2228 1066 2340 quia
1090 2240 1266 2338 illegitime

150 2355 316 2430 eiusmodi
344 2358 482 2456 nuptiae
511 2357 619 2430 sactae
643 2356 805 2444 luissent,
830 2374 1011 2456 antequam
1041 2357 1162 2430 mulier
1186 2356 1268 2429 suis-

150 2490 195 2545 set
223 2473 372 2547 dimissa
399 2476 490 2569 (ld).
521 2474 669 2546 Primum
699 2490 864 2546 assertum
889 2474 1034 2548 adstruit
1064 2489 1133 2547 tum
1160 2500 1200 2546 ex
1226 2500 1266 2547 eo

149 2588 237 2686 quod
264 2589 376 2661 llloses
399 2614 499 2662 voces
521 2587 584 2661 has
602 2615 621 2660 e
637 2588 755 2685 viginti
772 2606 806 2661 et
823 2615 941 2662 novem
966 2587 1117 2675 vicibus,
1140 2587 1266 2686 quibus

150 2703 224 2778 illae
250 2704 286 2775 in
312 2704 464 2777 eiusdem
489 2703 586 2777 libris
607 2721 805 2792 occurrunt,
827 2721 917 2777 certe
935 2705 1082 2802 vigesies
1095 2720 1128 2777 et
1140 2704 1266 2803 septies

151 2845 207 2917 pro
233 2820 363 2917 impare
388 2821 537 2916 repotia,
567 2846 628 2892 seu
654 2821 868 2919 fornicatione
893 2819 1101 2918 sumpserit,
1130 2835 1200 2890 tum
1226 2845 1266 2891 ex

150 2961 186 3008 eo
210 2934 307 3036 qnod
333 2933 530 3008 iudaeorum
554 2935 706 3032 magistri
725 2936 842 3010 eodem
861 2962 900 3009 ac
917 2936 1027 3009 lloses
1045 2960 1266 3008 sensuvoces

151 3050 209 3124 bas
236 3053 477 3150 usurpauerint
501 3054 590 3147 (aa).
617 3051 765 3126 Alterum
797 3052 933 3126 deducit
957 3078 997 3123 ex
1022 3076 1062 3123 eo
1087 3050 1177 3150 quod
1208 3049 1267 3123 illa

151 3166 219 3239 sive
245 3165 452 3240 abominatio
474 3166 546 3239 sive
571 3166 710 3265 pollutio
736 3167 946 3268 praedicetur
970 3193 1079 3240 coram
1102 3167 1261 3250 Domino,

150 3281 302 3381 adeoque
316 3282 350 3352 in
363 3308 466 3356 sensu
484 3283 603 3357 morali
625 3284 733 3384 accipi
754 3310 894 3358 necesse
914 3283 970 3357 sit.
992 3285 1062 3356 lam
1081 3310 1161 3358 vero
1187 3309 1267 3356 non·

214 3470 267 3532 (73)
283 3470 380 3520 Tiioluls
393 3471 419 3520 in
430 3485 471 3535 op.
482 3485 559 3535 germ.
570 3470 889 3537 Philoloar'cotlteclootca
899 3476 1017 3524 enarrat.
1030 3476 1156 3524 sermonis
1168 3473 1267 3524 Christi

150 3553 175 3598 in
193 3554 284 3601 monte
301 3551 408 3601 emanet.
427 3551 526 3603 Mattio.
548 3553 682 3615 Hambnrgi
700 3561 766 3604 11123.
779 3567 834 3618 pag.
847 3558 893 3605 215
905 3555 1119 3617 renasciturum
1135 3556 1174 3603 De
1189 3555 1265 3617 aquis

151 3635 253 3679 amoris.
269 3630 337 3692 Lips.
353 3638 420 3680 1682.
435 3644 489 3694 pag.
505 3639 559 3681 2211.
573 3635 728 3695 Quamquam
747 3634 852 3683 innocua
868 3633 946 3683 videri
964 3635 1041 3698 possit
1058 3634 1179 3684 eiusmodi
1193 3635 1267 3684 inter·

149 3711 267 3772 prelatio,
290 3710 319 3759 ut
334 3710 408 3773 paulo
427 3714 482 3773 post
500 3711 629 3774 dicemus,
647 3713 668 3762 si
684 3715 848 3762 coarctaretur
864 3713 894 3762 ed
911 3714 989 3763 solam
1014 3714 1090 3777 legem
1112 3715 1265 3777 mosaicam,

151 3790 194 3840 nisi
204 3804 261 3840 eam
274 3790 366 3840 retient
376 3791 507 3841 enmudere
517 3792 632 3841 etiamad
644 3793 720 3855 legem
731 3793 909 3857 evangelicam,
921 3796 994 3857 prout
1005 3798 1166 3857 protestantes
1183 3798 1265 3845 exten·

151 3869 255 3920 dandam
266 3884 320 3921 esse
328 3872 488 3921 contendunt.
499 3874 552 3922 Hoc
567 3873 632 3922 euim
644 3887 715 3922 sensu
733 3888 786 3922 eam
803 3875 946 3924 sententiam
957 3875 1133 3938 improbamus.

221 3951 273 4012 (71)
291 3953 328 4000 De
343 3955 458 4015 contenit
467 3952 606 4002 carterium
616 3953 722 4003 vincalo
733 3952 919 4004 indissolubili.
933 3956 1043 4019 friburgi
1058 3959 1268 4007 talonensem·

154 4031 251 4079 tentiam
271 4032 360 4080 merito
372 4031 526 4095 impugnavit
534 4032 601 4082 Frid.
611 4032 735 4082 Liobetrut
746 4033 771 4082 in
782 4047 822 4097 op.
835 4048 911 4097 germ.
922 4038 1126 4087 Matrimonium
1133 4048 1201 4098 prae
1216 4048 1268 4085 aaa

153 4108 208 4160 idea
222 4114 250 4161 et
265 4111 394 4162 trieterica
408 4112 592 4175 explicatione.
605 4113 712 4163 Bernlin.
727 4117 794 4165 1811.
805 4127 860 4178 pag.
875 4120 913 4166 70.

220 4192 274 4252 (75)
290 4193 337 4254 Op.
348 4191 391 4242 cit.
403 4205 459 4256 pag.
472 4196 515 4243 127
529 4205 598 4256 seqq.

222 4273 273 4335 (76)
288 4272 328 4323 ct.
337 4273 454 4323 Drusium
468 4274 493 4324 in
505 4277 570 4326 crit.
582 4276 666 4325 sacrm
678 4277 766 4327 tamt.
777 4277 834 4328 item
846 4277 948 4329 liuberti
957 4281 1066 4329 11111111.
1075 4281 1112 4329 De
1125 4277 1214 4328 tttettn
1226 4290 1264 4328 re·

159 4350 224 4408 raia
238 4357 306 4403 reos.
