2796 5064
352 400 423 455 etr.
437 401 469 452 v.
487 400 528 453 or
542 401 652 452 sonur.
670 402 797 454 masur.
815 402 910 454 uara.
927 403 999 452 rur.
1014 404 1037 453 ι.
1190 381 1257 454 tta

146 532 203 591 aut
226 516 417 592 inconsulto
435 517 469 591 id
492 518 564 592 fieri
588 518 711 593 debera
732 546 792 618 per
812 545 850 592 se
867 519 1014 618 quisque
1028 519 1130 593 videt.
1151 521 1260 594 Sicil-

146 632 238 706 hcite
264 632 300 705 id
326 634 439 720 fieret,
460 634 623 734 quamdiu
649 633 759 733 proles
780 636 891 708 adhuc
909 635 1115 715 instituenda
1137 654 1206 723 est,
1228 653 1262 710 et

144 764 321 848 pareutum
347 773 429 822 cura
452 775 493 823 ac
517 748 744 824 sollicitudine
768 749 920 847 indiget,
939 777 1001 825 nee
1025 751 1060 823 in
1082 767 1153 824 tuto
1178 752 1262 825 satis

142 878 195 936 est
220 862 355 962 posita..
369 864 566 963 'Numquam
593 864 699 936 enim>
717 863 922 960 evangelica
939 865 1083 938 consilia
1106 865 1261 940 homines

141 975 290 1051 liberant
305 976 350 1051 ab
366 977 505 1064 officiis,
522 977 647 1077 quibus
667 1004 709 1051 ex
732 978 806 1076 lege
831 978 974 1051 naturali
1000 998 1040 1052 ac
1064 978 1180 1054 diviua
1205 979 1262 1055 eb·

141 1094 355 1190 stringuntur
364 1130 376 1180 ,·
390 1117 499 1192 neque
514 1092 660 1168 ecclesia
677 1110 839 1193 umquam
856 1094 952 1168 hisce
968 1094 1003 1165 iu
1021 1094 1158 1170 casibus
1176 1096 1264 1170 eius-

142 1208 234 1281 modi
266 1207 423 1308 proharet
445 1208 693 1306 separationem
716 1209 763 1281 ad
786 1209 980 1308 religiosum
1009 1224 1133 1283 statum
1159 1212 1263 1308 profi·

140 1323 293 1397 tendum.
322 1323 421 1410 Quod
445 1349 525 1398 rere
551 1324 668 1397 attinet
693 1323 737 1397 ad
762 1324 951 1423 simplicem
979 1325 1262 1425 separationema

141 1453 236 1526 toro,
256 1438 301 1511 de
318 1465 386 1537 qua
402 1438 564 1535 coniuges
589 1439 676 1511 inter
699 1464 738 1512 se
761 1439 965 1513 conveniunt
989 1439 1126 1513 maioris
1151 1441 1262 1537 parle-

139 1553 265 1626 ctionis
288 1552 417 1650 gratia,
446 1551 533 1624 nihil
557 1551 690 1639 obstat,
713 1551 894 1627 dummodo
919 1552 1179 1626 incontinentiae
1205 1579 1262 1651 pe·

140 1667 287 1741 riculum
313 1667 406 1741 aliud
431 1694 498 1742 non
525 1667 676 1741 suadeat.
707 1670 889 1769 Utriusque
905 1669 1130 1770 separationis
1155 1686 1262 1743 exem·

139 1782 197 1882 pla
220 1783 257 1854 in
280 1782 728 1857 annalibuseeclesiastieis
755 1791 957 1884 suppetuut;
983 1801 1062 1861 uota
1083 1798 1162 1859 sunt
1188 1810 1260 1858 om-

140 1896 243 1971 nibus
267 1891 428 1998 exempla
444 1925 474 1972 s.
504 1898 701 1972 Pulcheriae
717 1915 750 1972 et
773 1899 960 1986 Marciani;
978 1925 1008 1974 s.
1030 1897 1195 1974 Melaniae
1212 1899 1260 1971 iu·

139 2013 247 2087 nioris
272 2027 305 2085 et
330 2013 484 2102 Piniani.;
503 2014 686 2114 Aproniani
707 2030 741 2087 et
764 2014 897 2101 hvitae;
922 2041 952 2088 s.
974 2014 1132 2111 Birgittae
1157 2029 1190 2087 et
1207 2012 1261 2087 Ul-

139 2127 250 2216 tonis,
270 2127 392 2203 utalia
409 2156 496 2228 pene
513 2130 689 2203 innumera
705 2128 872 2203 eiusmodi
890 2129 1045 2227 exempla
1066 2128 1192 2227 quibus
1210 2129 1260 2201 iu·

138 2245 227 2341 giter
252 2242 424 2343 splenduit
448 2244 591 2318 ecclesia
608 2246 691 2332 Dei,
712 2246 832 2319 tacitus
850 2261 1070 2344 praeteream.
1093 2244 1259 2318 Constans

138 2383 240 2458 porro
265 2357 350 2431 haec
375 2360 497 2456 agendi
517 2359 601 2433 ratio
619 2359 703 2433 satis
729 2360 887 2458 patefacit
912 2360 1051 2458 quinam
1069 2379 1193 2434 sensus
1210 2383 1262 2431 ec-

138 2471 267 2546 clesiae
291 2472 356 2546 hac
381 2473 484 2547 dere
510 2473 622 2547 luerit.

165 2644 168 2649 .
191 2587 194 2591 ’
213 2588 295 2660 Sine
318 2612 583 2663 consensuram
603 2589 740 2662 alterius
763 2590 890 2689 partis,
909 2589 1013 2663 immo
1030 2589 1131 2661 etiam
1150 2613 1191 2660 ea
1209 2614 1261 2661 re·

141 2719 332 2802 pugnante,
353 2719 463 2803 potest
479 2704 728 2777 matrimonium
746 2703 858 2802 quoad
878 2719 987 2777 torum
1005 2701 1262 2800 convictumque

139 2817 256 2889 dirimi
280 2817 324 2891 ob
357 2818 504 2906 erimeu;
532 2819 637 2919 idque
666 2819 808 2919 triplex,
838 2844 959 2918 nempe
984 2816 1027 2891 ob
1056 2815 1259 2890 adulterium

139 2932 283 3007 alterius
308 2933 483 3030 coniugisss
504 2934 548 3007 oh
565 2935 771 3034 apostasiam
789 2961 810 3006 a
826 2960 905 3007 vera
927 2931 1088 3028 religione
1112 2931 1184 3005 sive
1202 2957 1262 3031 per

139 3046 372 3120 infidelitatem
392 3048 464 3121 sive
489 3074 548 3148 per
565 3049 753 3133 haeresim,
777 3060 864 3147 quae
882 3045 1093 3122 infidelitatis
1111 3035 1258 3144 estape-

138 3164 231 3250 cies,
261 3188 301 3235 ac
323 3162 367 3236 ob
391 3163 619 3238 inductionem
646 3164 718 3237 sive
743 3163 972 3237 seductionem
998 3161 1042 3234 ad
1069 3176 1256 3259 peecatum.

213 3276 312 3350 Circa
328 3276 485 3350 adulterii
503 3278 630 3352 crimen
648 3277 739 3351 nulla
757 3293 960 3377 potestesse
977 3276 1161 3364 contentio,
1183 3302 1261 3350 cum

137 3409 257 3493 aperta
280 3394 351 3466 sint
375 3394 502 3468 Christi
527 3395 629 3469 rerba
656 3395 690 3466 in
716 3411 857 3494 utroque
878 3393 1036 3467 Matthaei
1060 3408 1168 3481 textu,
1195 3392 1261 3466 sci-

139 3506 219 3580 licet
246 3508 283 3579 V.
315 3510 373 3581 ὅθ.
407 3527 442 3582 et
466 3510 551 3582 xlx.
586 3513 620 3580 9.
654 3509 780 3608 quihus
805 3509 987 3582 denunciat
1013 3509 1177 3582 Dominus
1204 3533 1261 3582 ne·

138 3638 211 3696 ster
235 3648 328 3696 reum
353 3650 430 3697 esse
454 3626 660 3725 quicumque
685 3624 852 3697 dimiserit
871 3650 1006 3697 uxorem
1027 3651 1145 3708 suam,
1167 3649 1261 3694 ecca-

134 3753 199 3835 ptu
228 3739 456 3838 fornicatiouis
486 3766 603 3825 causo,
625 3758 683 3812 aut
708 3742 775 3811 nisi
802 3740 841 3811 oh
865 3741 1123 3839 fornicationem.
1157 3736 1262 3832 Igitur

139 3850 208 3926 hac
230 3853 471 3929 interveniente
495 3881 599 3928 causa
619 3855 851 3928 fornicationis
870 3855 942 3928 sive
966 3852 1122 3926 adulterii
1142 3852 1261 3923 immu-

139 3969 198 4042 nis
223 3969 287 4041 erit
310 3995 330 4041 a
355 3970 516 4057 crimine,
544 3972 603 4070 qui
621 3971 797 4066 coniugem
815 3969 993 4043 dimiserit.
1016 3969 1100 4040 Nam
1124 3992 1201 4039 cum
1219 3991 1261 4038 ex

138 4083 301 4182 superius
327 4083 583 4174 demonstratis,
603 4084 769 4158 eiusmodi
788 4083 957 4184 separatio
975 4082 1048 4154 lieri
1066 4106 1133 4153 non
1151 4079 1261 4180 possit

138 4198 257 4299 quoad
277 4199 470 4287 vinculum,
492 4216 595 4275 restat
620 4200 784 4299 proinde,
803 4198 930 4273 utheri
956 4213 1059 4297 queat
1079 4195 1192 4295 quoad
1210 4210 1260 4271 to·

140 4339 218 4388 rum
243 4327 277 4388 et
301 4312 604 4402 cohabitationem
625 4329 727 4416 atque
751 4314 797 4389 ita
815 4337 948 4415 semper
965 4325 1132 4388 serratum
1155 4327 1208 4386 est
1223 4310 1258 4382 in
