2796 5064
148 381 192 452 12
316 400 378 452 nn.
399 401 446 452 ιιι.
468 400 555 451 secr.
576 402 599 449 ι.
621 400 661 450 nn
683 399 778 451 narn.
794 397 917 450 enmsr.
935 397 1080 451 narrare.

144 520 266 595 Solone
286 518 472 617 magistris,
496 511 748 593 convenientem
767 516 973 617 quibusdam
986 517 1022 590 in
1041 517 1182 594 casibus
1200 545 1258 593 na·

144 636 244 712 turali
262 636 341 733 legi,
362 652 396 710 et
411 635 503 709 civili
520 633 609 708 bono
624 649 882 708 consentaneam
902 632 1093 708 hahuerunt
1113 661 1255 709 uxorum

143 752 437 837 communitatem,
475 766 573 849 prout
604 764 637 822 ot
666 747 838 822 nonnullis
874 749 1022 822 romanis
1057 775 1255 848 persuasum

143 853 250 940 luisse
274 855 393 939 saltem
413 865 524 966 quoad
546 863 845 938 commodationem
867 888 1007 937 urorum
1027 878 1171 937 testatur
1186 864 1256 937 Plu·

143 979 280 1055 tarchus
296 982 385 1075 (13).

216 1095 311 1169 Patet
342 1094 445 1193 igitur
466 1093 679 1168 verissimum
705 1118 782 1167 esee
805 1091 897 1193 quod
930 1091 1174 1168 affirmavimus
1201 1119 1256 1194 po·

143 1207 332 1310 lyandriam
358 1210 394 1282 in
419 1234 578 1307 germana
603 1234 666 1282 sua
694 1207 940 1306 significatione
974 1223 1146 1308 acceptam
1175 1235 1256 1282 nns-

142 1348 266 1421 quam,
294 1323 476 1398 theoretice
501 1321 639 1410 saltem,
668 1321 794 1396 directe
818 1320 1027 1408 obtinuisse,
1057 1320 1118 1396 sed
1146 1321 1256 1397 solum

143 1437 305 1514 indirecte
330 1465 371 1513 ex
397 1454 612 1538 praepostera
641 1463 744 1538 penes
778 1435 906 1535 aliquot
934 1435 1179 1510 consuetudine
1205 1437 1258 1510 in·

142 1552 277 1631 ductam
294 1554 337 1628 de
353 1553 587 1627 communione
612 1577 775 1638 uxorum,
803 1565 862 1624 aut
886 1577 926 1624 ex
951 1550 1155 1626 chimaerioa
1175 1579 1259 1627 non·

143 1667 311 1743 nullorum
336 1667 547 1742 ethnicorum
583 1667 862 1766 pbilosophorum
887 1667 977 1740 circa
1007 1666 1161 1741 camdem
1187 1695 1256 1743 rem

142 1782 350 1869 doctrinam,
378 1806 464 1881 quae
489 1779 632 1855 fortasse
654 1807 837 1880 numquam
856 1781 891 1852 in
910 1780 1028 1881 praxin
1046 1780 1151 1856 abiis
1170 1782 1256 1883 ipsis

141 1897 177 1970 in
203 1899 396 1971 sociotatem
423 1896 575 1971 traducta
600 1896 682 1984 luit,
714 1897 774 1970 sed
798 1897 886 1971 intra
913 1896 1115 1972 theoreticae
1135 1924 1256 2000 specu·

141 2011 276 2088 lationis
302 2013 448 2086 ambitus
470 2013 569 2086 unice
590 2012 752 2087 constitit.
774 2011 866 2086 Adeo
884 2038 1000 2086 verum
1017 2027 1069 2087 est
1086 2015 1255 2088 communi

142 2127 316 2202 hominum
342 2154 445 2202 sensu
469 2145 639 2228 tamquam
664 2153 685 2201 a
709 2143 828 2202 natura
858 2126 1089 2204 abhorrentem
1121 2128 1257 2229 polyan-

141 2241 249 2316 driam
269 2241 418 2316 habitam
439 2243 557 2316 fuisse.
952 2330 958 2336 ⁹

214 2359 282 2432 Nec
298 2358 410 2433 obstat
426 2358 517 2459 quod
537 2358 688 2432 nonnulli
705 2359 901 2432 censuerint
925 2358 1161 2460 polyandriam
1187 2386 1253 2435 non

141 2496 327 2573 repugnare
352 2473 411 2544 fini
433 2472 592 2572 primario
607 2474 640 2545 in
655 2472 834 2575 hypothesi
853 2473 944 2572 qued
962 2474 1103 2547 maritus
1124 2475 1255 2575 primus

141 2588 265 2665 sterilis
292 2588 393 2676 foret,
421 2589 617 2689 praesertim
636 2589 666 2662 si
684 2589 785 2661 unica
810 2588 933 2662 mulier
959 2604 1131 2688 superstes
1157 2589 1258 2665 luerit

140 2730 217 2779 cum
243 2705 348 2779 sterili
377 2705 522 2792 marito,
552 2705 669 2777 autin
700 2704 882 2805 hypothesi
916 2704 1007 2803 quod
1033 2731 1093 2804 per
1117 2705 1257 2804 speciale

136 2811 272 2920 paetum
297 2820 500 2895 matrimonii
518 2846 601 2894 usus
620 2845 803 2894 concessus
822 2844 889 2892 non
907 2834 997 2893 esset
1015 2817 1170 2918 pluribus
1189 2821 1256 2894 nisi

142 2935 176 3006 in
203 2961 311 3009 annos
338 2939 568 3021 successivos,
592 2952 651 3007 aut
678 2934 825 3034 denique
850 2934 884 3005 in
912 2932 1094 3033 hypothesi
1119 2933 1258 3008 divinae

140 3046 428 3146 dispensationis,
456 3075 557 3149 quam
580 3048 730 3122 Sanobez
756 3047 916 3148 supponit
943 3048 1031 3143 (ll).
1059 3049 1096 3118 ln
1130 3047 1256 3148 quihus

142 3159 280 3234 casibus
314 3160 515 3261 polyandria
541 3162 700 3260 primario
728 3161 786 3233 fini
812 3160 1016 3235 matrimonii
1043 3159 1136 3235 haud
1161 3162 1257 3238 vide-

142 3290 233 3348 retur
262 3276 447 3350 adversari.

114 3485 115 3490 ἵ
213 3390 387 3491 Siquidem
406 3391 598 3466 huiusmodi
617 3418 734 3465 omnes
752 3390 960 3493 hypotheses
979 3391 1100 3466 stultae
1117 3417 1158 3465 ac
1170 3392 1257 3468 licti-

141 3505 208 3578 tiae
221 3522 317 3594 snnt,
333 3533 372 3580 ac
387 3506 479 3579 nullo
495 3506 595 3582 modo
617 3508 799 3581 constituta
826 3507 993 3607 principia
1016 3523 1157 3607 quatere
1175 3533 1255 3607 pos·

107 3666 110 3673 =
140 3630 236 3708 'sunt;
261 3648 369 3722 neque
387 3622 476 3694 enim
490 3646 553 3695 nos
565 3621 607 3695 de
621 3621 820 3720 imaginaria
846 3620 960 3722 aliqua
981 3609 1164 3723 hypothesi
1181 3621 1253 3696 dis·

140 3735 306 3822 serimus,
327 3737 388 3810 scd
409 3735 452 3809 de
476 3762 585 3809 rerum
611 3751 749 3823 natura,
774 3735 867 3809 iuxta
892 3762 993 3834 quam
1019 3733 1254 3836 polyandrium

139 3850 283 3923 naturali
297 3851 361 3924 iuri
376 3877 563 3951 repugnare
576 3850 832 3924 affirmavimus.
847 3851 1058 3951 Quapropter
1076 3850 1105 3923 si
1125 3850 1255 3950 primus

138 3965 279 4040 maritus
304 3983 394 4040 esset
418 3965 559 4052 sterilis,
580 3965 663 4065 quin
681 3992 802 4039 novum
829 3964 1071 4066 superinducat
1086 3990 1172 4039 uxor
1189 3991 1256 4040 ma·

140 4082 257 4170 ritum,
281 4080 374 4181 prole
399 4107 512 4155 carere
537 4081 646 4155 debet.
669 4080 817 4166 Quodsi
840 4080 959 4169 unica,
984 4095 1021 4154 ut
1046 4080 1196 4178 fingitur,
1222 4080 1255 4151 in

208 4279 258 4340 (13)
275 4282 302 4328 ln
312 4282 390 4330 Numa
402 4292 458 4343 pag.
471 4285 510 4330 62.
521 4281 546 4330 et
556 4279 581 4329 in
591 4279 684 4329 catone
695 4292 719 4343 p.
728 4281 783 4330 771.
795 4275 835 4328 ed.
848 4277 925 4329 Paris.
940 4282 1008 4330 tout.

210 4358 231 4418 lt
240 4359 261 4419 t)
279 4358 332 4409 Lib.
344 4360 399 4409 vlt.
413 4359 476 4424 disp.
489 4365 527 4410 80.
539 4371 565 4408 n.
578 4365 601 4408 5.
