2796 5064
239 116 309 167 ess.
326 116 348 167 1.
364 117 404 169 es
421 115 594 169 rosressrs
611 115 818 167 ersusrsnrr.
833 117 905 166 ser.
922 117 966 166 rr.
1109 96 1154 164 tt

55 258 127 309 reru
152 259 223 309 nen
248 232 443 319 hebetetur,
471 234 502 306 si
526 232 640 306 liceret
664 233 735 307 sive
763 233 901 305 alterum
931 234 1059 319 virum,
1086 237 1159 307 sive

52 347 189 423 alteram
212 347 339 423 ducere
360 373 511 421 uxerem.

119 462 198 536 Dixi
223 461 422 561 Apostolum
449 462 512 536 hoc
537 463 571 534 iu
603 461 675 536 loeo
705 463 852 537 alludere
880 464 923 536 ud
954 468 1157 563 primaevum

55 577 256 652 matrimonii
282 578 523 653 institutionem
548 579 717 651 uChristo
734 580 985 666 continuatam
1009 580 1159 679 alioquin

53 717 126 765 eum
151 719 195 766 ex
213 692 288 790 lege
305 695 452 769 mosaica
470 720 536 769 non
555 713 645 768 esset
660 696 830 769 censenda
847 696 998 769 adultera
1019 696 1156 781 mulier,

53 832 139 904 quae
166 807 314 881 dimissa
336 835 358 881 a
382 809 502 882 merito
525 809 622 883 elteri
639 809 795 896 nuberet,
817 810 937 883 falsum
960 825 1050 883 esset
1073 811 1161 909 dpe-

53 922 127 996 stoli
146 937 379 1021 essumptum‚
398 924 489 1022 quod
507 925 650 1023 impium
672 941 723 997 est
739 925 904 1020 cogitare,
921 924 1073 1022 adeoque
1090 924 1163 996 iure

53 1037 219 1111 affirmavi
244 1037 443 1138 Apostolum
460 1039 651 1113 declarasse
668 1040 793 1114 Christi
811 1041 1011 1113 sententium
1028 1041 1072 1111 de
1092 1066 1164 1111 mo-

55 1152 210 1248 nogumia
235 1152 270 1222 in
297 1178 359 1225 sus
384 1152 457 1250 lege
482 1153 648 1227 servande
668 1156 780 1248 (133).
873 1228 876 1261 1

123 1267 164 1337 ln
183 1265 289 1340 ultero
305 1282 416 1339 autern
434 1268 624 1341 testimonio
642 1294 718 1340 curn
734 1285 850 1366 aperte
863 1266 1061 1367 pronunciet
1072 1266 1162 1338 idem

57 1381 196 1454 Paulus:
211 1382 405 1480 «Praecipio
429 1409 493 1454 noe
517 1409 573 1481 epo
604 1383 661 1455 sed
690 1384 847 1454 Dominum
880 1407 1015 1457 uxorem
1040 1408 1061 1453 s
1090 1383 1164 1455 uiro

57 1521 121 1568 non
147 1495 345 1582 discedere3
364 1496 457 1595 quod
483 1497 512 1570 si
536 1497 752 1583 discesserit,
781 1521 918 1570 manere
941 1497 1162 1595 innuptemps

55 1610 197 1684 evidens
218 1626 271 1687 est
296 1611 339 1684 ad
365 1611 472 1708 legem
489 1639 567 1685 eum
584 1612 753 1710 respicere
764 1613 880 1685 Matth.
897 1613 983 1683 xlx.
999 1612 1100 1684 filare.
1116 1613 1162 1698 ll,

55 1743 87 1798 et
114 1727 195 1800 Luc.
217 1727 341 1800 xlta
370 1726 504 1801 Christo
533 1727 635 1800 latam
665 1728 708 1800 de
739 1728 967 1824 monogamis,
983 1728 1035 1801 'ui
1067 1728 1164 1801 cuius

57 1867 238 1940 numquam
267 1841 319 1915 las
334 1858 389 1917 est
404 1841 499 1915 elteri
518 1842 643 1915 nubere
660 1843 696 1914 in
713 1843 800 1915 rivis
818 1843 929 1915 adhuc
953 1858 1072 1938 agente
1094 1842 1166 1915 sive

58 1957 176 2028 merito
193 1955 266 2029 sive
283 1982 397 2030 uxore.
419 1957 486 2030 Nec
502 1957 614 2031 obstat
630 1958 722 2055 quod
741 1957 920 2056 Apostolus
934 1957 1040 2031 solius
1052 1958 1167 2030 uxoris

58 2071 260 2144 mentionem
278 2070 409 2144 iniicist
424 2072 524 2170 qussi
542 2071 698 2143 nimirum
719 2072 791 2145 vire
809 2071 908 2144 licest
923 2071 1014 2171 qued
1032 2071 1163 2144 mulieri

60 2185 253 2282 prohibetur
273 2188 385 2281 (ldl).
408 2188 489 2259 Nem
515 2204 552 2259 ut
575 2186 683 2286 liquet
706 2174 746 2259 eir
773 2187 933 2261 orationis
961 2187 1049 2261 serie
1078 2187 1167 2286 Apo·

58 2300 161 2375 stolus
180 2301 216 2372 in
229 2282 352 2375 eadem
368 2303 548 2376 conditone
564 2320 635 2375 tum
652 2303 716 2375 viri
734 2318 803 2376 tum
829 2302 982 2376 mulieris
1009 2303 1062 2375 ius
1087 2327 1167 2376 con-

58 2415 175 2501 stituit,
196 2415 365 2514 siquidem
382 2432 545 2489 commate
570 2416 759 2514 insequenti
785 2417 958 2490 constituit
975 2441 1037 2490 nec
1058 2416 1168 2490 virum

61 2528 192 2603 fidelem
209 2528 333 2604 debere
348 2529 509 2603 dimittere
526 2530 696 2604 infidelem
708 2531 898 2616 mulierem
915 2556 977 2604 nec
994 2529 1167 2603 mulierem

60 2645 192 2719 fidelem
217 2643 379 2717 dictittere
402 2646 513 2718 virum
538 2646 724 2733 infidelem,
753 2647 784 2718 si
810 2671 890 2744 pers
921 2645 1068 2718 infidelis
1089 2670 1166 2718 con·

59 2761 202 2835 senserit
214 2759 354 2859 pacifice
368 2760 521 2834 hubitere
531 2786 608 2834 eum
622 2777 718 2860 parte
732 2760 836 2833 fideli.
848 2761 948 2833 Pares
967 2761 1080 2860 itaque
1092 2759 1169 2833 lecit

59 2876 240 2975 Apostolus
257 2876 365 2949 virum
376 2893 410 2950 et
421 2877 595 2951 mulierem
613 2879 724 2978 quosd
742 2878 997 2965 dimissionem3
1018 2879 1169 2977 adeoque

59 3018 156 3089 peres
169 2992 251 3066 lecit
261 2991 375 3090 quoad
392 2993 614 3067 conditionem
628 3020 672 3067 ne
683 2994 802 3067 iterum
815 2993 956 3082 nubent,
971 2994 1169 3068 dimissione

127 3264 196 3325 (tes)
211 3263 353 3314 ctsssttum
362 3265 537 3314 commeatts
548 3265 625 3328 Epist.
635 3265 667 3314 ad
676 3264 775 3314 remed
785 3264 900 3315 h.l.ttem
911 3262 1048 3314 demands
1058 3261 1166 3313 Ptccntn.

16 3399 21 3408 ,
130 3341 198 3403 (ret)
215 3343 292 3393 erent
305 3341 498 3405 Ambrostsster,
510 3346 603 3407 etpost
615 3343 695 3407 ipsum
709 3343 840 3394 camenus
856 3346 882 3393 ct
894 3342 1042 3394 catherinus
1058 3342 1169 3401 voluere,

59 3423 83 3470 tn
104 3435 157 3485 quo
175 3422 281 3486 turpiter
300 3423 363 3488 lapst
384 3427 454 3486 sunt;
475 3424 563 3473 trorum
581 3424 745 3487 expendemus
765 3423 924 3486 sententium,
946 3437 1003 3473 curn
1021 3423 1051 3473 de
1069 3423 1171 3475 indisse-

58 3501 182 3553 tenuare
200 3514 301 3565 egenum
314 3502 407 3553 vtneult
426 3503 570 3567 eentugstts.
586 3506 700 3555 ceterum
710 3502 736 3553 td
746 3502 785 3553 vet
797 3504 843 3567 tpst
854 3502 1004 3567 expositores
1013 3502 1173 3566 protestantes

57 3582 134 3634 tuo
143 3586 170 3633 et
179 3583 346 3635 rettsnsltstse
356 3584 478 3636 riderent.
491 3587 554 3636 Item
564 3585 590 3635 tu
600 3584 876 3647 mmmnropprnn
885 3584 948 3635 mv.
957 3583 1005 3633 tel.
1016 3585 1072 3635 retr
1081 3583 1170 3632 retv.

56 3664 121 3724 part.
131 3663 152 3713 1.
164 3663 297 3726 cuningus
310 3669 377 3713 tete.
389 3662 413 3712 in
423 3662 488 3713 hunc
499 3663 546 3713 loe.
555 3676 611 3713 curn
620 3662 706 3712 Grotte
716 3662 752 3713 stc
763 3661 873 3713 sdnetst.
881 3662 925 3711 «si
936 3661 1102 3713 teechristus
1117 3661 1171 3711 vtro

56 3740 134 3804 dixit,
145 3742 186 3791 eut
200 3746 297 3792 tantem
314 3742 376 3792 turts
392 3740 493 3792 dederat
507 3741 545 3793 les
566 3743 655 3804 Musis,
668 3744 761 3806 quente
774 3740 851 3805 magis
863 3738 928 3791 idern
940 3739 1042 3804 intelligi
1053 3738 1125 3790 debet
1140 3739 1171 3789 de

58 3821 231 3882 tucnrtns,cut
243 3823 281 3872 tex
294 3823 370 3872 steen
390 3822 451 3871 nihil
471 3822 519 3872 tale
535 3823 702 3872 concesserat?
721 3820 811 3870 Eadem
831 3834 888 3882 ergo
907 3820 1034 3871 tolerantis
1052 3832 1127 3881 quern
1145 3819 1171 3868 tu

56 3902 193 3952 exesum
203 3902 258 3965 rege
268 3901 343 3952 ttesis
358 3902 472 3954 christus
485 3903 546 3953 stris
556 3903 760 3966 praescripserst,
772 3902 852 3953 mutto
864 3901 951 3953 iusttus
960 3903 1012 3952 eret
1021 3899 1172 3950 reseranda

57 3981 183 4043 icastris,
197 3980 288 4045 quibus
306 3982 344 4032 tus
359 3981 480 4032 rmsrito
498 3981 638 4033 discedendi
655 3981 729 4032 dabat
745 3994 795 4030 nen
809 3981 849 4031 les
860 3981 949 4042 Musis,
960 3979 1005 4029 ssd
1018 3988 1133 4029 romanae
1145 3980 1171 4028 st

57 4073 142 4119 Μ
161 4061 240 4123 teges,
260 4060 359 4110 tlterurn
380 4061 526 4125 populorum
548 4062 649 4124 ingentis
667 4064 800 4124 sptateet»
