2796 5064
139 354 209 433 tle
285 383 347 435 nn.
359 381 408 434 rn.
424 382 512 434 secr.
530 381 662 436 rursm.
678 379 719 434 nr
735 341 850 436 'rsnrss
869 383 965 437 nm.
982 373 1122 437 emm·

139 504 206 577 nisi
220 519 286 577 tres
299 502 598 604 hypotheses'fieri
618 518 777 605 possunt,
799 503 890 603 quod
908 504 1066 578 nimirum
1083 495 1252 580 eiusmodi

139 618 344 692 abominatio
369 619 433 692 sita
459 619 522 707 sit,
551 634 608 692 aut
636 620 668 690 in
695 620 907 719 separatione
933 646 953 692 a
978 621 1088 720 primo
1112 621 1258 711 marito,

138 734 249 806 autin
267 734 480 832 separatione
499 761 519 806 a
541 734 704 821 seeundo,
722 751 780 807 aut
801 734 937 807 demum
955 737 989 806 in
1007 761 1047 809 eo
1065 735 1159 836 quod
1186 753 1264 837 post

140 849 387 949 separationem
414 876 433 921 a
461 850 568 949 primo
592 851 686 938 viro,
710 849 830 923 mulier
855 851 998 924 dimissa
1023 850 1066 923 ad
1093 852 1264 927 secundas

142 962 278 1061 nuptias
297 963 480 1038 transierit.
492 965 594 1037 Porro
607 990 648 1036 ex
666 963 721 1037 his
739 963 845 1039 tribus
864 965 1113 1065 hypothesibus
1135 966 1266 1067 priores

141 1079 230 1154 duae
252 1080 309 1153 uix
333 1097 478 1181 possunt
506 1081 631 1169 statui,
668 1082 835 1182 siquidem
862 1098 896 1155 ot
919 1083 1027 1183 primo
1051 1099 1087 1156 et
1112 1084 1266 1158 seeundo

140 1194 260 1267 marito
277 1195 388 1269 lloses
407 1210 604 1295 potestatam
626 1191 742 1269 leoerit
759 1196 976 1272 dimittendae
1000 1197 1138 1284 uxoris3
1162 1211 1266 1272 restat

43 1377 45 1381 .
140 1310 243 1408 igitur
267 1310 466 1411 hypothesis
492 1311 590 1385 tertia
611 1313 699 1408 (tl).

212 1427 451 1527 siquominus
477 1425 558 1501 huie
581 1427 783 1526 expositioni
810 1427 960 1500 animum
987 1425 1147 1503 adiiciam
1175 1451 1260 1502 non·

141 1539 233 1614 nulla
260 1558 340 1616 sunt
364 1568 451 1642 quae
479 1568 534 1615 me
564 1541 763 1643 impediunt.
793 1543 877 1614 Nam
899 1544 934 1613 l.
964 1542 998 1614 Si
1024 1543 1100 1643 ipso
1119 1538 1260 1631 fatente,

140 1657 251 1732 hloses
272 1658 442 1759 praecepit
462 1656 633 1732 adulteros
655 1674 761 1731 morte
781 1657 881 1760 pleeti
903 1659 1001 1755 (78),
1022 1684 1090 1732 non
1111 1659 1263 1756 intelligo

142 1772 312 1874 quomodo
331 1799 393 1874 per
405 1772 594 1873 foeditatem
618 1798 680 1846 seu
704 1798 774 1846 rem
798 1787 924 1874 turpem
937 1773 1126 1871 significari
1153 1773 1263 1874 possit

141 1889 363 1977 adulterium,
376 1915 445 1989 quo
458 1889 580 1964 delicto
597 1888 851 1989 permittebatur
875 1890 995 1963 marito
1017 1889 1100 1963 dare
1114 1888 1264 1962 libellum

98 2079 101 2085 ,
143 2004 291 2105 repudii.
320 2005 355 2076 2.
377 2006 450 2078 Non
467 2005 565 2079 uideo
583 2031 688 2105 quare
713 2004 743 2080 si
761 2003 927 2079 voluisset
944 2006 1053 2079 hloses
1081 2005 1266 2105 exprimere

143 2121 397 2196 fornicationem
424 2136 481 2194 aut
506 2120 726 2206 adulterium,
747 2148 814 2195 nnn
833 2120 972 2194 definita
988 2136 1150 2220 certaque
1176 2120 1265 2194 loeu-

143 2236 233 2308 tione
263 2259 347 2308 usus
377 2234 500 2322 luerit,
530 2235 591 2309 sed
618 2235 731 2334 potius
756 2234 924 2309 locutione
943 2261 1055 2333 vaga,
1076 2235 1207 2310 ineerta
1233 2249 1265 2308 et

144 2350 305 2448 ambigua
329 2376 417 2450 quae
448 2376 514 2423 non
535 2349 687 2424 minimis
713 2349 995 2424 haesitationibus
1020 2365 1052 2424 et
1077 2366 1265 2425 controver—

144 2465 209 2539 siis
234 2463 344 2538 locum
363 2461 538 2566 praeberet
559 2466 648 2561 (la).
667 2468 700 2536 3.
722 2467 755 2536 Si
782 2464 904 2538 dimitti
930 2489 1014 2540 uxor
1042 2481 1176 2566 poterat
1199 2482 1265 2539 tan·

146 2598 216 2656 tum
243 2581 286 2655 ob
312 2579 529 2669 adulterium,
551 2581 709 2680 'quisnam
727 2580 906 2654 dimissam
924 2581 1112 2653 adulteram
1130 2581 1167 2653 in
1185 2606 1262 2654 oon·

148 2697 277 2794 iugium
292 2695 357 2769 sihi
374 2695 531 2796 copulare
549 2721 651 2768 ausus
664 2694 780 2769 esset?
793 2696 835 2767 Et
848 2710 958 2769 tamen
975 2696 1085 2768 lloses
1104 2692 1265 2796 supponit

144 2838 219 2887 eam
237 2812 280 2885 ad
297 2811 465 2887 secundas
478 2809 613 2910 nuptias
632 2810 821 2898 transiisse,
839 2826 897 2882 aut
909 2808 1028 2884 saltam
1047 2810 1197 2885 transire
1210 2833 1267 2909 pn·

151 2930 270 3004 tuisse.
295 2931 327 3000 l.
344 2928 552 3028 Supponitur
564 2926 665 3000 etiam
684 2925 813 3000 ahlose
826 2952 998 2999 uxorema
1015 2924 1169 3000 secundo
1186 2950 1267 3027 quo·

149 3072 216 3145 que
235 3046 355 3130 marito
380 3044 522 3132 dimitti;
544 3045 611 3116 iam
634 3069 712 3118 vero
738 3042 767 3115 si
797 3042 898 3115 unica
922 3040 1134 3116 dimissionis
1162 3066 1264 3116 causa

146 3161 267 3235 luisset
285 3159 504 3248 adulterium,
520 3159 576 3232 vix
594 3157 756 3231 credibile
773 3173 840 3245 est,
857 3158 946 3230 idam
966 3158 1092 3230 crimen
1112 3157 1262 3233 secunde

146 3278 270 3378 pariter
289 3277 435 3350 divortio
462 3302 598 3349 causam
622 3273 839 3374 praebuisse,
860 3274 943 3373 quin
969 3273 1069 3347 luerit
1095 3274 1262 3372 punitum⁴

219 3393 396 3494 Reliquum
422 3393 616 3490 igiturest,
649 3405 686 3464 ut
710 3417 770 3491 per
799 3390 934 3464 hemath
958 3389 1063 3465 dabor
1086 3389 1267 3466 nuditatem

146 3511 199 3585 rei
213 3535 274 3583 seu
291 3534 360 3583 rom
374 3506 576 3610 podendum,
603 3525 661 3582 aut
678 3505 864 3606 foeditatem
880 3507 1064 3604 generatim
1082 3506 1266 3606 significari

220 3721 270 3782 (77)
287 3719 350 3769 lbid.

220 3800 271 3862 (ts)
287 3799 364 3851 terlt.
375 3801 429 3850 xx.
440 3805 478 3852 le.
494 3799 541 3851 ·st
553 3799 694 3851 moeolrelns
710 3796 766 3862 qnis
783 3797 857 3850 luorlt
876 3808 934 3847 enm
952 3807 1032 3847 uxore
1048 3793 1152 3846 elterlus
1163 3790 1268 3846 ettdsl·

145 3879 236 3931 terium
254 3880 431 3944 perpetraverit
449 3892 507 3930 enm
527 3881 631 3943 coningo
649 3878 755 3943 proximi
775 3877 827 3940 snt,
845 3879 930 3928 morte
951 3875 1130 3937 mortulaeel
1150 3873 1267 3926 runem!

146 3963 171 4013 et
180 3961 311 4024 adultera;
325 3980 338 4004 ι
350 3963 375 4011 et
396 3963 470 4012 Dent.
484 3962 561 4011 xxtl.
573 3966 612 4012 at.
625 3980 638 4005 ι
651 3961 678 4012 Sl
693 3954 822 4011 dormierit
840 3959 879 4008 rlr
897 3971 955 4008 oum
974 3969 1051 4009 uxore
1071 3955 1190 4019 allerlm,
1200 3957 1267 4008 stc·

145 4053 197 4106 que
212 4042 354 4101 moretur,
375 4037 402 4090 td
422 4041 460 4091 est
484 4039 582 4091 adulter
600 4041 625 4091 et
648 4038 774 4102 adultera,
787 4039 814 4091 et
832 4037 927 4089 auteres
942 4037 1035 4087 mntem
1050 4034 1082 4085 de
1096 4035 1202 4087 lsrael·

222 4120 274 4182 (79)
291 4119 452 4183 Exploratum
470 4121 552 4170 autem
579 4131 629 4169 non
647 4121 686 4169 est
709 4117 796 4183 viglntl
823 4130 913 4168 norem
934 4115 1029 4167 rlellrns
1049 4113 1142 4178 qulbus
1162 4109 1268 4166 marli

147 4201 174 4250 ln
190 4201 265 4252 llosis
286 4199 357 4250 libris
377 4199 483 4249 lorrnula
501 4199 616 4251 heruatt
632 4198 731 4261 dabor,
751 4198 836 4262 rlglnll
852 4197 941 4262 septies
953 4195 1098 4247 adhibeatur
1118 4193 1151 4246 ad
1166 4192 1267 4247 lomlet·

148 4281 241 4331 tionem
261 4279 467 4344 significandam
487 4292 559 4342 nem,
579 4280 608 4330 ut
628 4293 660 4331 ex
678 4277 788 4331 dlmndls
807 4278 924 4343 puetit,
951 4277 1025 4342 gratis
1045 4275 1072 4328 ld
1094 4277 1182 4328 tuetur
1206 4282 1265 4338 esre·

150 4361 205 4423 glus
224 4360 335 4412 emumll.
