2796 5064
135 222 205 298 aii
255 240 318 299 nn:
338 240 496 298 inserer.
516 238 711 295 inermum
725 240 843 296 mnne.
864 238 1104 294 nri-..cnm

204 362 296 437 ibin..
331 360 414 462 Gap.
445 360 587 434 cxiiii.
617 359 787 433 «Mulieri
821 384 888 433 nou
922 358 1003 434 licat
1031 357 1246 434 fornicantem

134 479 240 554 alium
264 477 456 576 acciperet
480 473 678 575 ubiapenn
702 473 827 547 denunt
850 472 979 547 verbu:
1007 472 1175 548 dimittere
1195 489 1243 562 et;

133 596 182 668 ita
205 608 243 666 ut
267 588 391 666 senens
415 590 547 687 integer
569 590 633 662 eit:
659 588 820 662 «Mulieri
847 614 928 663 vero
953 614 1020 663 non
1046 587 1132 664 licet
1155 588 1249 664 furni-

132 724 264 783 cantem
289 706 459 780 dimittere
481 703 643 778 etalinm
669 704 824 803 accipere
838 706 978 801 (258).»

206 822 288 922 Gap.
315 821 432 894 xcill.
458 818 631 894 «Maritus
656 820 687 893 si
717 819 872 917 seipsum
902 820 1039 893 'nervum
1072 819 1192 893 feeerit
1219 821 1252 891 in

134 939 241 1024 furto,
264 951 323 1009 aut
340 934 376 1008 in
393 934 639 1021 fornicatione,
666 932 788 1006 mulier
812 931 915 1005 habet
939 938 1146 1031 potestatem
1170 934 1252 1008 acci·

136 1078 216 1152 pem
231 1051 341 1126 virum
358 1053 454 1146 (259)
464 1080 496 1121 ‚u

96 1225 103 1233 ,
205 1166 315 1266 Atque
333 1166 416 1239 haec
433 1181 513 1239 eunt
528 1164 678 1264 capitula
689 1163 863 1238 Theodoro
875 1163 1068 1263 adscripta,
1082 1188 1165 1238 oum
1182 1164 1252 1264 qni·

133 1279 217 1368 bus,
246 1278 364 1354 saltem
381 1278 496 1379 quoad
513 1278 756 1366 substantiam,
778 1277 981 1352 conveniunt
997 1303 1090 1377 quae
1106 1278 1145 1351 in
1157 1278 1250 1353 Theo

134 1395 207 1470 dori
234 1395 467 1470 Puenitentieli
504 1394 688 1483 habentur,
720 1421 877 1495 quaeque
898 1393 1080 1494 potissime
1113 1394 1250 1468 adrem

135 1525 283 1585 nostram
315 1510 454 1584 iaciunt.
482 1509 657 1609 Siquidem
681 1508 751 1583 alia
774 1508 1002 1609 praetermisi,
1028 1535 1122 1609 quae
1145 1511 1252 1584 minue

136 1624 218 1699 huic
236 1626 428 1727 quaestioni
446 1643 646 1724 congruunt.
667 1626 751 1698 Item
771 1625 975 1700 conueniunt
990 1632 1070 1698 cum
1086 1625 1169 1700 aliie
1185 1650 1253 1727 poe

136 1740 369 1816 nitentialibun
394 1742 467 1816 sire
486 1741 656 1839 Gregorii,
681 1740 754 1815 sire
778 1739 1001 1838 Meneburgn
1023 1755 1065 1815 ut
1082 1767 1127 1815 ex
1144 1766 1250 1816 eornm

136 1855 315 1932 collatione
338 1856 525 1957 unicuique
548 1855 688 1957 patebit.

211 1972 256 2045 11.
282 1973 380 2045 Nunc
403 1972 473 2046 ium
497 1987 646 2072 praestat
667 1970 785 2046 critice
810 1971 981 2072 inquirere
994 1969 1091 2071 quid
1109 1971 1155 2047 de
1170 1973 1249 2046 eiur-

137 2085 230 2158 modi
254 2086 549 2185 poenitentialibus
569 2086 782 2162 sentiendum
800 2086 857 2160 nit.
879 2087 950 2160 lam
965 2111 1066 2175 rem,
1087 2086 1171 2162 licat
1184 2086 1252 2160 nni·

137 2200 261 2276 versim
286 2227 308 2274 a
333 2200 488 2301 pluribus
518 2202 665 2276 saeculis
695 2201 870 2275 tributum
888 2201 990 2275 fuerit
1017 2199 1249 2277 Poeniten'tiule

138 2315 328 2403 Theodoro,
349 2341 389 2390 ao
406 2315 472 2389 sub
489 2317 565 2390 eius
590 2317 727 2391 nomine
750 2317 879 2417 passim
903 2315 1086 2414 allegetur,
1115 2332 1248 2393 attamen

139 2445 265 2504 certum
290 2430 424 2505 ridetur
440 2431 655 2505 Theodorum
676 2457 861 2531 numquam
885 2431 1057 2504 eiusmodi
1082 2458 1173 2533 opus
1188 2456 1249 2506 exa·

141 2572 246 2622 rasse.
264 2549 347 2620 Num
366 2545 450 2620 nulli
465 2547 538 2621 sive
550 2548 663 2622 coaevi
683 2547 756 2622 sive
772 2572 936 2648 suppares
953 2547 1141 2648 scriptores
1158 2548 1250 2622 Theo

142 2818 197 2868 ruft
216 2817 308 2868 nubere
325 2830 381 2868 euru
392 2830 421 2868 eu
434 2830 466 2868 an
479 2817 627 2868 dimittere·
642 2816 735 2869 rteod.
746 2819 893 2869 Poenttent.
903 2820 936 2868 ff.
947 2825 972 2868 a.
983 2817 1007 2882 §.
1018 2825 1043 2869 ι.
1056 2819 1107 2871 «Si
1118 2820 1252 2871 outremer

141 2897 284 2959 fornicarii,
307 2897 365 2948 ficet
385 2897 508 2948 dimittere
527 2910 581 2947 eum
602 2898 628 2947 et
646 2897 721 2948 aliam
740 2897 869 2961 accipere,
894 2897 942 2947 fiuo
963 2899 1021 2961 eet,
1042 2899 1066 2949 af
1088 2899 1130 2948 vir
1145 2895 1251 2949 ornent

142 2990 243 3027 uxorem
257 2991 328 3028 snam
340 2981 438 3042 propter
449 2978 650 3038 fornicationem,
663 2979 685 3029 ei
696 2977 776 3041 prima
792 2977 877 3041 fuerit,
894 2977 990 3028 licitum
1006 2979 1059 3040 eet,
1071 2980 1102 3030 ut
1112 2980 1188 3029 aliam
1201 2975 1251 3028 aeri·

142 3058 194 3120 piat
212 3070 332 3120 uxorem,
350 3059 393 3108 iffa
413 3071 472 3108 vero
491 3058 512 3109 ef
533 3057 640 3108 voluerit
654 3058 778 3120 poenitere
795 3060 895 3122 peccata
912 3070 965 3120 ma,
982 3059 1081 3121 noetv.
1095 3072 1177 3110 annon
1189 3059 1253 3109 ufir!

143 3137 225 3186 virum
239 3137 368 3200 recipiet.»
378 3140 443 3188 cun.
457 3140 574 3200 (ireoorft
585 3150 608 3187 c.
616 3144 655 3188 cc.
665 3157 678 3182 ι
686 3138 710 3188 Si
725 3138 795 3187 cuiun
806 3151 871 3187 uror
881 3137 1000 3187 fornicata
1011 3137 1103 3188 fuerit:
1116 3136 1253 3189 iioetdim't·

141 3219 192 3265 tere
207 3229 262 3265 eam
273 3218 298 3265 et
308 3217 382 3267 aliam
400 3230 451 3267 nnn
468 3218 605 3279 accipere.»
618 3217 680 3278 (nbi
694 3217 872 3267 advertendum
884 3220 922 3268 eat
935 3217 1085 3281 perticulam
1099 3231 1172 3279 non,
1181 3218 1253 3269 <imm

143 3297 168 3343 in
177 3294 234 3344 eod.
248 3295 323 3344 Pnrfe
337 3298 486 3345 meaulx.
498 3296 515 3359 ).
524 3303 593 3346 eea
603 3296 647 3345 «Si
659 3296 697 3345 vir
709 3296 830 3346 dimiserit
840 3309 942 3346 uxorem
952 3299 1055 3360 proptor
1068 3296 1254 3356 fornicationem

143 3374 164 3424 ei
180 3374 260 3436 prima
275 3374 362 3436 fuerit,
379 3375 473 3425 finitum
489 3378 539 3438 ent,
551 3377 580 3425 ut
595 3376 668 3425 aliam
683 3376 789 3440 accipiat
804 3389 915 3438 urorum
931 3376 975 3426 iffa
986 3377 1080 3428 raoni
1092 3378 1201 3429 voluerit
1209 3387 1254 3442 pat·

143 3454 221 3504 nitere
229 3456 330 3518 peccatu
339 3467 398 3517 ena,
411 3457 467 3517 poet
476 3455 570 3518 quique
583 3469 660 3506 annos
674 3457 751 3506 afium
764 3456 846 3505 vfrnrn
859 3455 990 3520 accipiat.»

216 3534 281 3597 (ιιι)
298 3533 390 3585 Theou.
404 3537 547 3585 Poentfent.
560 3538 592 3584 fi.
606 3544 641 3585 in.
653 3535 676 3599 §.
688 3544 710 3586 o.
722 3556 734 3580 ι
742 3537 839 3588 ftfufieri
851 3550 899 3587 non
911 3536 968 3587 ficet
977 3536 1061 3588 virum
1073 3537 1200 3590 dimitmra
1208 3537 1254 3588 fiet

141 3615 175 3666 uit
193 3615 337 3677 fornicator,
350 3615 397 3664 nini
411 3614 475 3664 forte
488 3628 533 3677 pro
547 3618 704 3666 monasterio.
720 3617 825 3668 Baefiiun
836 3618 882 3668 hoc
896 3617 1035 3682 iudicarit(
1046 3620 1124 3671 finnii
1134 3619 1168 3671 oi
1177 3618 1253 3682 Amph

142 3709 165 3746 c.
178 3702 201 3745 a.
217 3696 299 3758 21.).»
312 3698 376 3745 cun.
392 3696 498 3758 (ἕτερον.
508 3701 594 3747 coi«
603 3697 699 3747 ffulieri
716 3711 766 3747 non
781 3699 820 3748 eet
837 3698 933 3750 licitum
945 3698 1025 3748 virum
1037 3711 1115 3751 tuum
1126 3699 1253 3756 dimittere.

143 3775 200 3826 ficet
219 3775 373 3837 fornicetur,
391 3774 438 3825 nisi
460 3775 523 3826 forte
543 3790 586 3839 per
608 3779 797 3840 monasterinm
810 3779 914 3828 Baaifine
931 3777 1079 3830 iudicarit.»

215 3855 281 3918 (259)
302 3855 395 3906 Theoti.
407 3858 553 3907 poenitent.
567 3870 589 3907 c.
602 3865 625 3906 ι,
642 3877 654 3900 «ι
662 3858 764 3908 Maritus
775 3858 796 3907 ei
810 3859 917 3921 eeipeum
929 3859 955 3908 in
967 3858 1036 3909 furto
1047 3862 1094 3912 aut
1104 3860 1254 3912 romerium

143 3948 241 3986 serrum
254 3934 322 3999 feeit,
335 3938 378 3986 aut
389 3949 546 4000 quocumque
556 3938 669 4001 peccato,
685 3937 775 3987 mulier
785 3937 806 3986 ai
818 3938 887 4000 prino
898 3950 947 3989 non
960 3936 1048 3989 habuit
1059 3938 1254 4006 coniugiumu-

144 4015 185 4065 net
205 4016 349 4079 uutoemfotn
366 4019 421 4080 pout
436 4029 528 4067 annum
545 4017 650 4067 aiterum
672 4019 782 4082 arripere
801 4018 898 4081 virum3
909 4016 1009 4082 digamo
1022 4021 1108 4072 autern
1122 4035 1172 4073 non
1183 4020 1253 4071 feet·

146 4096 211 4145 cua.
221 4097 325 4160 δωρον.
334 4110 357 4146 u.
367 4101 420 4147 ιιι.
433 4098 553 4148 ιιΜιιίιιιι
564 4097 585 4148 ei
597 4098 704 4162 seipsum
715 4098 740 4148 in
753 4098 819 4148 furtu
834 4100 876 4150 aut
888 4097 1049 4151 fornicatione
1057 4114 1160 4153 aarum
1169 4098 1252 4156 anei·

147 4173 237 4245 rnufier
249 4176 323 4226 habet
332 4177 477 4241 potetatem
493 4178 597 4228 alterurn
610 4178 720 4241 accipere
730 4178 837 4228 vinnm.-
