2796 5064
259 395 329 446 mr.
346 396 368 446 ι.
387 394 426 445 na
448 392 622 446 ιοιιιιιιιιι
641 395 848 445 ειιιιιιιιιιιι.
863 397 933 445 iar.
947 396 993 444 ιιι.
1128 372 1171 443 3Ἷ

134 511 367 587 Verumtamen
395 537 461 586 non
489 513 612 585 desunt
637 528 748 611 patres
774 513 851 598 alii,
884 514 941 613 qui
971 515 1173 585 contrarium

64 626 217 701 doceant.
229 628 361 701 Etenim
378 626 533 700 Clemens
550 627 636 699 alex.
656 653 722 699 non
741 627 840 700 modo
856 628 991 700 vetitam
1011 651 1077 698 non
1094 627 1176 699 dicit

63 743 290 843 polygamiam
315 770 336 815 a
362 745 450 828 Deo,
481 742 541 814 sed
567 768 606 815 eo
631 768 739 841 usque
764 734 995 842 progreditur,
1024 757 1061 813 ut
1086 741 1175 814 asdr-

63 876 129 930 met
139 860 249 931 Deum
264 857 355 930 illam
369 860 411 931 ad
427 859 698 957 propagationem
714 857 852 930 humani
866 856 998 955 generis
1017 859 1176 957 quodam-

61 973 160 1046 modo
185 972 340 1070 exegisse
365 973 538 1046 scribens:
559 1004 575 1042 u
590 974 680 1047 ldem
699 974 751 1045 vir
767 989 799 1046 et
815 975 978 1046 Dominus
995 989 1106 1047 vetera
1123 1000 1176 1046 re-

59 1112 190 1159 novans
202 1114 269 1158 ccc
285 1089 427 1186 amplius
445 1088 818 1188 ecomditpolygamiam
832 1089 887 1183 (in
904 1114 989 1161 novo
1003 1089 1170 1184 loedere).

59 1202 151 1275 'lunc
175 1202 269 1274 enim
294 1202 331 1274 id
355 1203 506 1300 exigebat
526 1204 630 1286 Deus,
652 1202 789 1300 quando
815 1203 990 1301 oportebat
1011 1204 1124 1302 augeri
1142 1220 1176 1277 et

59 1314 276 1414 multiplicari
293 1318 407 1410 (88).»
425 1316 550 1388 Eadem
568 1316 673 1388 lerme
690 1315 792 1388 habet
808 1342 837 1388 s.
852 1318 899 1388 lc.
913 1315 1174 1415 Chrysostomus

60 1456 132 1502 eum
158 1429 230 1502 ait:
250 1431 395 1530 «Neque
420 1432 605 1503 secundum
632 1446 773 1517 statum,
794 1432 852 1531 qui
873 1457 963 1503 nunc
982 1447 1052 1518 est,
1072 1457 1174 1530 opera

60 1571 145 1643 quae
172 1560 253 1618 tunc
279 1544 365 1618 lucta
396 1560 475 1619 sunt
504 1545 644 1618 iudices.
671 1547 763 1619 Tunc
788 1547 877 1619 enim
901 1547 982 1646 quia
1008 1547 1174 1646 principia

59 1675 171 1746 erant,
197 1661 392 1758 pumturum
409 1661 476 1760 suit
492 1686 567 1732 oum
591 1660 724 1733 duabus
747 1661 799 1734 rel
822 1661 929 1734 tribus
947 1661 999 1734 vel
1019 1661 1173 1760 pluribus

60 1773 220 1848 muribus
238 1775 393 1861 misceri,
414 1790 451 1848 ut
469 1775 651 1848 humanum
677 1802 784 1872 genus
810 1792 1062 1875 propagaretur.
1079 1778 1174 1850 Nune

60 1914 133 1962 reru
163 1889 247 1988 quia
272 1916 333 1989 per
356 1890 417 1962 Dei
443 1891 585 1988 gratiam
610 1891 795 1963 humanum
822 1917 927 1988 genus
945 1891 1042 1964 valde
1060 1890 1174 1964 multi-

62 2003 218 2103 plicatum
246 2025 317 2093 est,
345 2006 451 2079 virtus
477 2033 612 2106 quoque
638 2008 879 2080 incrementum
905 2008 1035 2106 aceepit
1056 2008 1169 2102 (89).»

61 2119 123 2192 Nec
147 2118 260 2193 obstat
283 2119 376 2219 quod
403 2120 471 2195 lere
495 2121 688 2194 immediate
713 2122 964 2195 subdit.«Ecce
981 2121 1071 2194 enim
1088 2147 1173 2220 quo-

61 2235 147 2306 niam
163 2235 257 2308 mola
274 2250 344 2307 erut
359 2235 445 2308 haec
469 2237 693 2321 consuetudo,
714 2237 852 2335 explosa
871 2254 941 2324 est,
962 2253 996 2310 et
1011 2262 1077 2311 non
1097 2236 1173 2310 licet

58 2345 113 2418 ulli
130 2373 208 2421 eum
231 2364 423 2448 praetexere
433 2377 467 2435 ς»
483 2375 561 2421 nam
576 2376 640 2422 non
653 2374 693 2423 eo
706 2375 809 2422 sensu
825 2351 948 2422 molum
964 2349 1063 2437 dicit,
1081 2349 1172 2449 quud

59 2462 167 2561 reipsa
193 2461 374 2561 culpabilis
401 2478 510 2549 esset,
539 2463 661 2537 sedat
688 2480 779 2563 patet
802 2491 842 2537 ex
867 2465 1028 2538 orationis
1055 2465 1167 2550 serie,

59 2594 247 2677 eomparate
273 2577 316 2650 ad
342 2579 612 2675 monogamiam,
642 2605 729 2678 quae
755 2579 845 2652 illam
871 2579 1063 2679 praecellit;
1085 2578 1172 2652 alio·

56 2694 137 2790 quin
156 2693 275 2767 dicere
300 2720 366 2768 non
393 2696 556 2795 potuisset
582 2695 806 2794 polygamiam
833 2695 940 2770 inisse
960 2697 1165 2793 permissam.

124 2810 235 2881 lmmo
259 2835 338 2883 vero
362 2809 415 2882 rel
442 2810 516 2908 ipse
534 2837 563 2883 s.
581 2811 827 2910 Hieronymus,
848 2811 906 2909 qui
928 2836 987 2908 pro
1005 2810 1170 2882 contraria
1210 2870 1214 2876 .

56 2922 234 2996 adducitur
251 2923 432 3009 sententia,
454 2939 492 2994 ut
509 2922 669 3008 vidimus,
690 2949 756 2995 non
775 2923 944 3021 discrepet
961 2922 1041 2994 alibi
1060 2922 1169 2995 sivea

55 3035 225 3110 Clemente
241 3037 344 3125 alen,
362 3038 434 3111 sive
450 3065 471 3110 a
489 3064 518 3111 s.
538 3038 583 3110 lo.
605 3038 866 3138 Chrysostomo;
890 3036 1057 3136 siquidem
1076 3035 1169 3110 nullo

55 3151 252 3250 interposito
277 3152 571 3251 discriminelante
596 3169 654 3225 aut
680 3168 755 3252 post
779 3153 961 3238 diluvium,
982 3152 1166 3225 universim

55 3267 273 3364 pronunciat:
295 3267 366 3338 ‹rEt
390 3268 420 3339 si
448 3284 524 3366 post
549 3267 738 3354 diluvium,
766 3284 800 3341 et
824 3285 901 3341 ante
925 3267 1089 3341 diluvium
1114 3269 1167 3339 ci-

55 3383 121 3474 put't
137 3383 205 3451 icto
222 3382 397 3452 sententia:
417 3385 547 3453 crescite
568 3397 598 3453 ct
618 3383 904 3480 multiplicemini,
926 3398 957 3453 et
973 3383 1090 3480 replete
1105 3398 1168 3453 ter·

55 3520 136 3577 rum,
160 3494 246 3593 quid
267 3495 310 3567 ad
333 3521 416 3583 nos,
437 3496 472 3567 in
495 3522 581 3596 quos
607 3497 692 3569 fines
718 3497 906 3572 seculorum
926 3497 1161 3582 decurrerunt,

57 3610 176 3707 quibus
203 3610 348 3683 dicitur:
378 3626 500 3710 tempus
528 3613 617 3684 breve
642 3628 710 3684 est.-
730 3628 778 3685 et:
805 3615 872 3684 ium
895 3615 1017 3684 securis
1042 3612 1087 3683 ad
1109 3637 1166 3683 ru-

58 3723 154 3796 diccm
174 3726 329 3798 orborum
345 3727 457 3824 positu
470 3742 534 3810 est,
552 3752 639 3827 qnae
658 3727 776 3800 silvam
799 3726 903 3825 legis,
923 3744 956 3800 et
973 3728 1164 3825 nuptiarum

58 3838 244 3935 evangelica
261 3840 414 3913 castitate
432 3840 585 3913 succidat
596 3841 711 3936 (llllfin
721 3840 870 3940 Cumque
884 3840 926 3913 ad
940 3841 1163 3915 cohonestan-

59 3951 125 4025 dam
145 3954 373 4054 polygamiam
391 3983 411 4027 a
430 3954 599 4028 nonnullis
618 3956 691 4028 cius
709 3969 815 4028 aetate
833 3955 1033 4028 obiiceretur
1052 3980 1162 4026 erem·

119 4175 170 4237 (ts)
187 4175 242 4225 Lib.
256 4177 303 4225 ΙΙΙ.
313 4178 439 4225 stromat.
453 4189 507 4239 pag.
520 4181 574 4226 tut.
584 4176 624 4226 ed.
637 4176 714 4226 Paris.
729 4181 795 4226 tull.

119 4254 170 4313 (tt)
186 4255 260 4303 Hom.
274 4255 336 4302 tvl.
349 4253 374 4302 in
388 4257 475 4304 Genea.
486 4269 510 4303 ιι.
525 4261 547 4304 t.
559 4255 598 4304 od.
610 4257 689 4304 Maur.
708 4258 766 4304 tom.
778 4258 821 4303 Ν.
834 4268 888 4318 pag.
900 4259 953 4306 542.

121 4333 170 4393 (uo)
187 4333 265 4395 epist.
275 4335 385 4383 cxxttl.
396 4334 432 4384 att
442 4334 629 4397 Aceructtum,
644 4347 668 4383 n.
683 4342 720 4385 tt.
732 4335 780 4384 cot.
791 4341 846 4385 utu.
