2842 5056
226 348 298 424 stt
365 373 427 425 ux.
444 373 492 424 ιιι.
509 371 595 423 esox.
614 371 744 423 ιιιιιιιι.
761 369 801 421 ιιι
819 369 931 422 rnorss
953 367 1049 423 mxx.
1066 369 1191 423 cuxtsx.

300 494 337 564 ln
355 503 437 591 cap
450 490 549 562 xvlt.
575 490 702 562 insistit
727 487 914 562 Alexander
935 489 970 561 in
987 488 1140 563 doctrina
1156 515 1233 590 cap.
1256 481 1338 562 lllll.

227 608 349 682 tradita
373 606 417 680 ob
442 605 615 704 paritatem
642 629 743 678 casus
769 602 833 676 sibi
862 605 1043 703 propositi,
1072 603 1248 679 scribens:
1282 607 1342 678 «Si

225 724 285 824 qui
303 721 355 795 ιιι
371 735 403 793 et
420 718 541 791 mulier
559 719 630 818 pari
644 744 812 792 consensu
830 720 1055 793 contraxerint
1076 720 1341 807 matrimonium,

226 854 262 913 et
283 839 336 911 ιιι
359 863 398 910 ea
423 834 614 931 incognita,
637 835 737 907 aliam
756 834 888 907 duxerit
905 836 940 907 in
957 860 1110 922 uxorem,
1140 853 1175 909 ot
1198 863 1276 910 eam
1293 863 1347 911 oo-

223 952 396 1052 gnoverit:
425 952 594 1048 cogendus
616 967 668 1023 est
684 949 867 1023 secundam
885 950 1070 1039 dimittere,
1090 951 1184 1024 etad
1202 952 1346 1052 primam

225 1068 347 1141 redire.
376 1067 465 1154 Quia
491 1066 646 1166 quamvis
669 1066 790 1140 exindo
807 1066 852 1139 sit
873 1065 1008 1140 diversa
1028 1067 1255 1168 quorumdam
1274 1093 1347 1140 seu·

226 1183 348 1270 tentia,
369 1201 401 1256 et
427 1209 492 1257 non
515 1182 632 1256 eadem
659 1181 867 1255 consuetudo
891 1181 1074 1269 ecclesiae;
1103 1182 1209 1262 tutius
1237 1199 1346 1257 tamen

226 1299 376 1387 videtur,
398 1314 435 1372 ut
459 1298 602 1396 primam
627 1297 716 1370 hanc
741 1323 843 1398 quam
862 1299 1063 1384 secundam,
1091 1325 1169 1371 cum
1193 1326 1214 1371 a
1238 1299 1347 1397 prima

228 1415 355 1489 iudicio
380 1413 543 1488 ecclesiae
569 1412 718 1512 separari
746 1439 811 1487 non
838 1414 977 1501 debeat,
1008 1431 1187 1513 postquam
1204 1440 1282 1487 cum
1309 1440 1348 1499 ea

226 1557 269 1603 ex
295 1531 367 1631 pari
397 1546 474 1603 roto
504 1545 537 1602 et
566 1554 734 1602 consensu
766 1521 1016 1603 matrimonium
1051 1529 1227 1602 contrait.
1262 1530 1349 1602 Sane

226 1672 432 1747 quamquam
458 1644 590 1719 mulieri
616 1645 841 1745 desponsatae
864 1661 898 1718 et
922 1671 942 1718 a
966 1646 1039 1718 uiro
1068 1671 1135 1718 oon
1166 1557 1344 1742 deguitae,

225 1759 325 1834 liceat
341 1760 383 1833 ad
407 1748 606 1858 religionem*
621 1760 781 1848 transire,
802 1759 903 1833 aliem
922 1777 1033 1834 tamen
1060 1785 1126 1832 non
1154 1776 1268 1859 potest
1289 1758 1348 1832 du·

226 1902 301 1950 cere
326 1879 360 1947 in
386 1901 572 1949 uxorem.»
601 1877 716 1976 Neque
742 1876 806 1950 hoc
831 1875 865 1948 in
892 1875 1004 1974 capite
1028 1900 1139 1949 sermo
1156 1891 1210 1948 est
1227 1875 1272 1948 do
1287 1902 1347 1975 po

230 2007 349 2066 testate
370 1991 473 2064 dandi
494 1991 546 2065 vel
566 2018 631 2065 non
656 1992 760 2065 dandi
787 1978 1087 2090 dispensationem.
1202 1982 1205 1987 ⁵

300 2109 337 2178 ln
357 2108 467 2207 capite
484 2133 562 2181 vero
584 2108 701 2180 XVlll.
723 2107 807 2182 haec
827 2106 1005 2205 leguntur:
1030 2107 1167 2205 «Super
1186 2132 1228 2179 eo
1246 2106 1347 2205 siqui·

224 2220 304 2293 dem
329 2221 507 2295 undenos
533 2222 703 2296 consuluit
727 2222 862 2295 dilectio
884 2237 957 2309 tua,
986 2221 1069 2322 quid
1094 2220 1256 2295 videlicet
1279 2248 1347 2296 ser-

225 2334 372 2407 vandum
392 2336 457 2422 sit,
479 2351 513 2408 et
532 2336 743 2410 retinendum
769 2337 812 2411 de
837 2336 992 2424 muliere,
1013 2362 1101 2435 quae
1123 2361 1201 2409 cum
1229 2336 1274 2409 sit
1289 2336 1345 2408 uni

225 2439 298 2523 uiro
322 2449 543 2549 desponsata,
573 2451 616 2524 ab
641 2449 708 2525 alio
734 2467 850 2552 postea
875 2452 1099 2552 desponsatur
1122 2466 1156 2524 et
1177 2451 1347 2548 cognosci

227 2583 300 2637 tur:
319 2563 538 2638 sollicitudini
558 2584 634 2639 tuae
652 2566 761 2639 taliter
779 2566 1038 2665 respondemuS,
1059 2565 1151 2666 quod
1170 2564 1250 2637 licet
1266 2592 1347 2665 qua-

225 2682 378 2754 rumdam
409 2681 625 2755 ecclesiaxum
652 2683 860 2755 consuetudo
886 2681 1025 2768 habeat,
1050 2699 1087 2752 ut
1104 2707 1180 2753 cum
1199 2679 1346 2753 secundo

225 2796 297 2868 viro
322 2796 441 2870 debeat
463 2825 655 2886 remanere;
677 2798 929 2871 convenientius
952 2814 1062 2869 tamen
1089 2795 1244 2880 videtur,
1265 2812 1301 2866 ut
1317 2796 1345 2866 si

223 2915 333 2986 viret
358 2907 478 2987 mulier
502 2915 546 2987 ad
573 2932 713 2989 aetatem
740 2917 898 3014 coniugio
928 2933 1040 3015 aptam
1071 2914 1287 2998 devenerint,
1316 2929 1347 2984 et

224 3029 311 3102 inlra
325 3029 447 3101 mulier
459 3030 665 3128 desponsata
681 3032 797 3118 luerit,
816 3032 907 3131 quod
920 3031 972 3103 vir
985 3029 1159 3103 mulierem
1180 3030 1215 3100 in
1231 3054 1340 3110 suam,

224 3161 258 3216 et
283 3143 404 3217 mulier
432 3145 540 3218 virum
574 3145 608 3216 in
639 3173 737 3217 suum
768 3147 924 3244 recipiat;
954 3145 1031 3218 licet
1064 3159 1181 3244 postea
1209 3144 1252 3218 ab
1278 3141 1344 3215 alio

224 3257 446 3356 desponsetur
472 3274 504 3331 et
529 3275 766 3355 cognoscatur,
795 3259 895 3331 debet
914 3259 1021 3358 primo
1047 3257 1176 3330 restitui
1198 3259 1340 3352 (133).n

225 3374 340 3471 Neque
367 3374 400 3443 in
426 3374 489 3446 hoo
516 3375 676 3473 rescripto
704 3374 881 3475 quidpiam
905 3374 1047 3447 habetur
1073 3372 1164 3474 quod
1197 3387 1345 3447 nostram

224 3488 367 3584 attingat
392 3490 637 3587 quaestionem.

298 3603 378 3674 ltem
405 3602 438 3673 in
466 3604 575 3700 capite
595 3606 697 3676 xxll.
720 3606 803 3678 haec
821 3607 1002 3678 constituta
1024 3606 1066 3678 ab
1092 3605 1186 3678 illex.
1211 3605 1272 3676 lll.
1293 3631 1347 3677 oc-

223 3733 378 3791 currunt:
411 3749 427 3785 «
438 3717 546 3816 Super
562 3746 602 3792 eo
619 3721 710 3819 quod
736 3748 776 3794 ex
803 3720 924 3793 litteris
944 3721 1013 3794 tuis
1032 3719 1281 3806 intelleximus,
1301 3719 1347 3793 vi-

225 3859 298 3904 rum
323 3832 504 3931 quemdam
530 3850 563 3906 et
580 3835 752 3907 mulierem
770 3835 812 3908 de
837 3834 994 3908 mandato
1013 3835 1141 3909 domini
1167 3836 1347 3934 utriusque

223 3973 367 4020 assensu
391 3976 430 4021 se
455 3947 597 4022 invicem
623 3950 808 4050 recepisse,
830 3949 922 4024 nullo
948 3949 1119 4024 sacerdote
1145 3965 1342 4051 praesente,

226 4089 286 4134 nec
311 4063 462 4136 adhibita
495 4065 722 4152 solemnitate,
756 4094 858 4166 quam
884 4066 968 4139 solet
996 4065 1174 4164 anglicana
1203 4065 1348 4140 ecelesia

221 4176 403 4264 adhibere,
438 4194 470 4251 et
497 4180 829 4280 alium'praedictam
857 4181 1028 4256 mulierem
1061 4197 1139 4256 aute
1175 4183 1346 4255 carnalem

298 4333 362 4390 (tta)
377 4333 440 4381 dcto
455 4332 549 4382 conctl.
562 4333 636 4383 ttard
650 4332 696 4383 loc.
711 4334 753 4383 ott.
767 4334 814 4383 col.
833 4337 901 4385 1725.
