2796 5064
172 360 352 412 crasans
371 359 449 410 nrss.
462 351 557 410 uara.
571 360 654 424 ιιιι,
670 359 910 413 uon-consuas.
926 362 997 414 ιιι.
1010 364 1059 416 ιιι.
1123 345 1191 416 lta

71 478 122 553 les
142 477 178 551 in
195 477 281 552 actis
301 478 377 552 suis
401 492 435 552 et
459 477 494 549 in
520 477 648 578 praxim
673 476 862 553 deducendi
888 479 953 555 hoo
977 481 1192 582 privilegium

72 593 110 666 in
136 592 276 667 casibus
302 591 584 692 particularibus,
602 608 639 666 ut
659 595 773 668 omnia
797 592 951 669 ordinata
976 595 1111 686 fierent,
1136 624 1193 674 eo·

69 708 176 784 clesia
200 734 261 809 pro
284 707 429 781 diversis
455 733 566 781 rerum
584 733 624 781 ac
646 723 833 808 temporum
860 709 1029 785 adiunctis
1052 712 1099 786 ita
1121 739 1191 788 rem

69 824 287 924 temperavit,
309 839 347 896 ut
363 850 403 897 ex
420 850 488 897 una
514 839 608 924 parte
632 823 697 898 hoc
721 825 935 925 privilegium
957 827 1124 902 obtineret
1144 830 1193 904 ef-¹

68 939 224 1027 lectum,
239 967 280 1014 er
300 939 404 1013 altera
427 965 507 1013 vero
532 955 743 1041 praecaveret
770 941 920 1029 abusus,
948 943 1007 1043 qui
1033 969 1074 1018 ex
1099 961 1192 1045 parte

68 1057 277 1157 privatorum
302 1056 443 1153 gliscere
463 1082 504 1129 ac
527 1055 687 1158 obrepere
711 1071 874 1156 poterant.
891 1057 988 1131 lunta
1012 1059 1078 1133 boc
1102 1061 1192 1161 prin·

65 1173 198 1272 cipium
224 1169 369 1245 ecclesia
393 1170 586 1259 constituit,
606 1187 645 1244 ut
661 1171 805 1245 diversis
824 1172 1031 1273 temporibus
1055 1172 1192 1252 diversa

64 1288 236 1362 obtineret
259 1286 456 1386 disciplina.

140 1405 225 1478 Nam
250 1403 397 1504 primum
421 1402 575 1504 probavit
599 1401 859 1477 dissolutionem
881 1403 1031 1502 coniugii
1048 1407 1113 1480 rati
1131 1430 1189 1507 per

63 1518 177 1594 solum
202 1518 393 1594 discessum
417 1518 612 1593 alterutrius
639 1518 887 1607 contrahentis,
908 1520 968 1621 qui
991 1547 1067 1595 sesa
1087 1521 1190 1596 vellet

63 1651 230 1736 perpetua
254 1634 480 1722 continentia,
502 1650 604 1735 atqua
625 1634 840 1709 abdicatione
865 1634 1059 1710 omnimoda
1081 1635 1189 1711 bono·

63 1777 141 1825 rum
167 1751 420 1852 temporalium,
447 1776 488 1826 ac
513 1749 735 1851 dependentia
761 1778 782 1824 a
805 1750 965 1849 legitimis
993 1751 1187 1852 pastoribus

62 1867 246 1967 perfectius
258 1869 319 1941 Dei
338 1867 511 1941 famulatui
530 1868 734 1966 mancipare.
746 1867 892 1941 Difficile
910 1893 993 1941 sano
1008 1883 1062 1941 est
1078 1884 1188 1944 osten·

63 1983 277 2084 dere,*qnod
293 1999 422 2057 veteres
439 1983 548 2058 sancti
567 1982 708 2057 solemni
727 1984 843 2084 aliquo
860 1998 938 2058 voto
951 2010 990 2058 se
1002 1984 1188 2059 obstrinxe-

61 2099 151 2186 rint;
173 2099 352 2173 coniicitur
375 2098 515 2200 quidem
540 2125 580 2172 ac
605 2099 830 2199 praesumitur
847 2098 883 2172 id
899 2125 959 2174 eos
977 2098 1117 2186 secisse,
1133 2114 1187 2174 ast

60 2240 131 2289 non
155 2214 338 2314 probatur,
364 2241 441 2288 cum
467 2213 626 2288 deficiant
643 2213 708 2288 hac
724 2213 767 2288 de
784 2242 821 2289 re
837 2214 1050 2291 documenta.
1067 2217 1187 2290 Postea

57 2356 161 2418 uero,
176 2354 254 2403 cum
272 2329 439 2404 introduci
457 2330 628 2428 coeperint
644 2329 833 2404 monastica
850 2330 1020 2419 instituta,
1041 2330 1186 2405 ecclesia

57 2445 174 2544 exegit
196 2443 242 2519 ab
265 2445 309 2519 iis
334 2445 393 2545 qui
416 2444 629 2518 matrimonio
647 2460 777 2519 tantum
795 2464 866 2519 rato
883 2447 1053 2520 coniuncti
1071 2461 1181 2534 erant,

58 2577 99 2632 ut
124 2559 156 2633 si
181 2557 305 2633 uellent
331 2558 396 2633 hoc
422 2558 570 2645 solvere,
591 2559 815 2632 monasticum
840 2559 1030 2633 institutum
1055 2560 1184 2660 proles-

57 2675 161 2748 siona
177 2674 336 2774 religiosa
353 2674 649 2775 amplecterentur,
666 2701 755 2775 quae
771 2689 882 2747 tamen
901 2673 1088 2747 monastica
1106 2699 1184 2772 pro-

58 2790 187 2877 fessio,
208 2791 257 2864 uti
276 2791 343 2865 iam
361 2790 529 2877 diximus,
550 2790 685 2865 nonnisi
702 2793 780 2863 vota
797 2788 968 2889 simplicia
983 2789 1184 2888 complecte-

56 2904 173 2978 batur.
201 2906 384 3004 Progressu
407 2922 531 2980 autem·
545 2905 705 3005 temporis
730 2904 848 2978 eadem
875 2903 1018 2978 ecclesia
1047 2901 1184 2976 demum

55 3020 237 3094 constituit
261 3020 305 3094 ad
331 3018 580 3120 praecavendos
609 3019 756 3108 abusus,
785 3035 822 3093 ut
850 3019 976 3093 Christi
1007 3019 1120 3092 lavore
1145 3019 1181 3091 in

58 3133 287 3208 dissolutione
312 3135 477 3209 eiusmodi
499 3135 731 3231 coniugiorum
750 3133 886 3208 nonnisi
906 3132 957 3205 illi
980 3134 1179 3222 fruerentur,

56 3249 121 3348 qui
143 3248 179 3320 in
199 3249 313 3349 aliqua
339 3248 500 3348 religione
525 3249 710 3350 approbata
733 3265 810 3324 vota
834 3247 1028 3322 solemniter
1052 3273 1182 3321 nuncu·

56 3378 190 3466 parent.
211 3365 306 3437 Hanc
324 3390 403 3438 vero
425 3362 736 3437 determinationem
758 3362 939 3436 concilium
961 3361 1181 3436 tridentinum

55 3478 205 3553 sancivit
217 3505 345 3553 canone
355 3505 429 3566 suo;
441 3477 658 3576 etGregorius
667 3478 758 3550 Xlll.
769 3476 953 3551 declaravit
963 3476 1055 3551 hunc
1068 3477 1185 3576 ipsum,

53 3593 214 3667 ellectum
240 3619 357 3694 parere
380 3609 457 3668 vota
482 3592 650 3694 simplicia
674 3620 694 3667 a
720 3590 932 3666 scholasticis
958 3593 992 3664 in
1023 3591 1182 3664 societate

55 3708 137 3781 lesu
161 3707 309 3782 amissa:
338 3721 440 3807 atque
465 3707 528 3781 hoc
555 3722 651 3808 pacto
685 3705 785 3779 etiam
813 3733 873 3805 per
895 3721 1009 3781 votum
1035 3700 1181 3802 simplet

54 3822 172 3922 reipsa
197 3838 307 3922 potest
331 3822 525 3918 coniugium
553 3841 661 3896 ratum
690 3820 844 3895 dissolui.

132 3938 204 4014 Hac
225 3940 354 4014 ratione
371 3939 484 4013 omnia
501 3957 747 4040 componuntur
764 3965 852 4039 quae
870 3937 912 4010 de
929 3935 1178 4037 antiquioribus

54 4053 210 4142 sanctis,
230 4054 275 4128 de
290 4072 366 4130 voto
384 4054 552 4156 simplici,
573 4054 615 4128 de
632 4055 774 4128 solemni
793 4053 1001 4156 professione
1020 4051 1178 4149 religiosa

53 4170 230 4243 dicuntur.
261 4171 356 4243 Nunc
382 4171 503 4244 iterum
532 4169 566 4241 in
592 4184 737 4245 mentem
763 4194 881 4243 revoco
906 4169 941 4240 in
967 4166 1183 4272 professione

53 4282 218 4381 religiosa
231 4284 469 4360 secernendum
484 4310 561 4363 esse
574 4284 621 4359 rei
635 4285 852 4359 substantiam
861 4281 1055 4359 acmodum:
1064 4279 1178 4381 quoad

1084 4397 1104 4440 2*
