2796 5064
661 226 669 263 Ι

143 363 211 432 lll
287 385 348 433 trs.
362 385 409 434 111.
427 385 512 433 seer.
530 385 659 434 naresi.
682 384 720 433 un
739 385 850 435 iunrss.
874 386 967 435 uara.
991 385 1114 438 eausa.

143 520 209 575 tam
236 502 338 574 relate
363 502 405 573 ad
429 502 758 576 indissolubilitatem
781 502 980 601 perfectam,
1002 530 1105 603 quam
1132 507 1176 579 ad
1194 509 1243 580 im·

143 617 340 715 perlectam
369 642 455 714 quae
480 616 617 714 quidem
644 616 859 716 quaestiones
886 644 952 690 non
977 617 1062 692 levis
1089 637 1243 696 suntme

141 732 327 804 mentitum
345 730 388 804 eb
406 747 600 805 novatorum
619 732 852 830 potissimum,
869 758 955 832 quos
969 759 1139 807 sacrorum
1156 762 1242 809 enen

142 846 269 918 dotores
292 862 435 930 vocant,
466 845 608 945 placita,
629 861 699 919 tum
724 846 767 919 ob
791 872 986 944 graecorum
1012 847 1201 922 doctrinam
1223 876 1243 923 e

142 963 286 1060 praxin3
317 977 385 1034 tum
411 967 511 1032 etiarn
538 960 581 1034 ob
606 959 696 1057 leges
723 961 887 1060 quasdam
906 961 1023 1035 civiles
1043 963 1200 1061 pluribus
1221 964 1243 1037 ir

141 1076 334 1172 regionibus
352 1076 563 1174 diversisque
585 1076 791 1175 temporibus
818 1077 881 1148 hac
907 1076 949 1149 de
975 1104 1011 1150 re
1035 1079 1243 1153 constitutas,

142 1209 210 1277 turn
235 1191 382 1290 deniqne
406 1190 449 1264 ob
476 1190 720 1264 incredulorum
748 1190 993 1290 impiorumque
1010 1192 1188 1267 hominum
1204 1220 1243 1268 eo

141 1308 296 1393 nemina,
325 1306 383 1405 qui
409 1332 477 1378 una
493 1333 568 1378 cum
587 1331 654 1378 non
677 1306 794 1404 paucis
817 1306 888 1378 sive
906 1307 1161 1394 communistis,
1185 1309 1243 1381 siu

138 1423 239 1496 etiam
256 1421 438 1517 theologis,
458 1421 578 1495 saltem
597 1421 863 1507 nominetenus,
883 1421 1060 1496 catholicis
1085 1423 1243 1497 adversm

139 1538 301 1612 ecclesiae
323 1537 509 1610 doctrinam
534 1535 741 1609 indentidem
767 1535 1030 1610 insurrexerunt.

211 1654 360 1725 Primum
385 1653 499 1750 itaque
524 1651 567 1724 de
592 1650 889 1725 indissolubilitatc
912 1677 1052 1748 agemus
1078 1656 1242 1732 christian

141 1768 343 1843 matrimonii
368 1767 436 1840 iam
470 1766 716 1852 eonsummati;
746 1766 869 1840 deinde
894 1766 937 1842 de
961 1767 1157 1868 imperfecta
1182 1773 1243 1848 dig.

140 1885 306 1959 solutione
325 1883 491 1980 coniugii,
508 1909 569 1956 seu
583 1883 694 1983 potius
708 1883 751 1956 de
764 1883 943 1981 coniugum
962 1883 1131 1961 divisione
1143 1915 1243 1988 quoae

140 2017 248 2073 torum
273 2015 307 2072 et
330 1997 569 2071 habitationem
588 1997 812 2085 disseremus3
837 1997 983 2097 denique
999 2001 1243 2079 matrimonium

141 2130 249 2187 ratum
274 2130 307 2186 ct
327 2113 476 2186 nondum
503 2130 769 2187 consummatum
797 2112 881 2188 solui
914 2115 1120 2216 quandoque
1153 2145 1243 2218 pesa<

139 2229 368 2303 ostendemus.
1241 2292 1243 2299 .

214 2347 316 2418 Porro
342 2343 622 2419 indissolubilitas
646 2344 793 2441 coniugii
825 2346 967 2445 spectari
994 2363 1122 2444 potest,
1149 2366 1187 2422 ut
1207 2349 1243 2421 in

140 2461 300 2546 unimus,
321 2459 449 2532 ratione
466 2460 583 2532 habita
600 2460 672 2532 sive
688 2458 773 2557 legis
796 2477 953 2545 naturae,
975 2462 1047 2535 sive
1068 2461 1155 2560 legis
1173 2465 1243 2538 seri·

140 2594 236 2675 ptae,
265 2575 337 2648 sive
361 2575 446 2672 legis
470 2575 696 2672 evangelicae.

212 2695 297 2765 Num
311 2692 489 2766 diuortium
501 2691 612 2790 quoad
630 2690 818 2777 vinculum,
840 2717 899 2764 seu
917 2691 1165 2768 dissolubilitas
1184 2722 1243 2796 per-

140 2811 224 2882 lecta
241 2808 314 2881 iure
338 2823 477 2880 naturae
496 2807 596 2880 vetita
620 2808 666 2879 sit
691 2832 733 2878 an
759 2806 904 2894 indulta,
933 2806 1136 2906 disceptatio
1161 2812 1243 2909 viget

140 2927 226 2996 inter
251 2924 334 2996 iuris
360 2922 523 2995 naturalis
544 2923 751 3022 interpretes.
782 2921 873 2993 ldem
899 2921 955 2995 die
979 2924 1093 3021 quoad
1117 2926 1243 3001 addis

140 3039 378 3114 solubilitatem
404 3039 550 3135 coniugii
578 3040 612 3109 in
637 3039 711 3135 lege
743 3038 914 3124 mosaica,
943 3040 1032 3112 circa
1057 3067 1162 3140 quam
1188 3068 1243 3115 nou

139 3155 280 3226 minima
303 3155 449 3251 agitatur
474 3153 699 3225 controuersia
720 3153 807 3225 inter
834 3152 1018 3249 theologos.
1039 3154 1089 3228 De
1109 3155 1243 3231 dissolu

140 3269 269 3341 bilitate
289 3270 325 3341 iu
350 3270 422 3366 lege
447 3269 640 3365 evangelica
665 3268 757 3341 nulla
777 3268 913 3368 quidem
939 3269 1024 3342 inter
1048 3271 1243 3348 christianos

140 3383 292 3456 doctores
317 3399 469 3457 movetur
485 3383 658 3481 quaestio,
683 3410 758 3455 curn
781 3399 888 3455 ratum
907 3383 1191 3486 exploratumque
1210 3388 1243 3461 sit

140 3524 244 3597 penes
270 3499 424 3572 cordatos
450 3497 632 3572 catholicos
657 3499 808 3572 doctores
834 3525 1010 3584 omnes‚a
1036 3499 1175 3577 Christo
1196 3530 1243 3579 sn·

139 3613 264 3685 blatam
292 3638 368 3687 esse
393 3639 525 3685 emnem
551 3613 682 3686 divortii
710 3639 870 3699 oausam;
899 3631 953 3686 ast
977 3615 1089 3710 gravis
1115 3642 1243 3715 magno

140 3755 206 3826 que
236 3729 422 3801 animorum
447 3746 542 3802 aestu
567 3729 690 3825 agitata
710 3746 776 3817 est,
800 3746 832 3802 et
857 3729 968 3802 adbuc
991 3730 1139 3826 agitatur
1155 3758 1243 3832 quac

140 3841 205 3915 stio
222 3842 308 3914 inter
324 3841 507 3915 catholicos
529 3860 563 3916 et
587 3859 780 3931 novatores,
809 3845 888 3917 item
913 3844 999 3916 inter
1018 3844 1205 3920 catholicos
1222 3865 1243 3919 et

139 3983 296 4055 graecos,
326 3985 364 4031 ac
391 3958 524 4031 tandem
556 3959 641 4032 inter
675 3959 860 4032 catholicos
891 3977 924 4032 et
949 3959 1243 4059 pseudo-pelitieot

139 4075 227 4147 cirea
253 4075 399 4172 coniugii
426 4075 681 4149 dissolutionem
707 4075 750 4148 ob
775 4075 986 4148 adulterium.

211 4191 293 4262 Cum
322 4189 419 4262 nobis
446 4191 719 4290 proposuerimus
742 4191 775 4261 in
794 4191 898 4263 altera
916 4190 1018 4263 huius
1044 4194 1243 4266 tractatione

139 4324 233 4403 parte
258 4333 317 4406 pro
342 4306 472 4381 viribus
497 4307 754 4381 controversiam
780 4308 868 4382 bane
894 4307 959 4381 sub
984 4308 1076 4384 omni
1099 4324 1243 4408 respectu
