2796 5064
230 389 298 460 trs
390 410 452 460 urs.
469 409 517 460 ιιι.
533 408 620 459 stur.
637 407 767 457 surum.
786 406 826 456 ns
838 406 952 456 sunrss.
968 405 1066 456 surr.
1085 406 1212 459 snsmr.

228 528 268 604 ss
292 525 416 603 uxori?
441 525 510 600 noli
545 549 705 625 quaerere
736 520 938 597 solutionem
969 524 1043 617 (hl)
1060 531 1107 610 ς»
1136 541 1173 597 et
1204 524 1335 598 iterum:

232 644 385 719 «Mulier
408 643 462 718 sui
488 640 636 744 copponis
660 654 857 741 potestatem
882 665 950 713 non
975 636 1098 726 hahet,
1127 639 1192 714 sed
1214 641 1283 727 rir;
1304 641 1341 715 si·

230 759 355 834 militer
365 772 476 833 eutem
494 771 529 830 et
543 755 595 830 vir
607 756 660 829 sui
678 755 828 857 corporis
845 768 1044 855 potestatem
1063 780 1133 829 non
1152 754 1275 842 hebet,
1294 756 1342 830 ssd

230 873 352 948 mulier
371 875 491 968 (llll-⁸
511 870 595 944 Cum
616 886 728 944 sutem
753 868 837 943 haec
855 869 976 943 omnia
992 868 1036 943 de
1052 871 1179 971 quovis
1197 872 1343 969 coniugio

231 989 304 1062 sive
326 1000 576 1073 consummato,
614 985 686 1059 sive
711 1009 777 1058 non
803 997 1034 1057 consummato
1058 984 1244 1059 verissime
1267 985 1345 1058 dicte

232 1103 320 1190 sint,
342 1102 489 1201 prolecto
506 1099 641 1174 nonnisi
668 1113 784 1173 contre
801 1113 951 1198 apertum
968 1098 1225 1197 scripturorum
1244 1117 1346 1174 nuso

130 1275 135 1285 .
232 1217 363 1290 ritatem
375 1214 505 1289 adstrui
524 1227 635 1313 potest
647 1212 795 1310 coniugii
815 1212 878 1287 rati
897 1239 957 1312 per
974 1211 1165 1288 solemnem
1183 1213 1346 1313 religionis

232 1330 474 1432 professionem
499 1327 635 1402 solutio.

305 1445 396 1520 llaec
413 1444 551 1546 quidem
569 1444 808 1545 exscriptoris
826 1458 1060 1545 opponuntur;
1082 1470 1156 1518 nou
1174 1460 1345 1519 esttamen

232 1561 325 1664 quod
350 1561 405 1635 his
429 1585 702 1662 permoveamur;
725 1586 802 1633 uem
820 1560 850 1632 si
869 1559 990 1658 spiritu
1007 1560 1142 1660 prinmo
1163 1561 1348 1661 Scriptum

233 1675 375 1774 intelligi
399 1674 575 1762 deberent,
596 1679 713 1773 posset
737 1673 921 1748 difficultas
943 1675 1044 1761 oriri;
1066 1700 1188 1749 rerum
1205 1701 1285 1751 cum
1300 1703 1348 1750 eu·

233 1817 308 1865 rum
340 1791 505 1890 interpres
530 1789 674 1863 ecclesie
702 1790 766 1876 sit,
794 1815 883 1889 quae
908 1796 970 1862 aas
994 1787 1061 1863 elio
1086 1791 1232 1866 omnino
1255 1817 1349 1866 sensu

233 1905 413 1993 intellexit,
433 1921 535 2006 etque
552 1905 772 2005 interpretata
788 1919 858 1991 est,
875 1903 986 1978 omnis
1004 1904 1158 2004 prolecto
1174 1904 1349 1980 difficults's

232 2022 415 2097 evanescit.
444 2020 550 2094 Simul
571 2047 612 2095 ac
630 2021 721 2094 enim
746 2019 902 2095 Christus
925 2018 989 2094 hoc
1011 2020 1232 2119 privilegium
1258 2021 1350 2121 proh·

183 2203 186 2209 .
233 2136 316 2210 tenti
346 2136 582 2236 perlectionem
616 2135 844 2232 evangelicam
878 2135 944 2209 suh
974 2136 1143 2210 ecclesiae
1175 2136 1350 2212 directione

233 2249 423 2335 concessit,
451 2249 525 2321 fieri
554 2275 620 2323 uon
646 2265 779 2347 potest,
808 2266 846 2325 ut
869 2249 1000 2324 obiecta
1024 2248 1100 2324 locu
1124 2249 1351 2327 contradicunt

233 2361 357 2437 Christi
384 2363 494 2465 ipsius
518 2363 746 2465 dispositioni.
774 2362 827 2437 hd
850 2364 1015 2439 eiusmodi
1040 2381 1157 2440 nutem
1187 2366 1351 2443 contrudi·

233 2479 376 2553 ctionem
404 2476 584 2551 tollendum
611 2480 695 2552 satis
719 2494 772 2553 est
797 2496 834 2551 ut
858 2478 977 2553 allatos
1004 2495 1114 2554 textus
1148 2509 1350 2582 exponamus

233 2592 277 2672 de
301 2593 513 2667 matrimonio
538 2608 779 2666 consummato.

307 2707 398 2780 Nihil
415 2735 494 2782 vero
511 2724 563 2781 est
580 2710 670 2808 quod
689 2709 769 2783 huic
794 2711 994 2810 expositioni
1013 2729 1204 2810 repugnet;
1227 2729 1262 2788 et
1278 2739 1351 2787 sune

233 2824 370 2897 effatum
396 2823 520 2896 Christi
546 2825 703 2897 Domini:
731 2825 825 2910 Quod
851 2827 938 2898 Deos
959 2829 1150 2912 coniunxit,
1183 2830 1276 2902 homo
1295 2856 1351 2900 non

232 2955 378 3038 separet,
401 2939 443 3011 de
464 2939 677 3013 matrimonio
695 2958 927 3016 consummato
945 2943 1184 3042 accipiendum
1206 2971 1286 3019 esse
1303 2972 1352 3045 pu·

234 3069 280 3127 tet
305 3080 344 3126 ex
371 3055 565 3141 occasione,
595 3082 664 3154 que
682 3055 766 3127 illud
791 3055 946 3131 Christus
963 3056 1116 3158 protulit,
1138 3059 1300 3134 videlicet
1314 3058 1350 3131 ed

234 3168 435 3242 abolendum
454 3168 606 3243 libellum
632 3171 786 3270 repudii;
807 3198 953 3247 necnon
972 3201 1011 3246 ex
1029 3173 1144 3249 vcrhis
1163 3175 1352 3249 immediate

234 3284 530 3382 praecedentibus:
556 3286 657 3358 «lem
680 3312 746 3359 non
765 3303 844 3358 sunt
862 3286 950 3375 dno,
973 3287 1032 3361 sed
1051 3315 1120 3362 unu
1138 3316 1219 3364 cero
1241 3293 1349 3386 (ll).s

235 3397 332 3485 Quod
357 3399 387 3470 si
414 3399 490 3497 quis
517 3401 676 3488 instaret,
707 3401 808 3474 etium
840 3403 1032 3501 coniugium
1060 3421 1172 3478 retum
1205 3406 1352 3480 luisses

232 3513 303 3585 lleo
327 3513 561 3599 coniunctum,
587 3514 739 3614 adeoque
765 3516 808 3589 eh
827 3516 963 3591 homine
981 3518 1116 3615 seiungi
1135 3546 1206 3594 non
1233 3546 1350 3619 posse.

162 3622 166 3627 ⁵
233 3632 428 3734 reponimus
447 3634 537 3706 iuxta
563 3636 763 3708 sententium
782 3636 878 3710 tertio
904 3636 978 3710 loco
995 3636 1208 3736 expositam,
1229 3662 1296 3708 non
1315 3635 1353 3708 nh

232 3746 388 3833 homine,
418 3747 477 3821 sod
503 3775 523 3821 a
548 3749 638 3835 Deo,
668 3776 789 3848 nempe
814 3748 967 3835 Christo,
996 3750 1161 3849 seperari.

305 3862 397 3936 ldem
420 3863 476 3936 dic
497 3861 539 3937 de
560 3864 664 3938 altero
683 3880 799 3937 textu:
823 3867 936 3937 Omnis
961 3866 1021 3963 qui
1036 3864 1203 3937 dimiserit
1225 3892 1353 3938 uxorem

233 4004 326 4048 snum
351 3986 414 4051 etc.
443 3980 527 4051 Nem
552 4007 590 4051 ex
617 3978 787 4053 substrata
813 3980 951 4053 materia
976 3995 1010 4051 et
1035 4004 1075 4051 ex
1101 4006 1208 4080 scopo
1233 3981 1352 4054 Christi

305 4189 356 4251 (69)
373 4192 392 4238 l.
405 4191 461 4239 Cor.
477 4192 531 4239 t’tt.
546 4197 584 4240 st.

302 4270 352 4329 (70)
370 4268 432 4318 thid.
449 4282 473 4318 r.
486 4274 508 4319 l.

306 4348 355 4409 (71)
371 4348 457 4398 matth.
473 4351 537 4399 xlx.
552 4356 576 4401 6.
