2796 5064
137 370 207 445 tto
281 390 343 444 un.
364 390 412 443 m.
433 388 540 443 suono
557 388 688 441 ιιτιιιι.
701 389 743 443 nr
760 388 873 443 morse.
890 388 988 443 ιιιι.
1004 388 1134 443 cmm.

136 510 266 586 detecto
290 525 400 584 autem
425 509 567 583 crimine
591 509 759 598 incestus,¹
785 507 939 610 adeoque
962 524 1140 609 comperta
1162 510 1252 619 nolli·

137 643 204 703 tate
222 626 389 722 coniugii,
404 625 499 724 ipsas
512 624 617 698 etiam
632 626 738 699 teneri
750 625 842 700 rinos
855 651 876 698 a
889 650 928 698 se
941 650 1120 725 perperam
1138 642 1254 727 nuptos

137 743 312 828 deserere;
333 739 369 813 hi
387 754 499 815 autem
512 756 628 840 utpote
645 740 743 815 liberi
759 755 914 842 poterunt
930 740 1019 815 alies
1036 740 1165 816 ducere
1181 767 1255 816 uro·

138 884 204 933 res.
232 856 323 931 Talis
348 870 400 930 est
424 855 523 928 istius
549 855 861 941 canonis'sensus;
890 881 990 955 porro
1014 855 1046 930 si
1064 882 1130 929 res
1154 855 1203 929 ita
1224 882 1257 930 ee

139 972 260 1061 habet,
288 986 379 1070 patet
408 969 600 1043 nullatenus
631 969 812 1044 concilium
844 969 935 1044 istud
960 971 1034 1044 sire
1058 986 1255 1045 conuentum

140 1102 316 1189 praesente
333 1110 461 1160 canone
478 1084 668 1160 decrevisse
685 1084 879 1188 coniugium
903 1102 1043 1184 propter
1057 1084 1256 1161 adulterium

139 1202 252 1304 quoad
276 1200 448 1275 vinculum
474 1199 599 1272 dirimi.
778 1200 781 1205 ’

213 1321 248 1391 t.
277 1316 360 1391 Gan.
380 1316 447 1389 XV.
469 1314 617 1390 declarat
636 1312 766 1389 nullum
786 1314 1056 1402 matrimonium,
1077 1317 1174 1416 quod
1189 1342 1256 1390 cum

139 1433 233 1509 affini
254 1434 288 1507 in
310 1432 417 1534 primo
443 1431 550 1532 gradu
575 1445 784 1506 contractum
805 1429 905 1503 luerit
922 1430 966 1504 ob
983 1429 1256 1531 impedimentum

140 1550 322 1638 dirimens,
345 1549 380 1622 in
402 1573 471 1649 quo
496 1546 581 1620 nihil
606 1547 685 1621 nori
711 1546 885 1644 ingeritur.
907 1542 994 1618 lllud
1020 1547 1139 1646 potius
1164 1572 1257 1648 pecu·

140 1665 225 1738 liure
242 1679 312 1752 est,
333 1662 425 1764 quod
443 1672 595 1737 auctores
616 1661 831 1736 incestuosae
854 1659 1106 1736 eoniuuctionis
1132 1661 1256 1736 inhabi-

141 1780 191 1854 les
217 1780 252 1851 iu
279 1790 475 1879 perpetuum
502 1774 619 1850 reddat
642 1774 685 1848 ad
712 1771 898 1847 ineundum
923 1772 1141 1872 coniugium.

216 1896 250 1966 8.
278 1892 421 1966 Demum
445 1915 522 1965 can.
541 1890 697 1976 xv1.‚ut
722 1902 830 1989 patet,
851 1887 895 1962 ad
920 1913 991 1962 rem
1016 1906 1255 1964 nostrumnon

143 2006 468 2111 pertinetNonnulli
477 2005 671 2078 existimant
685 2005 720 2077 in
733 2031 773 2080 eo
786 2028 975 2080 sermonem
987 2029 1068 2078 esse
1076 2005 1123 2079 de
1135 2002 1253 2090 morbo,

143 2123 235 2198 unde
259 2123 454 2225 impotentia
480 2139 642 2224 perpetua
666 2124 817 2223 exurgit3
839 2125 875 2196 iu
894 2122 961 2198 hac
984 2123 1173 2227 hypothesi
1188 2151 1256 2200 eon·

144 2238 260 2312 cilium
282 2237 521 2337 compedieuse
538 2236 688 2312 decernit
705 2264 773 2313 non
790 2264 868 2313 esse
883 2264 980 2312 reros
1001 2240 1187 2339 coniuges,
1206 2237 1256 2340 qui

146 2353 196 2427 sic
219 2353 389 2427 coniuncti
415 2368 511 2441 sunt,
541 2371 644 2454 atque
668 2354 794 2429 idcirco
819 2353 944 2429 liberos
970 2380 1049 2430 esse
1066 2358 1185 2453 (25³).

218 2471 313 2543 Nunc
326 2469 370 2542 ad
383 2470 567 2570 pleniorem
581 2470 744 2544 dictorum
759 2469 1047 2545 confirmationem
1061 2472 1155 2546 circa
1167 2471 1256 2544 huius

146 2586 278 2661 concilii
306 2602 449 2660 mentem
469 2585 503 2658 in
522 2586 663 2660 obiectis
683 2585 870 2660 canonibus
896 2586 1078 2660 adiieimue
1107 2589 1258 2663 omnimo-

146 2702 225 2776 dam
249 2701 437 2800 eoniugalis
464 2700 588 2776 vinculi
616 2700 805 2775 firmitatem
832 2701 876 2775 ab
900 2727 939 2775 eo
965 2701 1135 2775 sancitam
1161 2701 1257 2803 potius

147 2817 254 2892 luisse
278 2843 354 2890 can.
378 2817 494 2888 lllllll.
511 2818 570 2916 qui
590 2817 638 2890 ita
658 2816 800 2916 legitur:
822 2816 967 2917 «siqui
988 2832 1130 2917 propter
1146 2815 1258 2917 [cedent

151 2937 301 3032 (nempe
332 2931 543 3005 inimicitiam
574 2947 633 3004 aut
660 2932 831 3006 vindictae
859 2932 1044 3028 timorem)
1078 2932 1211 3031 lugiunt
1229 2929 1258 3000 iu

149 3047 250 3121 aliam
277 3050 419 3148 patriam
444 3063 479 3122 et
503 3047 676 3121 dimittunt
693 3074 815 3122 uxores
836 3075 935 3136 suas,
957 3074 1020 3121 nec
1039 3047 1091 3120 illi
1110 3049 1191 3137 viri,
1209 3069 1258 3120 net

151 3163 230 3237 illae
257 3163 423 3238 foeminae
447 3164 616 3264 accipiant
640 3164 874 3262 coniugium.»
886 3163 928 3237 Et
944 3163 1031 3238 haec
1048 3163 1094 3238 de
1112 3164 1179 3240 hoo
1193 3186 1259 3237 oon·

151 3277 242 3351 cilio.

223 3395 335 3490 longe
359 3396 468 3492 magis
493 3395 665 3494 implicata
690 3408 742 3470 est
767 3396 920 3495 quaestio
945 3410 1018 3470 orta
1041 3423 1084 3469 ex
1102 3397 1260 3470 Poeniten·

153 3512 228 3583 ticli
244 3510 407 3584 Theodori
430 3510 675 3612 archiepiscopi
695 3512 940 3587 cantuariensis
958 3511 1084 3587 collato
1101 3539 1181 3587 oum
1198 3509 1260 3584 aliis

151 3624 447 3726 poenitentialibus
466 3652 526 3726 per
541 3653 615 3700 eam
639 3642 780 3701 aetatem
805 3626 964 3726 vulgatis.
986 3628 1057 3701 Nos
1074 3645 1115 3702 ut
1132 3621 1260 3703 claritati

153 3741 377 3815 inserviamus
400 3741 434 3813 in
460 3740 525 3813 hec
547 3741 678 3816 difficili
704 3743 904 3842 quaestione
921 3743 956 3815 l.
972 3740 1160 3818 alienemus
1176 3763 1261 3817 canc

153 3885 215 3933 nes
236 3857 294 3957 qui
318 3858 354 3928 in
376 3857 434 3931 illo
456 3857 684 3957 poenitentiali
707 3859 923 3933 inueniuntur
940 3857 1072 3957 quique
1091 3852 1263 3932 dissolubi-

224 4028 290 4091 (tst)
308 4030 362 4078 Huc
378 4028 515 4078 retenrntur
530 4027 626 4091 aliquot
634 4027 729 4090 antiqui
741 4040 859 4091 mounes,
872 4027 914 4091 qui
926 4026 1063 4077 uouemere
1073 4025 1263 4079 videaturunus

153 4108 251 4173 nuptias
261 4109 294 4158 ob
304 4107 446 4157 dlutumam
456 4107 597 4157 alterutrius
607 4105 1019 4171 mningisuhsentiam.siclduuuel
1027 4103 1262 4171 metuentium.

153 4187 196 4238 eit.
209 4189 282 4241 lurts
295 4189 503 4250 praeco-romani
514 4199 569 4250 pag.
581 4192 635 4236 289.
647 4187 715 4236 Idem
727 4187 844 4237 statuitur
853 4187 878 4236 in
890 4186 925 4236 ita
936 4188 1080 4251 nuncupato
1088 4177 1262 4239 maneat

158 4264 297 4328 rhoeam,
317 4278 371 4329 cap.
382 4265 469 4315 extu.
482 4264 508 4315 in
524 4264 655 4330 spicilegio
671 4267 744 4316 Dom.
762 4267 843 4316 Lucae
858 4264 955 4316 leherii
973 4266 1035 4316 totu.
1055 4267 1099 4318 lx.
1116 4278 1174 4331 pes.
1188 4269 1223 4315 et.
1236 4257 1261 4308 tl!

157 4355 207 4406 quo
222 4343 392 4394 Poenltenttalt
412 4356 469 4394 mon
490 4355 597 4406 egemus.
610 4343 711 4394 interim
731 4342 793 4394 haec
813 4342 966 4408 reprohendo
984 4345 1052 4395 suut
