2796 5064
274 393 344 445 aar.
355 393 400 444 ιν.
416 392 456 444 nn
473 392 585 444 amaa.
603 390 1130 445 rmrrnrcaa.aa1naur.aaa.11.
1181 372 1249 443 tte

135 512 305 615 praestitit
328 511 603 612 archiepiscopus
627 509 932 607 monsregalensis,
951 509 996 584 ab
1013 510 1124 585 officio
1147 511 1256 587 desci-

134 643 276 714 verunt,
298 645 331 701 et
355 642 511 701 amente
528 626 651 701 summi
674 626 863 725 pontificis,
884 625 943 726 qui
961 627 1165 700 contrarium
1182 654 1254 701 om-

136 743 217 815 nino
249 741 436 816 constituit.
474 743 552 840 lpse
576 740 702 812 nullam
732 728 871 813 omnino
892 739 1143 814 distinctionem
1169 741 1256 815 inter

136 857 305 958 privatam
337 872 371 931 et
403 855 572 956 publicam
606 856 835 930 auctoritatem
867 855 1022 943 admisit,
1044 857 1146 932 immo
1177 883 1257 932 vero

135 998 387 1072 quamcumque
403 971 652 1046 distinctionem
679 971 813 1069 penitus
830 969 973 1045 exclusit
996 971 1134 1047 dicens:
1163 975 1256 1048 callo

134 1086 243 1158 modo.

211 1203 247 1273 3.
277 1198 397 1273 Obstat
422 1199 501 1273 fidei
527 1198 669 1272 formula
695 1198 738 1272 ab
764 1199 897 1272 Urbano
913 1201 999 1270 vul.
1020 1198 1178 1273 omnibus
1196 1204 1256 1301 qui

134 1341 176 1388 ex
202 1314 390 1388 schismate
413 1314 457 1387 ad
481 1315 641 1388 unitatem
667 1342 705 1388 se
731 1315 877 1415 recipere
898 1314 1039 1402 vellent,
1062 1316 1254 1415 proposita,

135 1444 168 1503 et
200 1455 221 1501 a
248 1429 428 1501 &aedicto
455 1428 539 1500 x1V.
573 1429 769 1502 confirmata
802 1445 835 1503 et
867 1444 1051 1518 renovata,
1077 1429 1128 1514 ,vi
1159 1430 1257 1505 cuius

135 1545 247 1643 graeci
266 1544 464 1645 profitentur
481 1545 685 1618 matrimonii
698 1545 865 1617 vinculum
881 1544 1106 1617 indissolubile
1123 1570 1207 1631 esse,
1223 1562 1258 1620 et

136 1660 296 1759 quamvis
326 1674 462 1759 propter
492 1659 712 1748 adulterium,
740 1659 907 1734 haeresim
939 1675 997 1734 aut
1025 1659 1110 1733 aliae
1135 1685 1257 1734 causas

136 1774 248 1874 possit
271 1774 358 1848 inter
383 1775 542 1872 coniuges
568 1776 630 1848 tori
655 1793 688 1847 et
718 1774 936 1848 habitationis
963 1775 1130 1874 separatio
1156 1775 1252 1875 fieri,

136 1905 251 1963 tamen
283 1890 352 1964 illis
386 1891 478 1965 aliud
512 1891 761 1964 matrimonium
787 1891 983 1964 contrahere
1002 1891 1053 1963 las
1079 1917 1145 1965 non
1164 1916 1251 1965 esse.

136 2004 288 2079 lamvero
313 2006 343 2079 si
368 2007 428 2106 qui
458 2006 616 2080 accedere
646 1993 795 2106 cupiunt
810 2007 854 2078 ad
882 2005 1045 2080 ecclesiae
1069 2005 1257 2080 catholicae

135 2119 300 2192 unitatem
330 2135 484 2193 tenentur
512 2121 559 2192 ita
591 2120 716 2193 sentire
738 2136 771 2194 ct
803 2120 971 2218 profiteri,
998 2119 1083 2194 adeo
1114 2138 1152 2194 ut
1183 2120 1258 2194 sine

135 2234 304 2308 eiusmodi
332 2236 539 2334 professione
571 2235 639 2308 illis
671 2235 782 2309 aditus
804 2235 846 2308 ad
872 2237 1030 2309 unionem
1055 2236 1255 2310 catholicam

135 2349 322 2422 nullimode
353 2367 488 2448 pateat,
522 2351 702 2423 dicendum
729 2377 771 2423 ne
797 2352 861 2423 erit
886 2351 921 2422 id
946 2352 1014 2424 illis
1045 2378 1146 2453 posse
1177 2379 1254 2450 per·

135 2462 246 2551 mitti,
284 2464 342 2562 qui
374 2464 442 2536 iam
477 2464 511 2534 in
547 2464 708 2537 ecclesiae
740 2464 925 2537 catholicae
961 2466 1194 2539 communione
1226 2482 1260 2539 et

135 2578 268 2650 unitate
293 2578 530 2679 reperiuntur?
554 2579 638 2664 Quis
671 2605 774 2650 sanus
806 2578 840 2649 id
864 2578 918 2651 vel
946 2580 1092 2676 cogitare
1123 2582 1260 2678 potest?

138 2693 341 2765 Praesertim
374 2719 450 2766 cum
480 2693 564 2767 haec
596 2693 713 2766 eadam
745 2693 823 2765 fidei
854 2694 1019 2793 professio
1049 2695 1255 2782 identidem,

137 2833 262 2904 nempe
280 2807 314 2877 in
332 2807 417 2880 actis
436 2807 694 2881 solemnioribus
712 2835 732 2880 a
750 2809 879 2906 graecis
897 2809 1001 2882 unitis
1019 2809 1091 2881 fieri
1109 2809 1256 2884 debeat?

216 2922 248 2992 l.
279 2920 400 2995 Obstat
421 2949 490 2996 sac.
508 2923 774 3020 congregationis
791 2923 942 3009 concilii,
959 2937 991 2995 ct
1004 2950 1052 2996 ss.
1069 2924 1261 3024 inquisitio-

143 3038 199 3109 nis
217 3036 406 3125 decretum‚
432 3063 499 3136 quo
519 3056 675 3135 negatum
703 3054 754 3111 cst
780 3064 881 3136 posse
904 3039 1097 3137 quempiam
1123 3055 1259 3138 propter

136 3151 343 3225 adulterium
368 3178 503 3226 uxorem
530 3152 673 3226 iuridice
697 3153 847 3226 criminis
874 3153 1059 3226 convictam
1078 3153 1258 3253 alcanica·

137 3291 215 3340 sam
240 3267 414 3354 deserere,
444 3267 490 3339 ita
515 3283 552 3340 ut
577 3267 676 3341 liceat
700 3293 822 3341 novum
848 3267 1016 3343 celebrare
1041 3269 1256 3367 coniugium,

138 3382 296 3480 quamvis
322 3407 442 3478 graeca
467 3381 618 3481 synodus
643 3385 844 3454 contrariam
871 3384 1071 3457 sententiam
1095 3384 1256 3458 emiserit.

139 3497 205 3567 Hic
230 3522 330 3594 porro
354 3513 406 3569 est
431 3522 531 3569 casus
557 3496 623 3569 illis
646 3497 834 3584 idonticus,
853 3498 887 3569 in
912 3497 1039 3597 quihus
1057 3499 1150 3572 card.
1171 3499 1261 3570 hion-

139 3610 256 3684 taltius
282 3610 559 3709 archiepiscopus
586 3611 706 3684 hlontis
730 3611 863 3707 Regalis
890 3613 924 3682 in
950 3611 1065 3686 Sicilia
1084 3612 1259 3709 indulgere

138 3723 267 3798 vinculi
293 3724 549 3798 dissolutionem
569 3725 664 3798 visus
683 3737 749 3797 est.¹

214 3840 325 3939 Atque
357 3857 392 3914 ut
421 3867 491 3913 rem
520 3855 621 3914 totam
652 3841 770 3940 paucis
803 3842 1064 3931 concludamus,
1092 3845 1122 3916 si
1148 3842 1261 3938 graeci

137 3956 228 4030 uniti
252 3956 409 4030 catholici
436 3973 533 4041 sunt,
557 3954 681 4028 dehent
706 3958 862 4032 omnihus
895 3959 1027 4032 concilii
1054 3957 1260 4031 oecumenici

136 4086 173 4145 et
192 4097 405 4145 romanorum
425 4070 621 4168 pontificum
639 4071 871 4145 sanctionibus
890 4073 1130 4171 obtemperare.
1160 4073 1261 4145 Porro

138 4202 177 4260 at
202 4213 244 4258 ex
269 4185 381 4259 allatis
408 4185 617 4259 documentis
645 4202 754 4284 patet,
780 4214 847 4261 non
870 4188 978 4262 solum
1005 4186 1162 4261 fidelibus
1188 4187 1261 4287 qui-

137 4302 354 4402 buscumque
378 4302 517 4377 uetitum
543 4319 594 4377 est
618 4304 730 4402 quoad
756 4305 928 4378 vinculum
946 4305 980 4378 in
1003 4304 1159 4381 adulterii
1177 4331 1261 4380 caen

1162 4422 1185 4469 a
