2796 5064
139 386 208 461 sto
284 408 346 461 an.
360 407 408 459 ur.
424 406 511 459 sacr.
528 405 659 459 rursm.
682 408 721 459 ns
741 402 852 460 arom
875 409 969 461 sara.
992 407 1121 460 enarer

138 526 228 628 ptias
252 551 368 627 quam·
380 525 497 612 vires,
518 551 558 599 ac
577 526 690 599 animo
710 525 921 601 mobiliores,
940 525 1027 602 llinc
1045 552 1182 601 rursum
1197 526 1257 601 hec

139 667 181 716 ex
206 640 316 741 capite
338 639 484 714 deterior
507 640 664 715 evaderet
687 640 740 714 lex
760 640 885 715 Christi
903 641 1007 717 ldosis
1028 641 1123 740 lege,
1148 657 1258 717 contra

138 772 291 857 apertum
316 754 497 831 Salvatoris
522 758 628 831 nostri
657 783 817 846 sensum,
846 757 904 857 qui
930 784 971 833 eo
998 757 1201 858 spectabat,
1226 774 1259 831 ot

139 874 313 973 perficeret
338 873 443 970 legem
468 888 633 959 veterem,
666 888 700 945 ot
724 898 856 946 omnem
882 874 1176 974 imperfectionem
1205 899 1261 974 pro

139 1016 249 1063 rerum
276 1015 316 1062 ac
341 1004 526 1087 temporum
557 987 749 1063 conditione
778 988 828 1061 illi
859 989 1094 1063 inhaerentem
1123 1015 1258 1088 prorsus

69 1104 73 1110 ’
139 1105 282 1180 tolleret.

212 1222 284 1294 Nisi
307 1222 413 1319 igitur
431 1220 575 1294 velimus
601 1238 717 1320 aperta
738 1221 845 1294 fronte
865 1221 991 1295 Christi
1017 1247 1125 1322 scopo
1147 1221 1262 1296 adter-

138 1338 228 1425 sari,
250 1337 414 1413 fateamur
430 1362 570 1411 neeesse
588 1351 659 1423 est,
681 1337 715 1408 in
735 1336 950 1410 hemistichio
968 1337 1075 1413 altero
1092 1364 1186 1411 vers.
1204 1339 1256 1408 32.

137 1455 185 1527 ΕΙ
200 1455 262 1553 qui
275 1452 444 1525 dimissam
470 1452 621 1536 decerit,
644 1452 828 1536 adulterat,
849 1452 1021 1525 Christum
1035 1453 1260 1527 omnimodam

141 1567 473 1643 indissolubilitatem
500 1567 648 1665 coniugii
675 1567 868 1664 significare
892 1566 1053 1642 voluisse.

109 1742 116 1754 .
213 1687 248 1759 2.
276 1685 395 1757 Verum
423 1684 572 1782 idipsum
593 1710 633 1756 ex
655 1683 832 1757 verborum
851 1700 1028 1773 contextu,
1051 1710 1115 1758 seu
1132 1711 1174 1759 ex
1190 1709 1259 1758 ora-

139 1801 241 1875 tionis
267 1799 356 1873 serie
379 1823 447 1871 non
470 1798 582 1871 minus
607 1797 795 1872 hrculenter
815 1799 971 1872 efficitur.
992 1799 1129 1871 Etenim
1146 1797 1258 1874 verbo

141 1942 213 1989 rom
241 1900 366 1986 Christi
391 1928 490 1985 tener
511 1912 558 1985 ita
583 1938 621 1985 se
644 1912 765 1986 hahet:
799 1913 900 2011 «Ego
919 1929 1032 1987 autem
1049 1913 1129 1987 dieo
1145 1911 1256 1997 vohis,

14 2089 15 2092 ,
138 2032 221 2132 quia
245 2030 377 2115 omnis,
406 2029 463 2128 qui
492 2027 659 2102 dimiserit
683 2055 821 2103 uxerem
847 2055 964 2116 suam,
993 2046 1137 2130 excepta
1162 2028 1259 2102 forni-

138 2148 282 2221 cationis
305 2171 428 2231 causa,
449 2144 532 2243 [ecit
555 2171 625 2217 com
649 2146 814 2217 moechari
827 2172 837 2215 .·
863 2144 977 2245 etqui
1002 2145 1185 2219 dimissam
1202 2143 1258 2217 du·

138 2263 243 2348 xerit,
273 2259 448 2334 adulterat.
468 2289 486 2329 n
515 2261 585 2333 lam
612 2286 692 2334 voro
720 2261 884 2360 particula
909 2260 967 2334 illa
997 2285 1060 2334 seu
1093 2259 1257 2334 incisum:

139 2378 316 2476 faciteam
340 2376 522 2459 moecham,
552 2377 700 2474 profecto
720 2375 763 2449 ed
786 2401 922 2449 uxorem
945 2374 1061 2448 referri
1089 2375 1258 2476 nequitae

139 2518 264 2573 sensu,
292 2489 383 2590 quod
410 2515 452 2562 eo
476 2490 551 2589 ipso
581 2491 709 2564 censeri
736 2490 857 2564 debeat
876 2489 1049 2578 adultera,
1070 2490 1165 2591 quod
1184 2490 1258 2564 sita

138 2607 258 2679 marito
284 2605 439 2677 dimissa.
464 2607 547 2677 Nam
574 2607 717 2678 uxorin
743 2606 807 2678 hac
831 2605 1030 2679 dimissione
1048 2606 1189 2706 passive
1205 2629 1257 2704 pe

139 2725 205 2797 tius
225 2749 326 2823 quam
344 2721 452 2795 activo
473 2747 511 2794 se
535 2720 655 2807 habet,
676 2722 828 2821 adeoque
856 2721 885 2795 si
913 2722 987 2822 ipsa
1012 2749 1073 2821 per
1091 2749 1132 2795 se
1148 2720 1258 2793 dimis-

138 2839 189 2912 sio
211 2837 411 2911 adulterium
430 2836 666 2922 oonstitoeret,
692 2836 757 2909 hoc
776 2853 867 2910 esset
889 2838 999 2936 potius
1016 2863 1058 2909 ex
1079 2854 1178 2938 parte
1193 2862 1257 2909 ma·

139 2956 192 3027 riti
218 2954 418 3027 dimittentis
445 2980 582 3027 uxorem
609 2952 691 3026 eitra
712 2952 784 3026 eius
811 2953 966 3053 culpam,
988 2980 1092 3053 quam
1112 2981 1154 3026 ex
1172 2967 1257 3053 parte

136 3071 250 3143 uxoris
275 3070 450 3142 dimissae.
472 3069 559 3140 llinc
584 3067 806 3155 adulterium,
832 3070 928 3143 cuius
950 3094 1011 3167 per
1037 3071 1158 3143 uxoris
1182 3093 1257 3143 suae

137 3182 370 3257 dimissionem
404 3182 457 3255 vir
490 3208 594 3255 causa
619 3182 748 3270 extitit,
784 3184 818 3254 in
845 3183 971 3282 duplici
998 3201 1129 3257 tantum
1156 3184 1255 3285 hypo

140 3298 227 3373 thesi
247 3299 360 3372 locum
376 3297 498 3371 habere
517 3313 645 3397 potest;
667 3316 725 3372 aut
748 3325 869 3398 nempe
885 3326 961 3372 cum
977 3300 1101 3374 mulier
1117 3300 1254 3375 dimissa

139 3412 233 3486 alteri
258 3414 330 3487 viro
357 3413 472 3499 nubit,
503 3430 653 3487 autenm
673 3413 837 3500 dimissa,
859 3416 942 3515 quin
965 3416 1118 3491 secondo
1137 3417 1254 3499 nubat,

137 3531 240 3603 vitem
267 3530 336 3626 agit
368 3529 595 3602 fornicariam.
633 3531 779 3603 Priorem
809 3557 926 3605 casum
962 3557 1023 3604 seu
1055 3530 1255 3634 hypothesin

139 3647 294 3719 Christus
324 3646 448 3718 diserte
474 3645 630 3743 exprimit
655 3645 765 3718 verbis
793 3645 884 3719 illis:
917 3646 984 3732 Qui
1005 3646 1180 3721 dimissam
1203 3647 1258 3719 do·

138 3763 249 3845 serit,
273 3759 456 3846 adulterct;
477 3760 602 3859 quibus
620 3759 768 3832 declarat
786 3759 957 3833 mulierem
976 3761 1137 3860 quamvis
1155 3761 1257 3836 ariro

137 3874 334 3961 dimissam,
355 3874 468 3947 adhuc
481 3874 516 3945 in
535 3873 636 3973 priori
656 3901 718 3948 suo
736 3875 948 3948 matrimonio
965 3876 1078 3974 quoad
1091 3876 1258 3951 vinculum

138 4016 358 4090 permanere,
387 4006 488 4090 atqm
518 3989 643 4062 idcireo
666 4017 758 4063 reum
787 3989 941 4062 adulterii
973 3989 1071 4076 lieri,
1102 3992 1164 4091 qui
1189 4015 1258 4064 eam

138 4103 250 4177 adhuc
277 4103 445 4201 coniugali
466 4103 601 4177 vinculo
626 4104 819 4176 adstrictam
846 4104 879 4175 in
904 4103 1100 4202 coniugium
1123 4105 1190 4179 sihi
1208 4130 1261 4178 co-

140 4218 314 4323 pulauerit.
336 4219 490 4292 Alterum
502 4246 581 4293 vero
599 4244 713 4290 casum
732 4245 793 4292 seu
807 4217 1013 4318 hypothesin
1033 4218 1193 4293 Christus
1210 4244 1263 4291 cc·

139 4335 237 4404 elusit
263 4333 381 4406 iisdem
406 4334 544 4406 verbis:
577 4335 658 4432 facit
684 4361 754 4405 com
772 4335 953 4417 moecliari,
983 4333 1185 4429 significans
1204 4359 1263 4409 eos
