2796 5064
194 404 264 459 aas.
276 407 301 458 r.
315 403 386 458 sss.
399 405 435 458 u.
453 403 493 458 ns
510 403 623 458 morse.
636 405 730 458 asra.
745 403 851 457 error.
866 403 939 456 rusa
959 405 1057 456 rosrr.
1070 405 1134 457 mv.
1185 384 1259 456 isi

148 523 255 600 honam
283 525 387 599 hlosis
413 525 470 599 hio
500 540 591 598 esset
616 523 687 594 «Si
713 522 833 596 mulier
858 548 922 624 ope
945 522 1050 597 libelli
1080 524 1210 622 repudii
1237 551 1258 597 a

146 643 258 715 narito
285 641 452 727 dimissa,
483 639 580 713 alteri
610 638 684 712 viro
713 638 886 738 nupserit,
920 653 953 711 et
982 638 1025 710 ab
1061 637 1125 711 hoc
1155 639 1257 711 etiam

146 756 282 830 dimissa
308 757 430 843 luerit,
452 771 510 828 aut
526 756 556 828 si
574 754 658 828 alter
681 755 755 828 eius
777 754 917 827 maritus
936 770 1087 827 mortuus
1106 754 1169 841 sit,
1192 778 1258 828 non

147 873 259 970 poterit
273 871 367 970 prior
378 873 432 944 vir
444 871 595 945 camdem
610 871 721 944 denuo
734 871 776 943 ad
791 897 828 944 se
842 870 990 968 recipere
1006 873 1078 966 (63)
1088 900 1120 956 ,»
1137 896 1259 969 nempe

148 986 172 1057 in
196 987 345 1060 istorum
370 1003 497 1074 mente,
527 987 705 1086 supposito
732 985 861 1059 iamdiu
886 984 992 1059 libelli
1019 985 1152 1085 repudii
1170 1011 1255 1072 usu,

147 1100 247 1175 lloses
275 1099 387 1175 solum
411 1102 576 1176 vetuisset
600 1101 781 1200 quominus
807 1100 870 1174 viri
889 1101 1098 1200 repudiatam
1120 1126 1258 1174 uxorem

146 1215 248 1290 denuo
276 1218 484 1317 reciperent,
513 1243 617 1315 quum
643 1242 684 1289 ea
710 1217 783 1290 sive
809 1216 931 1287 reiecta
956 1215 1078 1289 luisset
1094 1214 1137 1287 ab
1154 1213 1260 1289 altero

146 1332 277 1420 marito,
306 1332 379 1406 site
403 1358 444 1406 eo
460 1347 590 1405 mortuo
614 1330 718 1406 vidua
743 1331 943 1417 mansisset;
974 1330 1126 1430 adeoque
1147 1330 1258 1403 lloses

145 1449 249 1546 potius
275 1449 430 1521 fraenum
456 1447 594 1549 aliquod
622 1446 761 1546 repudio
788 1447 979 1534 iniecisset,
1009 1444 1141 1519 sublata
1166 1446 1257 1519 omni

106 1642 109 1647 f
147 1589 199 1662 spe
224 1562 442 1664 repudiatam
468 1589 605 1636 uxorem
629 1589 791 1663 umquam
817 1562 1013 1661 recipiendi.

218 1679 344 1751 Verum
380 1695 614 1778 praeterquam
649 1678 740 1776 quod
773 1678 878 1775 gratis
915 1679 1099 1751 assumitur
1131 1677 1164 1748 in
1196 1676 1261 1750 hac

147 1792 356 1892 expositione
379 1793 452 1866 sive
476 1792 567 1891 apud
592 1809 709 1889 gentes
735 1810 881 1880 ceteras,
911 1793 983 1866 sive
1000 1792 1090 1892 apud
1117 1790 1260 1890 patriar-

144 1907 221 1981 chas
249 1923 284 1981 et
310 1906 475 1982 hebraeos
499 1907 687 1982 obtinuisse
712 1907 915 1981 matrimonii
944 1908 1149 1994 divortium,
1182 1931 1259 1979 cum

144 2022 243 2096 huius
270 2023 507 2097 affirmationis
534 2022 663 2097 nullum
689 2023 801 2096 afferri
822 2023 930 2122 possit
947 2023 1199 2109 documentum,
1220 2046 1260 2094 ac

143 2138 172 2211 in
196 2165 294 2212 mera
317 2139 509 2213 coniectura
534 2140 720 2228 consistat,
754 2139 864 2212 eidem
890 2140 1112 2212 adversantur
1133 2136 1259 2211 Christi

143 2255 242 2328 rerba
261 2254 407 2329 dicentis
422 2255 511 2356 apud
524 2256 726 2330 Matthaeum
746 2256 883 2328 «Moses
905 2254 949 2328 ob
967 2254 1125 2327 duritiam
1147 2252 1260 2327 cordis

143 2370 244 2444 vestri
268 2372 421 2469 permisit
443 2372 535 2445 nobis
561 2370 728 2446 dimittere
754 2397 873 2444 uxores
905 2387 1051 2458 vestras,
1088 2369 1131 2442 ab
1162 2368 1261 2441 initio

144 2502 253 2559 autern
279 2486 437 2560 nonfuit
463 2488 603 2575 sic,nex
629 2487 754 2588 quihus
786 2487 1071 2587 deprehendimus
1103 2501 1136 2559 et
1168 2483 1261 2584 quod

143 2603 252 2676 lloses
274 2605 462 2701 permiserit
478 2604 559 2678 dare
580 2603 731 2677 libellum
757 2605 908 2704 repudii,
930 2620 963 2678 et
980 2601 1070 2703 quod
1096 2601 1139 2674 ab
1165 2601 1261 2674 initio

144 2717 185 2791 ita
211 2745 281 2792 non
308 2718 423 2806 luerit,
453 2745 519 2793 non
546 2719 654 2793 solum
681 2720 716 2792 in
742 2720 951 2794 institutione
977 2719 1148 2817 primaeva
1180 2742 1261 2789 oon·

142 2833 248 2930 iugii,
279 2833 340 2906 sed
371 2835 472 2907 etiam
496 2850 593 2934 post,
623 2835 669 2907 ita
693 2851 731 2908 ut
756 2861 866 2934 usque
891 2834 934 2907 ad
960 2835 1098 2934 lloysen
1129 2830 1260 2904 nullum

142 2948 224 3022 forte
250 2949 387 3022 divortii
414 2949 503 3049 pleni
533 2949 724 3049 exemplum
752 2950 959 3051 inveniatur3
991 2948 1094 3049 idque
1123 2973 1163 3020 ex
1194 2962 1261 3019 tra·

140 3063 266 3138 ditione
279 3063 322 3136 de
335 3064 489 3138 instituta
501 3090 522 3138 a
532 3066 602 3139 Deo
616 3065 821 3138 matrimonii
840 3062 1151 3151 indissolubilitate,
1172 3087 1261 3160 quae

140 3179 262 3277 iugiter
287 3196 419 3254 servata
445 3196 514 3268 est,
542 3195 580 3253 ut
606 3179 718 3279 plures
744 3197 892 3255 censent.

209 3457 263 3522 (ss)
280 3458 444 3523 Boehmerns,
460 3461 509 3511 ins
525 3460 691 3512 melesiastic.
703 3465 913 3526 protestantium
932 3464 993 3514 tom.
1006 3465 1048 3514 lv.
1059 3462 1103 3513 lib.
1115 3464 1157 3513 lv.
1171 3461 1209 3512 tit.
1224 3469 1260 3513 19.

139 3538 161 3601 ς.
171 3543 194 3589 i.
205 3539 306 3590 dicens:
320 3561 332 3583 ι
343 3543 427 3591 llosen
438 3539 568 3593 dumtaxat
582 3542 748 3607 disposuisse,
764 3557 795 3593 ne
813 3542 966 3607 repudiatam
983 3543 1022 3593 vir
1037 3542 1118 3593 denua
1133 3541 1259 3593 duceret.»

138 3620 202 3682 Popp
215 3619 310 3682 pariter
327 3619 353 3668 in
365 3632 407 3683 op.
419 3624 574 3683 germaium
584 3620 698 3672 diuortio
710 3621 827 3686 amburgi
839 3625 864 3672 et
874 3622 995 3672 sulzbach
1010 3629 1076 3674 titio.
1089 3635 1143 3686 pag.
1153 3626 1181 3672 it
1192 3633 1261 3684 seqq.

138 3696 263 3747 liebetrut
279 3700 318 3747 De
337 3701 507 3748 matrimomo
523 3702 552 3749 in
567 3712 617 3750 sna
631 3699 691 3750 idea
708 3703 732 3750 et
750 3703 779 3750 in
793 3713 843 3751 sna
858 3701 985 3752 historice
1002 3701 1178 3765 explicatione
1190 3702 1262 3750 Bero-

138 3775 179 3826 tini
197 3781 269 3827 tesi.
282 3790 338 3840 pag.
354 3785 393 3828 55.
407 3780 432 3828 et
442 3778 468 3828 iii
483 3779 584 3842 quidem
603 3782 821 3844 protensionem
833 3781 960 3831 catholicis
977 3795 1035 3832 raro
1051 3781 1162 3832 mindam
1176 3779 1262 3831 sectati

137 3858 192 3905 sunt
202 3857 351 3907 sententiam
364 3857 454 3907 maed.
467 3859 590 3909 Leonlrart
601 3859 626 3908 in
637 3873 677 3922 op.
687 3873 762 3921 germ.
776 3859 973 3910 Observationes
982 3861 1014 3912 de
1024 3861 1203 3925 disputatione
1216 3862 1264 3908 Da

139 3938 202 3985 mini
220 3938 301 3986 lesu:
317 3937 411 3986 atram
426 3936 573 3988 divortium
584 3950 597 3988 e
609 3937 730 3988 doctrina
746 3942 900 4003 scripturae
917 3940 995 3989 liceat
1010 3953 1055 3990 nee
1067 3937 1264 4001 newemburgi

142 4022 205 4066 isos.
221 4029 278 4079 pag.
296 4024 320 4065 tt
334 4029 404 4079 seqq.
415 4016 569 4068 Kisternaler
590 4018 616 4067 in
637 4032 677 4081 op.
696 4033 772 4081 germ.
792 4022 945 4084 Disputatio
960 4023 1093 4082 exsertim
1102 4019 1262 4083 deprimatis

142 4098 210 4146 Petri
226 4098 253 4146 et
269 4094 303 4146 de
316 4099 481 4148 matrimonii
498 4098 615 4149 vinculo.
633 4100 764 4163 Gottingae
784 4107 854 4152 titos.
870 4099 893 4163 §.
907 4107 994 4164 apag.
1007 4107 1045 4150 si.
1059 4113 1163 4150 necnon
1178 4100 1204 4148 in
1220 4112 1261 4162 op.

141 4176 233 4228 Sarrae
246 4179 402 4241 scripturae
418 4181 480 4228 nani
492 4181 649 4230 Testamenti
666 4179 816 4231 translatae
826 4183 852 4230 et
865 4180 1023 4244 explicatae.
1036 4178 1178 4230 lllonasterii
1194 4186 1263 4231 1825.

144 4258 596 4322 ton.111.pag.stseqq.et10.snt.
611 4259 743 4322 liinlerim,
758 4263 796 4311 De
810 4263 979 4311 matrimonio
993 4274 1024 4313 ae
1038 4260 1154 4312 divortia
1164 4259 1263 4312 Diissol·

145 4333 207 4385 iorii
220 4344 287 4389 ists.
299 4350 355 4400 pag.
370 4342 422 4389 its.
430 4336 496 4403 apud
506 4338 653 4402 smlovtny
669 4352 710 4404 op.
723 4341 764 4390 cit.
778 4352 835 4404 pag.
847 4345 890 4392 tii
901 4353 971 4403 seqq.
