2796 5064
187 401 257 454 cir.
272 398 322 453 ιιι.
339 401 379 452 ιιι
392 399 489 452 aaran
505 400 596 451 rnen.
614 399 676 451 cra.
695 399 807 453 irnrss.
824 402 919 454 ιιιιι.
941 390 1020 454 ιιι.1
1034 403 1070 455 ιι.
1126 383 1195 456 tto

162 520 292 594 Pariter
315 518 494 594 concilium
524 519 727 594 triburiense
756 520 791 593 in
821 520 999 595 Germania
1023 547 1080 596 un.
1111 525 1193 595 tot.

109 632 249 722 ditium,
274 632 473 733 cauXLVl.
503 633 671 707 decrevit:
708 635 899 724 ullaritus,
928 637 1090 736 quamdiu
1120 639 1197 739 ipsa

109 748 276 845 adultera)
304 748 406 837 vivit,
437 748 530 822 nullo
556 749 655 823 modo
681 750 820 823 alteram
847 751 948 825 ducat
968 754 1081 848 (212).

109 964 112 969 ι
148 864 278 940 liudem
292 864 473 938 constituta
484 864 642 965 leguntur
654 864 688 936 in
702 865 849 965 capitulo
863 867 1044 939 Lxxxvtl.
1056 867 1133 940 libri
1141 868 1194 939 Vl.

109 979 282 1083 opitularis
307 978 417 1053 Caroli
444 980 488 1051 ll.
511 995 545 1052 et
568 979 726 1054 Ludovici
745 981 813 1069 Pii,
841 981 898 1054 ubi
926 1007 1033 1056 canon
1052 983 1094 1055 X.
1121 1009 1200 1058 con-

109 1094 144 1169 lii
158 1094 429 1169 herefordiensis
442 1095 604 1194 repetitur
616 1097 730 1191 (213).
747 1097 785 1167 ln
800 1096 947 1196 capitulo
961 1114 1072 1171 autem
1085 1097 1195 1172 CXCI.

109 1211 230 1287 nudem
256 1211 333 1284 libri
358 1210 590 1285 constituitur:
615 1211 826 1286 «Adnuntiet
849 1214 1086 1314 unusquisque
1103 1242 1197 1315 pres·

109 1342 270 1424 raetorum
296 1326 430 1427 publice
449 1326 538 1428 plebi
564 1327 607 1400 ab
634 1327 771 1401 inlicitis
800 1329 978 1403 connubiis
1005 1328 1194 1418 abstinere,

121 1441 313 1517 secundum
329 1441 463 1517 Domini
479 1443 695 1532 mandatum,
716 1442 902 1540 legitimum
918 1444 1113 1542 coniugium
1138 1472 1198 1519 ne-

109 1584 250 1660 taquam
265 1582 365 1658 posse
387 1557 457 1631 ulla
478 1559 655 1633 occasione
674 1560 845 1659 separari,
860 1575 999 1660 excepta
1015 1585 1119 1634 causa
1133 1561 1199 1634 ior-

109 1673 276 1762 cationis,
302 1673 369 1747 nisi
388 1697 556 1748 consensu
577 1673 770 1761 amborum,
791 1689 824 1747 et
849 1674 913 1748 hoc
934 1692 1070 1776 propter
1095 1676 1201 1749 serri-

109 1802 183 1864 :tem
210 1788 271 1862 Dei
293 1790 415 1885 (214),
435 1818 453 1858 ι
480 1788 605 1889 quibus
632 1788 773 1862 firmitas
798 1789 992 1862 omnimoda
1013 1789 1200 1888 coniugalis

109 1902 201 1980 ncnli
229 1904 437 1992 adstruitur;
467 1903 636 2004 siquidem
663 1904 831 2004 separatio
861 1906 1064 2006 permittitur
1097 1932 1200 1980 causa

109 2019 309 2094 nicationis
334 2019 451 2094 eadem
477 2019 622 2107 ratione,
643 2046 712 2120 qua
730 2036 845 2094 mutuo
863 2021 1065 2120 permittitur
1088 2021 1200 2095 ambo

109 2160 150 2233 un
177 2161 346 2210 consensu
369 2135 503 2236 pietatis
528 2161 651 2223 causa;
677 2136 744 2210 iam
765 2162 844 2211 vero
871 2162 930 2239 per
948 2154 1101 2211 mutuum
1120 2163 1201 2211 con-

109 2276 218 2327 usum
244 2252 393 2351 prolecto
416 2251 587 2325 vinculum
614 2278 681 2325 non
708 2250 896 2341 dirimitur,
917 2252 1069 2353 adeoque
1092 2280 1201 2355 neque

109 2382 215 2468 upter
238 2365 468 2440 lomicationis
494 2391 644 2440 causam.

148 2482 209 2557 Sic
229 2481 330 2555 etiam
347 2481 408 2555 lib.
429 2482 499 2554 Vll.
521 2509 597 2582 cap.
619 2482 763 2555 llllllll.
784 2483 930 2556 dicitur:
959 2515 976 2554 «
989 2484 1073 2573 Qui,
1100 2483 1201 2558 inter-

109 2599 234 2674 iniente
257 2598 419 2699 repudio,
443 2597 510 2672 alio
535 2625 573 2672 se
590 2598 802 2672 matrimonio
823 2598 1040 2699 copularunt,
1062 2623 1147 2700 quos
1165 2601 1199 2671 in

109 2730 224 2815 unque
248 2729 342 2814 parte
365 2712 535 2787 adulteros
554 2739 631 2786 esse
648 2714 864 2787 manifestum
883 2730 946 2787 est.
969 2713 1034 2799 Qui
1051 2739 1130 2787 vero
1146 2713 1199 2787 vel

109 2829 353 2918 connivente,
377 2831 533 2929 quamvis
559 2829 778 2904 dissociatum
803 2830 957 2904 rideatur
981 2856 1057 2904 esse
1082 2830 1200 2904 coniu-

109 2946 193 3033 ium,
219 2944 262 3018 ad
282 2945 381 3018 aliam
403 2945 558 3044 copulam
577 2946 799 3034 festinarunt,
821 2973 881 3020 nec
899 2962 1041 3048 possunt
1058 2945 1198 3019 adulteri
1283 3010 1284 3014 ,

109 3086 147 3136 tn
164 3060 292 3148 videri,
313 3061 348 3133 in
374 3076 502 3133 tantum
520 3076 557 3133 ut
574 3061 672 3133 etiam
691 3061 755 3134 hae
774 3087 961 3162 personae,
983 3060 1108 3161 quibus
1125 3087 1200 3134 con·

109 3175 187 3250 ructi
212 3191 309 3263 sunt,
338 3174 480 3248 adulteri
502 3201 579 3249 esse
604 3192 832 3250 monstrentur
852 3179 1002 3273 (215).»

151 3291 192 3364 ld
211 3290 324 3391 ipsum
341 3290 432 3392 apud
450 3317 587 3390 graecos
602 3293 610 3362 i
616 3319 695 3390 psos
709 3291 891 3393 aliquando
905 3292 1093 3366 obtinuisse
1107 3291 1197 3365 haud

109 3432 225 3483 occure
248 3407 406 3507 patefacit
426 3407 662 3481 documentum
681 3407 771 3507 quod
790 3408 982 3509 suppeditat
994 3408 1048 3482 ius
1061 3435 1198 3506 gracco·

157 3632 226 3695 (tit)
241 3631 312 3695 Apud
329 3631 450 3682 Hardoin.
468 3635 535 3682 Acta
549 3631 643 3682 concil.
656 3631 717 3682 tomi
729 3633 771 3681 v1.
788 3645 841 3695 par.
853 3633 873 3682 1.
884 3632 933 3681 col.
946 3636 1001 3681 tat.

159 3713 227 3776 (21³)
243 3712 281 3763 ct.
297 3712 467 3776 copttdcrta
482 3725 574 3775 repam
586 3711 711 3774 francor.
723 3711 763 3762 ed.
777 3712 895 3776 stephani
911 3712 1012 3762 Baluaii.
1024 3712 1102 3762 Paria.
1119 3715 1185 3762 1⁰77.

109 3806 141 3844 ιιι.
156 3794 176 3842 1.
192 3792 240 3842 col.
254 3798 308 3842 uto.

157 3871 227 3934 (uti)
244 3872 305 3923 tuto.
320 3874 368 3924 cot.
384 3879 495 3926 ott-tto.

156 3954 226 4016 (stt)
239 3951 304 4003 toto.
316 3954 365 4004 col.
379 3959 446 4005 tott.
459 3956 512 4005 Hoc
524 3956 605 4005 autem
616 3952 752 4017 capitulum
763 3953 920 4016 desumptum
934 3954 972 4002 est
982 3965 1012 4002 ex
1023 3952 1167 4001 innocentio
1177 3954 1196 4002 Ι.

109 4032 121 4085 “.
132 4030 174 4099 ,βο
190 4032 237 4083 hac
251 4032 422 4095 capitularium
437 4032 582 4084 collectione
597 4032 718 4083 eruditam
735 4032 909 4094 praelationum
919 4031 1035 4094 Stephani
1048 4031 1157 4094 Baluzii,
1172 4030 1196 4078 in

109 4124 130 4164 ι
153 4113 207 4177 ipsc
227 4111 336 4162 ostendit
354 4125 408 4163 eam
423 4113 524 4163 constari
546 4113 653 4163 murima
669 4126 699 4164 er
719 4115 787 4177 parte
802 4127 831 4162 ex
848 4111 951 4163 decretis
973 4125 1034 4161 rom.
1055 4109 1198 4174 pontificum

117 4191 283 4243 conciliorum
298 4191 351 4243 aire
366 4192 514 4256 generalium
530 4193 583 4242 sire
599 4193 794 4256 particularium.
813 4192 844 4241 ili
861 4192 917 4242 libri
930 4204 1033 4241 numero
1046 4192 1138 4254 septem
1149 4190 1199 4240 col-

109 4271 139 4323 eti
157 4273 186 4322 ct
205 4270 266 4322 aditi
288 4274 346 4323 erint
367 4271 398 4322 ab
421 4273 537 4336 Ansepso
558 4273 646 4324 mnata
666 4286 706 4323 an.
723 4277 777 4324 827.
789 4272 836 4322 sub
856 4271 959 4335 imperio
971 4270 1090 4321 Ludovtci
1104 4272 1123 4319 1.
1137 4272 1198 4320 eius·

109 4365 129 4402 ia
148 4351 212 4416 tilii,
225 4354 255 4403 ut
273 4354 369 4402 conatu
386 4366 415 4403 cn
437 4353 587 4416 praelatione
605 4353 636 4403 ad
656 4352 781 4403 librauit.
797 4351 996 4414 totopaguor.

1056 4431 1076 4474 tt
