2796 5064
203 379 275 431 cnr.
290 377 327 431 ιι.
343 378 385 429 ιι
398 377 511 429 mass.
530 378 625 428 ιιιι.
642 377 674 429 ιιι
688 377 779 429 cius.
794 378 909 430 snutr.
925 380 995 430 ιιι.
1013 381 1061 431 ιιι.
1117 359 1186 432 tta

97 493 162 573 lios
178 495 352 571 uinculum
373 494 551 592 coniugale
566 520 643 568 curn
661 511 766 568 morta
783 521 934 583 cessare;
955 499 1074 596 ecquis
1097 500 1187 572 enim

97 627 155 687 tter
182 611 370 686 corinthios
395 610 460 686 hoc
485 608 685 708 ignorabat?

137 725 307 827 Denique
335 751 376 800 ea
396 751 484 825 quae
505 723 672 799 habentur
695 751 749 800 vv.
772 729 829 799 39.
855 730 911 799 10.
934 744 1114 828 utrumque
1138 755 1189 804 re-

96 841 243 942 picinnt,
274 858 344 915 tum
362 843 413 915 ios
442 840 597 927 divortii,
621 865 687 915 non
705 840 843 941 quidem
864 857 1030 943 quatenus
1055 843 1121 919 hoc
1144 844 1189 919 lo·

96 982 148 1032 tm
176 956 304 1031 hahere
329 973 444 1056 posset
460 971 538 1055 post
558 970 713 1042 mortem,
734 955 794 1029 sad
816 971 983 1056 quatenus
1008 974 1085 1031 ante
1101 984 1189 1031 mor·

96 1096 137 1147 Ιιι
168 1070 339 1146 eiusmodi
365 1071 418 1144 ius
448 1070 535 1144 inter
565 1068 770 1144 christianos
797 1071 926 1144 nullum
956 1072 1090 1160 existit;
1119 1088 1188 1146 tum

96 1185 260 1263 cnsilium
291 1185 510 1286 permanendi
536 1186 572 1258 in
593 1185 756 1260 viduitate
772 1185 926 1285 praebet,
950 1187 1061 1286 potius
1086 1213 1187 1287 quam

96 1301 171 1377 oris
190 1327 231 1376 se
248 1301 377 1400 nuptiis
398 1299 605 1400 implicandi.

140 1415 307 1490 Biblicam
327 1416 431 1514 igitur
446 1416 633 1490 doctrinam
651 1431 867 1516 suspectare,
883 1433 920 1490 ut
937 1442 1045 1517 neque
1058 1417 1093 1490 in
1106 1443 1186 1493 casu

95 1529 229 1605 dulterii
241 1531 328 1606 inter
345 1530 549 1606 christianos
568 1530 709 1606 dissolvi
724 1532 988 1631 possitconiugii
1000 1533 1183 1618 uinculum,

95 1645 162 1721 nod
190 1645 266 1721 sola
286 1661 392 1721 morte
407 1646 576 1743 dirimitur
596 1672 637 1719 ex
661 1645 825 1720 hactenus
850 1646 949 1720 dictis
972 1647 1186 1721 manifestum

95 1777 120 1835 t.
149 1760 263 1860 Atque
290 1778 328 1835 ut
353 1786 440 1862 quae
465 1761 584 1835 lusiori
609 1760 739 1834 calamo
758 1761 911 1861 exposite
937 1778 1040 1848 sunt,
1070 1763 1187 1861 paucis

94 1875 338 1964 rodebamus,
364 1893 455 1976 petet
479 1901 519 1949 ex
544 1876 647 1950 dictis
673 1892 774 1950 totam
802 1875 1035 1951 difficultatem
1059 1881 1185 1952 uersari

94 1991 159 2064 irca
174 1988 428 2087 intelligentiam
438 1991 580 2064 duorum
595 2006 743 2064 textuum
750 1991 867 2064 llatth.
886 1988 923 2062 V.
937 1993 995 2064 32.
1007 1993 1135 2066 etxtx.
1149 1998 1181 2064 9.

94 2105 115 2178 b
142 2102 353 2180 interiectam
381 2104 593 2180 clausulam:
625 2121 761 2205 recepto
796 2106 1021 2206 fornicationis
1059 2134 1182 2193 ccttso,

94 2222 139 2294 ici
162 2219 203 2292 οὗ
222 2220 490 2319 fumeum.-
505 2246 593 2320 quae
611 2220 749 2320 quidem
766 2218 919 2294 clausula
945 2237 1014 2294 tum
1036 2221 1078 2295 ad
1105 2223 1188 2294 sim-

93 2333 193 2413 licam
209 2334 464 2423 dimissionem,
487 2352 557 2409 tum
574 2336 618 2410 ad
639 2335 895 2410 dissolutionem
912 2337 1014 2410 etiam
1032 2337 1181 2436 coniugii

93 2448 187 2525 uerri
223 2475 325 2549 posse
354 2447 501 2524 videtur.
523 2448 566 2523 dt
590 2450 619 2522 si
650 2476 731 2550 prae
760 2449 868 2524 oculis
886 2446 1072 2525 habeamus
1090 2451 1188 2524 Chri-

93 2564 115 2639 ti
141 2580 287 2638 mentem
313 2563 470 2639 abolendi
490 2563 596 2638 libelli
625 2565 770 2664 repudii,
791 2579 892 2665 atque
916 2565 1094 2639 revocandi
1111 2592 1188 2640 con·

92 2680 153 2779 rgii
181 2680 270 2753 inter
303 2679 421 2754 fideles
456 2706 537 2754 suos
572 2680 614 2753 ud
646 2681 853 2780 primaevam
873 2679 1134 2767 institutionem
1156 2683 1184 2753 si

92 2809 198 2869 wenta
219 2811 412 2894 spectemus
431 2794 608 2870 verborum
626 2809 833 2880 contextum
861 2794 894 2868 si
923 2819 1104 2893 pensemus
1138 2795 1187 2866 in-

92 2909 260 2996 ommoda,
275 2935 364 3009 quae
389 2909 602 3009 provenirent
620 2936 660 2984 ex
685 2935 800 2984 eorum
821 2909 1103 3008 interpretatione,
1124 2934 1184 3009 qm

93 3021 163 3097 lam
190 3022 384 3122 pertrahere
403 3022 527 3098 uellent
543 3024 586 3097 ad
604 3024 783 3097 divortium
807 3022 1011 3123 perlectum,
1038 3023 1123 3097 adeo
1149 3040 1187 3096 ut

92 3164 106 3211 ι
130 3163 238 3212 causa
264 3137 514 3225 fornicationis,
531 3164 597 3212 non
615 3136 716 3212 modo
732 3137 846 3211 liceret
863 3163 953 3211 ream
978 3163 1114 3212 uxorem
1133 3138 1186 3210 di·

91 3253 226 3339 rittere,
255 3253 316 3328 sed
341 3254 441 3328 etiam
459 3253 561 3327 aliam
579 3253 723 3340 ducere,
745 3253 974 3353 dimissaeque
995 3252 1109 3327 liceret
1137 3253 1186 3326 al·

91 3367 132 3441 tri
167 3366 314 3455 nubere;
353 3369 384 3442 si
410 3369 524 3442 omnia
557 3368 640 3442 haee
675 3368 737 3443 rite
776 3367 1045 3466 perpendantur,
1073 3370 1185 3442 omnia

91 3481 235 3569 radant,
251 3508 293 3556 ac
315 3508 394 3558 vero
410 3483 511 3556 etiam
530 3482 735 3582 persuadent
750 3482 793 3555 ad
812 3481 918 3556 solam
936 3482 1181 3568 dimissionem,

90 3595 260 3671 lausnlam
287 3594 378 3668 illam
403 3622 481 3670 csse
502 3595 736 3670 coercendam.

140 3711 235 3786 Haec
255 3727 367 3785 autem
392 3711 513 3785 mirum
545 3711 580 3783 in
605 3710 742 3784 modum
761 3709 1001 3783 confirmantur
1018 3736 1058 3784 ac
1075 3710 1183 3784 lucem

90 3826 243 3926 acipiunt
259 3852 301 3899 ex
312 3824 489 3901 collatione
506 3825 752 3925 praedictorum
770 3839 917 3898 tertuum
935 3850 1011 3898 cum
1029 3825 1085 3911 iis,
1097 3849 1185 3933 quoe

90 3941 229 4017 hristus
248 3941 403 4039 privatim
426 3940 602 4042 discipulis
619 3940 692 4015 suis
710 3941 823 4037 ipsum
840 3939 958 4013 eadem
975 3940 1018 4014 de
1035 3966 1071 4013 re
1088 3940 1186 4012 inter·

89 4055 270 4158 agentibus
293 4080 371 4129 cum
395 4072 510 4130 essent
526 4057 563 4128 io
586 4055 678 4128 domo
707 4054 798 4154 apud
815 4055 962 4129 Marcum
986 4055 1027 4125 X.
1052 4052 1110 4126 ubi
1140 4052 1185 4125 lo
1211 4068 1217 4075 ·

90 4196 179 4249 oens
195 4171 242 4245 de
257 4169 383 4245 vinculi
401 4168 697 4244 indissolubilitate
721 4169 848 4243 nullam
872 4169 1099 4269 exceptionem
1125 4193 1185 4266 po-

89 4287 151 4362 nit.
169 4285 420 4361 confirmantur
435 4284 536 4366 etiam
553 4312 594 4359 ex
607 4286 663 4372 iis,
673 4312 762 4385 quae
778 4283 945 4358 habentur
958 4283 1047 4383 apud
1061 4285 1184 4357 lucam
