2796 5064
345 365 415 415 aar.
431 365 463 413 v.
485 364 525 416 os
539 364 648 415 sotor.
665 366 792 418 ιιιιιιιι.
808 366 904 418 mur.
922 368 992 419 aar.
1009 367 1046 419 ιι.
1190 346 1255 418 431

138 486 319 569 dixerunt,
347 497 387 556 ut
409 481 461 555 sic
484 480 647 560 inferrent
671 484 769 559 toties
793 498 922 560 veteres
948 485 1077 560 locutos
1107 509 1185 560 esse
1216 486 1262 560 de

136 598 307 674 solutione
320 596 433 696 quoad
445 596 640 685 vinculum,
662 599 796 696 quoties
812 599 856 673 de
874 599 1020 696 coniugii
1038 599 1262 699 diremptione

134 714 390 800 disseruerunt,
408 711 480 787 sive
496 712 540 787 ob
558 713 832 802 fornicationem,
853 715 925 789 sive
941 714 985 788 oh
1003 714 1103 788 eliam
1120 741 1260 790 oausam

137 831 493 932 quamcumque(1'l).
510 828 572 902 Ast
585 856 759 931 perperam
771 829 856 904 haee
868 832 1055 928 excogitata
1069 841 1145 905 esse
1163 831 1262 905 laoile

137 960 189 1020 est
209 943 407 1029 ostendere,
430 943 460 1016 si
482 942 565 1018 ratio
590 943 756 1017 habeatur
777 961 846 1017 tum
872 945 1012 1018 intimae
1033 946 1080 1016 rei
1099 961 1258 1032 naturae,

138 1077 209 1135 tum
241 1061 516 1134 documentorum
545 1086 634 1159 quae
666 1086 708 1133 en
741 1059 940 1159 antiquitate
970 1060 1129 1134 universa
1160 1060 1261 1135 nobis

138 1189 342 1277 suppetunt,
366 1189 437 1247 tum
465 1174 648 1272 generatim
673 1173 1044 1249 sensus'tr‘aditiouelis
1074 1175 1261 1250 catholicae

139 1290 324 1376 ecelesiae,
352 1289 478 1389 quibus
499 1291 657 1365 certiores
683 1290 850 1363 allicimur
870 1289 993 1386 iugiter
1011 1316 1032 1363 a
1054 1288 1261 1363 christianae

140 1405 188 1477 rei
214 1403 411 1503 primordiis
433 1429 507 1477 eam
529 1404 715 1478 doctrinam
740 1419 774 1477 et
798 1404 928 1502 praxim
954 1402 1153 1477 obtinuisse.
1184 1403 1260 1476 Sin-

140 1520 220 1619 gula
243 1520 508 1620 perpendamus.

212 1637 326 1709 Primo
350 1637 440 1708 enim
466 1636 617 1708 intimam
643 1636 690 1709 rei
712 1644 780 1735 qua
805 1635 848 1708 de
869 1635 1004 1733 'agimus
1030 1651 1183 1709 naturam
1199 1662 1258 1707 ex-

140 1775 281 1850 poscere
314 1748 558 1848 separationem
585 1749 657 1822 sive
682 1764 931 1849 temporaneam
964 1749 1034 1823 sive
1064 1764 1258 1849 perpetuom

141 1865 344 1962 coniugum,
372 1862 531 1937 incolumi
557 1864 761 1937 matrimonii
781 1863 937 1951 vinculo,
958 1879 1090 1938 constet
1106 1867 1141 1936 1.
1161 1891 1202 1938 ex
1219 1891 1260 1938 eo

141 1980 232 2080 quod
258 1981 305 2053 sit
329 1979 365 2051 in
389 1979 570 2076 coniugum
595 1978 731 2054 arbitrio
751 1979 787 2051 in
809 1980 1013 2054 continentia
1028 1981 1159 2066 vivers3
1181 1980 1260 2054 licet

142 2095 354 2171 individuam
378 2096 469 2169 vitae
492 2095 769 2171 consuetudinem
796 2096 997 2169 retineant:'
1014 2120 1082 2194 quc
1112 2097 1147 2168 in
1178 2121 1261 2170 casu

141 2208 286 2284 habetur
309 2209 446 2309 quidem
472 2210 680 2308 separation
704 2226 794 2296 toro,
820 2210 960 2283 minime
982 2235 1061 2283 raro
1082 2209 1261 2309 diremptio

140 2324 326 2400 avinculo.
350 2324 476 2423 Ecquis
498 2351 597 2424 porro
617 2324 680 2398 ibit
701 2325 833 2399 inficias
856 2326 892 2397 in
910 2326 1091 2422 coniugum
1107 2334 1184 2400 esse
1201 2352 1261 2425 po-

140 2457 260 2515 testate
285 2441 333 2513 ita
359 2466 396 2513 se
421 2466 557 2537 gerere,
583 2441 684 2512 immo
702 2466 781 2514 vero
799 2441 841 2513 ad
860 2439 948 2513 banc
965 2440 1008 2512 ah
1026 2467 1090 2513 usu
1111 2441 1259 2539 coniugii

140 2556 378 2632 abstinentiam
395 2573 470 2631 roto
487 2557 589 2629 etiam
607 2583 644 2631 se
661 2555 900 2652 obstringere?
920 2558 1024 2629 Nemo
1041 2571 1153 2629 autem
1171 2557 1261 2630 dicet

140 2672 267 2746 liberos
282 2671 448 2745 eiusmodi
466 2671 628 2769 coniuges
654 2696 731 2744 esse
756 2669 799 2743 ad
824 2696 947 2744 novum
972 2669 1158 2743 ineundum
1180 2694 1261 2743 con-

141 2787 285 2885 iugium.
308 2789 424 2887 ltaque
444 2787 510 2859 hac
530 2787 566 2858 in
592 2785 773 2885 hypothesi
791 2784 1131 2859 habetur'divortium
1147 2783 1259 2883 quoad

141 2918 265 2989 torum,
292 2901 431 2976 minime
454 2927 532 2976 vero
557 2900 669 2999 quoad
689 2898 871 2974 vinculum.
893 2900 981 2996 Ergo
999 2899 1047 2972 rei
1070 2899 1180 2997 ipsius
1198 2922 1259 2971 aa·

141 3034 217 3091 tura
244 3015 410 3115 postulat,
437 3033 476 3089 ut
498 3015 665 3089 eiusmodi
691 3016 858 3115 separatio
877 3014 1082 3087 admittatur.
1200 3064 1201 3069 ι

216 3134 252 3204 2.
272 3132 411 3205 Constat
426 3157 468 3204 ex
483 3157 565 3204 casu
583 3130 674 3204 baud
693 3131 892 3230 infrequenti
914 3129 1042 3227 gravis,
1064 3128 1256 3215 diuturnae,

142 3272 183 3321 ac
207 3271 288 3320 vero
312 3247 412 3320 etiem
437 3260 619 3345 perpetuae
650 3246 853 3319 infirmitatis
887 3244 1079 3318 alterutrius
1108 3242 1261 3341 coniugis

142 3361 179 3434 in
205 3385 274 3459 quo
298 3358 342 3433 ah
368 3385 434 3433 usu
464 3360 612 3457 coniugii
637 3359 796 3434 cohibere
820 3385 858 3432 se
881 3358 1024 3445 dehent,
1061 3374 1094 3432 et
1127 3358 1260 3436 interim
1331 3389 1334 3394 ’

141 3490 297 3548 mutuum
324 3474 390 3548 sihi
416 3475 578 3548 auxilium
604 3473 763 3575 praebere
788 3474 824 3545 in
850 3501 885 3548 re
909 3473 1086 3560 familiari,
1108 3488 1208 3573 atque
1226 3473 1261 3544 in

143 3588 273 3664 sobolis
292 3588 420 3662 iamdiu
440 3606 630 3689 procreatae
647 3590 866 3664 institutione.
887 3590 940 3661 En
956 3590 1075 3663 iterum
1094 3586 1261 3688 quomodo

142 3720 265 3777 natura
289 3703 435 3802 postulet
458 3706 701 3804 separationem
727 3705 839 3806 quoad
864 3721 972 3779 torum
989 3705 1122 3803 vigente
1144 3703 1261 3777 coniu-

141 3819 210 3916 gali
228 3819 381 3893 vinculot
397 3820 570 3920 Siquidem
589 3848 650 3894 nec
675 3821 711 3893 hi
738 3838 881 3920 possunt
901 3846 1003 3896 novas
1021 3821 1107 3893 inire
1124 3819 1260 3919 nuptias

141 3935 249 4010 altero
273 3935 385 4009 adbuc
410 3937 445 4009 in
470 3938 556 4011 vivis
579 3954 707 4034 egente,

220 4166 271 4226 (ιι)
287 4167 324 4215 ltu
339 4177 425 4216 omnes
442 4166 592 4230 antiquiores
613 4165 727 4216 haeretiei
745 4169 885 4218 saee.xv1.
901 4168 1024 4218 Lutherus
1045 4168 1070 4216 in
1082 4167 1125 4218 tib.
1138 4170 1175 4217 De
1187 4169 1257 4232 capt.

140 4241 236 4307 Bahal.
252 4257 307 4308 cap.
322 4247 358 4295 De
377 4247 493 4296 motum.
509 4245 596 4310 Philip.
611 4245 765 4297 Melanchton
783 4247 809 4296 in
820 4249 878 4298 tce.
891 4247 1002 4311 theolcp.
1016 4248 1053 4298 et.
1067 4250 1109 4311 ¹De
1122 4250 1257 4311 contecto,

140 4322 298 4374 chemuitim
318 4325 344 4373 in
366 4327 397 4374 u.
412 4328 474 4389 part.
489 4328 614 4376 Exorata.
627 4339 696 4376 eone.
708 4325 767 4376 trid.
781 4327 873 4390 alliquo
892 4327 992 4390 passim.
