2796 5064
241 399 312 449 cnr.
328 398 373 448 rr.
389 398 430 447 oc
445 397 557 449 annac.
577 398 669 449 raam
684 399 721 448 nr
734 360 809 449 clnss
824 400 969 450 rnrocnr.
987 401 1058 450 aar.
1076 402 1111 452 n.
1167 380 1234 450 lli

187 518 391 616 Anonymus
418 541 497 590 vero
522 532 639 590 auctor
655 517 768 615 operis
793 519 841 589 Dc
863 533 1018 616 potestate
1035 520 1185 615 ccclesiae
1203 523 1238 592 in

121 634 364 705 matrimonium
388 647 419 703 ct
443 631 481 703 dc
507 632 794 704 indissolubilitate
822 635 1024 705 matrimonii
1047 661 1101 707 an.
1128 637 1235 706 itit.

121 748 244 846 vulgati
260 806 268 828 ,
291 774 332 820 ex
348 747 491 821 historia
507 775 610 848 quam
632 747 744 822 retulit
766 748 809 822 de
835 765 962 822 mutata
979 750 1118 824 canonis
1135 750 1240 823 lorma

121 863 311 948 concludit,
337 862 529 936 mirandum
547 891 614 936 non
633 889 729 951 csse,
758 863 849 963 quod
868 890 997 952 canon,
1017 866 1075 964 qui
1093 865 1240 965 politicis

121 980 250 1076 magis,
270 1005 373 1078 quam
391 977 629 1052 ecclesiasticis
647 978 811 1076 auspiciis
829 994 928 1050 natus
947 978 1004 1065 sit,
1024 980 1058 1051 in
1077 1005 1117 1052 aa
1135 979 1241 1054 forma

121 1095 278 1168 conditus
296 1093 412 1180 fuerit,
435 1119 524 1193 quae
544 1118 621 1166 cum
641 1093 803 1190 dignitato
827 1093 989 1167 ecclesiae
1016 1119 1135 1193 parum
1161 1121 1241 1169 con·

121 1209 228 1283 ciliari
243 1208 363 1308 possit,
374 1210 502 1309 quippe
514 1235 603 1308 quae
617 1208 818 1282 contrariam
831 1209 1017 1283 doctrinam
1027 1235 1094 1282 non
1105 1209 1240 1284 damna·

121 1324 225 1411 uerit3
253 1350 314 1397 nec
335 1349 515 1424 superesse
539 1322 650 1411 aliud,
679 1350 781 1423 quam
806 1341 845 1397 ut
868 1323 970 1397 verba
986 1325 1147 1399 canonis:
1167 1352 1241 1397 cam

121 1438 230 1512 docuit
243 1439 393 1522 etdocct,
415 1438 642 1513 conditionate
659 1454 895 1538 supponantur
912 1439 977 1513 hoc
989 1465 1113 1513 sensu:
1135 1439 1241 1513 eccle·

121 1554 206 1628 siam
234 1582 301 1628 non
327 1580 457 1640 errare,
485 1557 518 1626 si
541 1554 709 1642 docuerit,
738 1572 771 1628 et
794 1571 871 1628 actu
894 1554 1031 1642 doceat3
1058 1581 1155 1629 secus
1181 1581 1241 1654 pa-

121 1687 189 1744 tres
209 1671 409 1745 tridentinos
427 1671 626 1744 historicum
644 1696 790 1744 errorem
803 1670 1014 1744 commisisse
1026 1687 1236 1772 sequeretur,

121 1801 239 1884 utpote
256 1786 315 1884 qui
334 1785 599 1859 existimaverint
610 1785 797 1858 doctrinam
810 1785 853 1857 dc
865 1785 1161 1861 indissolubilitate
1173 1812 1241 1858 rna-

121 1902 270 1974 trimonii
292 1927 353 2000 pro
373 1927 456 1976 casu
478 1901 633 1975 adulterii
653 1928 711 2001 per
728 1928 889 1975 canonem
908 1901 977 1973 Vll.
998 1927 1094 1976 conc.
1120 1903 1241 1976 triden-

121 2017 182 2088 tini
202 2042 291 2089 sess.
310 2016 422 2090 lllllV.
448 2016 653 2117 propositam
671 2017 736 2089 iam
752 2031 850 2090 antea
872 2015 915 2089 ab
934 2017 1077 2091 ecclesia
1094 2016 1241 2092 declara-

121 2147 189 2205 tam
216 2130 343 2219 inissa,
372 2156 447 2204 cum
474 2149 584 2205 tamen
613 2132 647 2203 id
675 2130 799 2204 factum
826 2130 916 2204 haud
947 2131 1047 2206 fuerit
1073 2135 1162 2229 (37).
1192 2134 1242 2206 lta

121 2243 276 2318 nonnulli
302 2245 389 2318 serio
415 2245 608 2343 nuganturl

195 2360 257 2432 dst
281 2386 391 2458 neque
415 2358 472 2432 hic
496 2359 588 2433 stetit
608 2361 655 2433 lo.
686 2361 850 2460 losephus
875 2363 969 2450 Batz,
989 2363 1141 2463 quicum
1160 2364 1242 2435 lau·

121 2474 203 2548 noio
224 2488 295 2545 turn
313 2498 458 2547 canonos
477 2473 625 2572 reliquos
650 2501 757 2574 nuper
781 2492 1076 2563 commemoratos,
1096 2493 1167 2551 tum
1185 2503 1242 2553 ca-

121 2614 246 2662 nonem
259 2587 350 2661 hunc
362 2589 432 2659 llll.
449 2588 687 2687 disciplinares
701 2617 777 2664 esse
790 2590 950 2679 affirmat;
968 2593 1028 2666 sed
1046 2593 1125 2666 dato
1141 2593 1241 2666 etiam

121 2720 155 2778 ot
172 2730 240 2776 non
258 2729 438 2790 concesso,
459 2704 626 2779 eiusmodi
652 2731 813 2780 canonem
832 2706 1050 2780 doctrinalem
1069 2731 1163 2792 esse,
1190 2707 1242 2779 in-

121 2820 325 2920 quirendum
348 2820 458 2893 adhuc
477 2846 554 2894 esse
572 2821 635 2909 ait,
657 2848 699 2894 an
718 2847 784 2895 non
803 2822 955 2921 synodus
972 2847 1134 2896 canonem
1151 2822 1242 2894 hunc

121 2935 318 3020 condendo,
339 2934 463 3008 limites
481 2937 655 3034 potestatis
674 2962 757 3010 suae
773 2937 977 3010 excesserit?
994 2937 1094 3024 Cum,
1114 2954 1152 3011 ut
1168 2937 1243 3037 ipse

123 3051 189 3135 ait,
215 3075 275 3150 pro
297 3050 449 3123 doctrina
463 3051 656 3148 evangelica
680 3068 713 3124 et
731 3051 915 3149 apostolica
932 3078 972 3124 ea
991 3049 1100 3125 solum
1118 3051 1242 3127 veritas

122 3165 318 3262 scripturae
334 3189 405 3238 sac.
434 3164 552 3237 haberi
573 3166 702 3265 possit,
723 3193 824 3266 quam
850 3183 961 3266 patres
979 3166 1142 3241 ecclesiae
1157 3196 1242 3242 una-

124 3279 209 3351 nimi
236 3304 403 3352 consensu
428 3305 489 3377 pro
517 3278 574 3352 tali
593 3278 740 3353 habent:
764 3280 798 3351 id
823 3280 913 3381 quod
935 3282 979 3355 de
1003 3281 1243 3358 indissolubili·

123 3412 193 3469 tate
218 3395 421 3469 matrimonii
450 3395 635 3494 praedicari
662 3397 780 3496 nequit
799 3401 888 3492 (38).

211 3509 338 3584 Omitto
362 3510 563 3599 Sochcrum,
593 3512 651 3612 qui
678 3512 858 3586 arbitratur
892 3532 993 3588 totam
1026 3515 1112 3590 hanc
1140 3543 1244 3616 quae-

121 3714 232 3769 scidorfii
251 3719 317 3766 taot.
334 3728 389 3780 pag.
411 3724 441 3767 8³
461 3730 530 3780 seqq.
549 3716 666 3768 adversus
691 3731 764 3780 quem
785 3719 857 3770 coni.
880 3719 1068 3782 Polychronium
1091 3722 1241 3783 Gossmann,

124 3798 285 3847 Dissertatio
307 3795 507 3845 biblico-critica
536 3795 568 3845 de
597 3810 626 3845 eo
648 3797 719 3860 quod
743 3801 770 3846 m
796 3811 860 3847 cosa
888 3798 1018 3848 adulterii
1037 3801 1155 3860 conlucis
1174 3800 1246 3848 circa

121 3873 264 3939 amentum
285 3876 448 3924 matrimonii
474 3887 508 3923 ca
528 3875 582 3938 ieqe
602 3875 696 3924 divina
716 3879 816 3926 iustum
836 3879 883 3927 est.
901 3877 971 3940 Apud
993 3877 1185 3927 Binthorimloc.
1198 3877 1241 3927 cit.

123 3969 181 4020 pag.
201 3959 242 4005 tit
257 3968 309 4017 seq.
327 3957 353 4004 et
376 3954 456 4004 larabi
480 3969 522 4018 op.
542 3955 584 4004 cit.
606 3956 833 4007 Indissoiubititos
853 3958 955 4008 vinculi
976 3956 1181 4007 matrimonialia
1199 3956 1241 4005 dc·

123 4036 282 4084 rnonstrota
297 4045 332 4082 aa
344 4036 403 4083 iare
415 4033 536 4084 naturali
550 4036 575 4083 ct
591 4037 703 4097 positivo
714 4034 814 4086 diuino.
832 4036 972 4100 moguntiae
990 4040 1057 4088 titi.
1071 4048 1094 4097 p.
1113 4040 1156 4085 tut
1171 4048 1240 4098 seqq.

121 4113 162 4164 ct.
180 4112 328 4176 annovam
344 4126 385 4177 op.
398 4113 441 4164 cii.
455 4117 495 4164 Dc
505 4115 587 4164 matr.
600 4116 660 4163 tom.
678 4116 707 4165 ll.
722 4128 777 4178 pag·
791 4119 845 4166 alt.
857 4128 910 4179 seq.

202 4191 253 4254 (³7)
270 4191 340 4255 Apud
361 4193 505 4257 liositovany
522 4194 582 4245 ibid.

203 4272 254 4335 (aa)
269 4274 299 4322 lu
317 4286 358 4335 op.
377 4286 453 4336 germ.
478 4279 625 4326 Harmonia
644 4276 733 4338 tecum
751 4277 873 4330 civilium
900 4281 1032 4331 Boeotiae
1058 4279 1243 4331 dicorttoiium

121 4367 184 4405 raim
206 4366 261 4404 soc.
278 4355 417 4417 Scriptura
439 4358 465 4406 et
486 4355 637 4407 traditione.
655 4356 717 4408 ibid.
740 4370 794 4420 pag.
810 4362 864 4410 att.
