2796 5064
273 424 545 477 sternuentes.
560 423 754 486 utrumn,
771 424 835 474 non
849 424 1010 474 consuunt.
1027 425 1098 473 snr.
1110 424 1145 474 n.
1204 403 1271 475 l83

147 545 297 646 cipium:
330 574 347 613 o
364 542 462 629 Quod
482 543 641 615 universa
659 556 748 614 tenet
765 542 927 628 ecclesia,
957 567 1018 614 nec
1043 541 1196 614 conciliis
1224 543 1273 613 in·

148 662 325 747 stitutum,
356 658 417 733 sed
443 684 575 757 semper
599 671 761 730 retentum
788 673 857 744 est,
891 683 957 731 non
984 658 1051 730 nisi
1077 657 1273 730 auctoritate

148 772 339 873 apostolica
364 773 522 845 traditum
548 771 734 845 rectissime
755 771 902 844 creditur
922 775 1042 867 (58).»

233 889 344 988 Atque
368 888 436 960 huo
457 903 587 986 spectat
607 887 737 960 theoria
764 912 866 985 quam
891 887 1049 960 dedimus
1076 889 1111 959 in
1144 888 1272 962 nostris

146 1000 432 1102 praelectionibus
457 1001 500 1074 de
526 1001 742 1075 distinctione
760 1001 845 1073 inter
864 1000 1075 1074 traditionem
1093 1019 1126 1074 et
1145 1003 1272 1077 instru-

147 1133 262 1191 menta
284 1144 346 1190 seu
370 1117 503 1204 media,
524 1143 586 1216 per
603 1142 691 1217 quae
712 1117 929 1214 agnoscimus
941 1116 1155 1190 traditionem
1178 1123 1266 1213 (to).

146 1233 235 1306 Fieri
260 1233 356 1305 enim
382 1249 511 1332 potest,
540 1249 578 1305 ut
601 1233 712 1329 vigeat
745 1231 897 1319 traditio,
936 1257 997 1304 nec
1023 1248 1134 1305 tamen
1159 1234 1273 1307 omnia

146 1363 330 1448 suppetant
345 1348 568 1421 instrumenta
593 1347 636 1420 ad
662 1346 755 1419 illam
780 1345 1071 1444 cognoscendam,
1096 1348 1170 1420 sive
1190 1349 1273 1446 quia

146 1490 216 1538 non
241 1464 355 1536 omnia
383 1462 504 1536 litteris
531 1479 588 1536 aut
612 1462 839 1538 monumentis
859 1462 1057 1558 consignata
1079 1478 1177 1548 sunt,
1200 1464 1272 1537 sive

145 1579 230 1677 quia
243 1576 405 1651 nonnulla
421 1604 536 1652 eorum
553 1578 714 1677 temporis
732 1579 880 1652 decursu
891 1579 1084 1678 perierunt,
1103 1579 1176 1651 sive
1193 1579 1270 1651 aliis

145 1692 420 1793 quibuscumque
444 1693 487 1766 de
512 1693 639 1766 causis,
669 1693 788 1766 Verum
821 1693 877 1765 hio
907 1693 1060 1767 delectus
1095 1693 1273 1793 suppletur

145 1807 313 1882 ecclesiae
337 1809 432 1907 praxi
458 1835 498 1881 ac
523 1809 594 1905 iugi
621 1835 726 1881 sensu
752 1807 976 1897 traditionali,
998 1810 1057 1908 qui
1083 1809 1170 1882 lacto
1196 1809 1271 1910 ipso

146 1922 298 1998 decurrit
321 1949 381 2021 per
401 1923 549 1998 saecula.
578 1923 685 2024 ldque
711 1949 825 1996 revera
851 1924 974 1997 lactum
1001 1925 1157 1998 novimus
1178 1924 1213 1995 in
1234 1950 1272 1996 re

144 2037 188 2111 de
206 2064 276 2137 qua
295 2038 447 2135 agimus,
469 2056 640 2139 quamque
666 2037 792 2137 ubique
814 2054 982 2138 receptam
1000 2064 1040 2111 ac
1066 2038 1272 2113 invalescen-

145 2167 214 2224 tem
233 2152 387 2226 novimus
409 2153 531 2252 quavis
552 2152 717 2227 ecclesiae
735 2168 865 2240 aetate,
886 2153 988 2253 quin,
1010 2168 1047 2225 ut
1067 2153 1204 2252 saepius
1222 2152 1272 2224 di-

144 2266 279 2353 ximus,
307 2267 470 2363 originem
491 2266 745 2367 deprehendere
770 2269 957 2366 possimus.

221 2383 270 2454 Ne
290 2396 402 2454 autem
426 2382 602 2482 quidpiam
629 2384 664 2454 in
692 2382 850 2480 ambiguo
871 2383 1124 2482 relinquamus,
1146 2381 1270 2456 multos

143 2497 288 2571 offendit
307 2498 437 2597 quoda
461 2497 559 2571 nobis
577 2498 711 2571 dicatur
732 2498 848 2571 divino
874 2499 1018 2598 positivo
1038 2499 1135 2584 iure,
1164 2523 1272 2597 eoque

144 2611 342 2685 immediato
367 2613 585 2686 constitutum
605 2612 732 2699 luisse,
753 2627 790 2684 ut
808 2613 1057 2685 matrimonium
1073 2627 1179 2684 ratum
1198 2611 1271 2684 dis·

144 2725 296 2800 solvatur
312 2727 357 2801 ob
375 2731 558 2801 solemnem
578 2728 752 2825 religionis
771 2727 1035 2827 professionem,
1059 2752 1134 2799 cum
1157 2741 1269 2799 tamen

143 2842 281 2916 nonnisi
307 2843 416 2917 serius
441 2860 475 2917 et
496 2842 633 2943 quidem
661 2844 892 2917 ecclesiastica
913 2859 1042 2916 tantum
1060 2842 1271 2915 institutione

141 2957 310 3030 eiusmodi
337 2958 532 3032 solemnitas
559 2958 696 3032 inducta
722 2959 821 3032 luerit
841 2962 930 3054 (60).
961 2961 1067 3032 lmmo
1091 2959 1191 3055 longe
1216 2983 1274 3030 ve

143 3071 321 3146 risimilius
346 3089 400 3147 est
423 3074 563 3174 antiqua
588 3075 830 3148 monachorum
860 3091 937 3149 vota
969 3099 1037 3147 non
1066 3074 1172 3146 luisse
1201 3073 1268 3146 nisi

141 3185 313 3286 simplicia
329 3191 418 3284 (dl),
435 3215 497 3262 nec
513 3190 582 3263 vim
598 3189 759 3264 habuisse
772 3190 951 3262 dirimendi
967 3189 1147 3286 coniugia,
1169 3203 1270 3288 prout

142 3303 254 3402 primo
266 3304 485 3377 constitutum
506 3322 558 3379 est
570 3305 605 3377 in
619 3331 716 3379 conc.
728 3304 931 3378 lateranensi
950 3305 993 3376 ll.
1008 3331 1065 3378 an.
1079 3307 1186 3378 1139.
1204 3304 1269 3378 sub

141 3418 336 3492 lunooentio
349 3420 392 3490 11.
405 3419 584 3508 celebrato,
601 3420 656 3494 his
668 3420 795 3494 verbis:
813 3421 1086 3495 «statuimus.
1102 3437 1269 3522 quatenus

138 3533 298 3607 monachi
312 3551 414 3635 atque
427 3537 579 3610 conversi
595 3537 737 3637 prolessi
751 3596 758 3624 ,
775 3537 835 3635 qui
849 3552 1004 3610 sanctum
1018 3530 1267 3634 transgredien-

140 3662 193 3722 tes
216 3651 425 3750 propositum
442 3678 582 3738 uxores,
606 3652 671 3725 sibi
691 3651 849 3752 copulare
875 3653 1188 3751 praesumpserint,
1215 3677 1268 3724 se-

140 3779 321 3864 parentur:
351 3766 548 3840 huiusmodi
568 3794 714 3867 namque
739 3767 1009 3869 copulationem,
1032 3793 1133 3867 quam
1152 3780 1268 3839 contra

138 3877 407 3955 ecclesiasticam
434 3881 584 3979 regulam
609 3900 740 3957 constat
763 3911 839 3959 esse
860 3900 1083 3970 contractam,
1100 3883 1268 3955 matrimo

214 4060 266 4125 (tt)
281 4063 319 4112 De
337 4061 465 4127 baptismo
490 4066 585 4115 contro
601 4067 733 4116 Donottst
752 4065 795 4116 lib.
808 4068 850 4116 lv.
869 4078 923 4129 cap.
944 4070 984 4116 tt.
1000 4077 1025 4114 n.
1042 4068 1081 4114 tt.
1093 4065 1157 4126 epp.
1170 4062 1213 4112 clt.
1226 4060 1266 4112 ed.

138 4141 201 4192 tom.
214 4141 258 4191 lx.
274 4140 323 4192 col.
337 4145 390 4195 tto.

211 4219 264 4284 (to)
278 4221 361 4271 Tract.
375 4220 408 4272 de
417 4222 466 4273 loc.
479 4223 555 4274 theol.
568 4225 631 4286 pert.
647 4225 678 4274 11.
690 4226 750 4276 sect.
765 4227 798 4276 11.
810 4227 850 4276 De
865 4223 959 4276 trodtt.
976 4237 1002 4274 n.
1020 4228 1075 4275 ⁸37.

214 4300 266 4365 (ω)
282 4301 482 4365 demptione.
496 4303 601 4356 lateran.
617 4306 660 4357 lv.
672 4317 714 4357 aa.
730 4312 800 4358 1215.
812 4305 860 4359 snb
877 4305 1021 4357 Innocentio
1032 4307 1077 4356 111.

214 4380 267 4444 (ot)
283 4380 449 4436 otrentum
468 4384 512 4435 no.
530 4386 586 4436 vlt.
599 4397 655 4450 cap.
671 4392 710 4438 aa.
