2796 5064
223 328 290 398 ltu
367 345 428 396 us.
439 343 488 394 tu.
506 336 741 392 succursus.
759 335 798 385 nu
817 332 930 385 tvntss.
945 329 1044 382 urm.
1062 327 1189 381 cunrsr.

220 467 301 569 quia
326 492 355 539 s.
375 459 587 560 Augustinus
615 455 658 530 ad
684 450 852 531 eiusmodi
878 445 1117 522 distinctiones
1143 471 1213 520 non
1240 472 1337 520 meur·

221 580 287 670 rit,¹
313 581 386 655 sive
410 576 492 678 quia
522 599 589 648 nou
619 568 802 645 admodum
828 565 936 642 solide
962 564 1124 639 videntur
1148 563 1335 639 constituta.

295 691 469 794 Quidquid
496 715 595 791 porro
620 687 663 760 de
688 685 752 760 hoc
768 685 836 772 sit,
856 709 898 756 ex
913 708 954 756 eo
971 679 1063 782 quod
1080 677 1273 753 dixerimus
1290 705 1342 781 per

221 815 287 888 boo
311 826 557 885 sacramentum
583 831 649 880 non
671 801 819 901 imprimi
846 799 1092 882 characterem,
1124 793 1340 895 intelligimus

207 916 404 1031 'quomodo
420 922 587 997 dissoluto
604 921 712 1022 primo
724 917 880 1015 coniugio
894 931 1022 989 tantum
1036 927 1128 999 rato,
1146 912 1261 1012 possit
1273 938 1340 986 con-

224 1046 283 1117 iux
306 1041 366 1143 qui
389 1039 525 1113 relictus
543 1053 595 1111 est
612 1062 734 1111 novum
753 1059 830 1107 cum
847 1031 913 1106 alio
930 1028 1102 1104 celebrare
1123 1028 1339 1113 connubium,

223 1159 356 1232 vivente
381 1155 494 1228 adhuc
518 1152 662 1249 coniuge
683 1175 783 1251 quem
809 1164 909 1221 antea
932 1145 1085 1218 duxerat.

298 1276 378 1347 Post
403 1271 486 1345 baec
506 1270 632 1343 nullius
656 1283 709 1342 est
730 1265 854 1364 negotii
880 1278 1007 1338 ceteras
1032 1257 1261 1335 difficultates
1278 1286 1340 1362 per·

225 1389 322 1490 sequi
348 1414 389 1462 ac
413 1387 561 1473 solvere,
590 1411 678 1485 quae
702 1409 722 1456 a
749 1380 964 1455 novatoribus
989 1389 1175 1474 urgentur;
1199 1377 1250 1452 uti
1276 1405 1340 1452 cum

223 1507 357 1580 dicunt:
374 1504 408 1576 Si
428 1501 674 1576 matrimonium
695 1515 803 1573 ratum
830 1496 915 1571 solvi
940 1515 1072 1598 posset,
1092 1497 1182 1598 quia
1197 1497 1291 1570 Deus
1306 1494 1341 1568 ad

225 1637 348 1696 statum
374 1619 604 1720 perfectiorem
629 1631 744 1703 vocat,
774 1613 858 1689 solvi
884 1612 972 1686 idem
1001 1613 1126 1712 poterit
1152 1639 1217 1714 per
1241 1629 1341 1687 votum

224 1737 325 1810 etiam
360 1733 505 1835 simplex
540 1731 782 1817 continentiae,
815 1755 892 1802 cum
922 1743 955 1802 et
984 1726 1050 1802 hoc
1076 1728 1125 1801 sit
1151 1729 1198 1803 de
1224 1725 1341 1803 meliori

223 1851 333 1939 bono;
362 1876 423 1924 nec
450 1850 517 1925 alio
542 1875 579 1922 se
604 1847 854 1921 obstrinxerunt
875 1860 953 1919 voto
977 1845 1084 1918 sancti
1111 1862 1250 1920 veteres
1275 1867 1343 1946 quo

226 1993 299 2040 rum
315 1965 470 2066 exempla
487 1963 589 2038 allata
605 1978 696 2036 sunt.
714 1961 858 2062 lnsuper
874 1960 959 2035 ratio
976 1958 1088 2032 afferri
1109 1960 1237 2060 nequit
1252 1984 1344 2060 quare

225 2081 446 2181 professionis
480 2077 659 2178 religiosae
686 2075 809 2149 intuitu
841 2074 926 2148 solvi
952 2073 1061 2176 possit
1094 2075 1341 2149 matrimonium

226 2210 354 2281 ratum,
383 2218 450 2266 non
475 2210 587 2265 autem
613 2205 904 2278 consummatum;
925 2188 1112 2263 cumidem
1131 2191 1299 2265 motivum
1315 2191 1343 2260 in

226 2324 368 2408 utroque
387 2308 511 2404 vigeat.
530 2307 618 2379 Sane
635 2323 817 2405 utrumque
844 2304 1094 2378 matrimonium
1122 2305 1346 2381 essentialiter

224 2423 258 2495 in
283 2446 324 2496 eo
349 2422 523 2508 convenit,
550 2421 642 2522 quod
668 2421 736 2495 sint
762 2420 861 2494 ambo
888 2417 1050 2493 maritalis
1076 2421 1280 2496 coniunctio
1307 2421 1346 2491 in-

224 2537 399 2612 dividuam
416 2539 504 2611 vitae
522 2539 715 2611 societatem
735 2538 899 2623 retinens,
927 2562 1015 2637 quae
1039 2536 1186 2636 quidem
1212 2539 1345 2611 societas

224 2655 401 2728 individua
435 2654 568 2727 nonnisi
605 2669 708 2726 morte
741 2653 937 2726 absolvitur.
967 2652 1016 2723 Ex
1045 2679 1117 2752 qua
1152 2654 1344 2727 delinitione

223 2760 358 2868 utrique
389 2769 546 2866 coniugio
575 2769 743 2840 communi
776 2782 867 2866 patet
898 2783 1080 2866 utrumque
1104 2793 1188 2841 esse
1221 2768 1345 2867 penitus

171 2877 173 2880 ⁵
225 2882 463 2959 indissolubile
477 2901 546 2956 tum
562 2884 633 2955 iure
648 2882 791 2957 naturali
807 2899 877 2958 tum
891 2884 963 2956 iure
975 2883 1105 2956 divino.
1120 2884 1226 2970 Quod
1245 2902 1344 2958 auten

225 2997 292 3071 tale
316 3015 387 3084 est,
422 2997 568 3098 profecto
594 2996 687 3069 nulla
715 2995 863 3071 humana
894 2997 1091 3070 auctoritate
1117 3016 1179 3071 aut
1205 2997 1344 3072 humana

221 3113 452 3200 institutione,
487 3112 676 3185 cuiusmodi
702 3131 754 3185 est
779 3112 939 3186 solemnis
965 3111 1142 3209 religionis
1170 3113 1342 3213 professio.

221 3228 401 3302 dissociari
428 3243 547 3330 potest.
564 3229 705 3301 Demum
731 3255 798 3302 non
826 3228 1040 3325 intelligitur,
1066 3230 1245 3328 quomodo
1271 3226 1343 3301 solvi

224 3342 332 3440 possit
349 3369 409 3440 per
426 3341 609 3415 solemnem
629 3342 802 3440 religionis
825 3343 1068 3441 professionem
1093 3344 1344 3418 matrimonium

226 3471 353 3541 ratum,
379 3455 462 3530 solvi
480 3474 590 3530 autem
610 3475 756 3557 nequeat
773 3485 833 3557 per
850 3457 1007 3531 ordinum
1033 3483 1237 3548 sacrorum,
1263 3484 1345 3561 prae

225 3572 339 3645 sertim
370 3596 449 3644 vero
481 3572 733 3672 presbyteratus
758 3592 790 3646 et
815 3574 1030 3673 episcopatus
1067 3575 1321 3675 susceptionem
1336 3630 1350 3655 ‚.

223 3687 283 3785 qui
310 3685 478 3759 hominem
502 3689 710 3761 constituunt
727 3689 760 3760 in
780 3705 868 3762 statu
887 3688 984 3786 longe
1002 3687 1222 3788 perfectiore.

298 3803 408 3877 Prima
425 3802 608 3877 difficultas
626 3805 796 3878 disiicitur
808 3803 1021 3880 concedendo
1033 3803 1247 3879 adversariis
1266 3803 1344 3878 nibil

225 3920 410 4015 repugnare
429 3946 488 4018 pcr
510 3945 565 4005 se,
590 3919 805 4020 quodetiam
826 3919 969 4020 simplex
985 3936 1101 3993 votum
1119 3921 1344 3996 continentiae

226 4051 338 4128 posset
351 4033 536 4109 dissolvere
549 4036 743 4133 coniugium
757 4052 884 4123 ratum;
901 4035 1184 4137 quandoquidem
1194 4040 1343 4114 Christus

225 4149 407 4240 generatim
422 4149 485 4224 hoc
499 4150 641 4224 indulsit
654 4152 819 4251 profitenti
834 4151 1015 4252 perfectius
1028 4152 1120 4226 vitae
1134 4156 1340 4239 institutum

226 4284 301 4330 cum
320 4277 430 4335 tamen
448 4265 611 4340 ecclesiae
624 4293 706 4339 suae
720 4282 916 4364 potestatem
936 4267 1093 4344 tribuerit
1110 4270 1251 4367 regendi
1271 4267 1342 4341 fide
