2796 5064
230 367 301 439 tt!
349 388 412 439 ιιι.
434 388 483 439 ιιι.
503 386 590 437 sror.
611 387 743 437 rursm.
761 386 802 436 os
819 384 932 440 rrnrss.
954 384 1051 436 ιιιιιι.
1070 385 1200 437 enarer

229 505 346 609 pudii,
372 505 407 579 in
431 531 519 580 noua
544 502 739 591 constituit,
759 518 798 577 ut
815 503 923 604 possit
938 501 1083 578 dissolvi
1101 504 1343 578 matrimonium

229 639 338 697 ratum
371 619 579 722 perfectioris
603 618 693 691 uitae
718 617 899 693 sectandae
922 643 1039 693 causa.
1063 619 1108 693 Et
1134 620 1345 720 quemadmo-

228 737 309 810 dum
328 761 389 836 per
405 750 545 808 mortem
561 732 768 833 corporalem
787 733 999 834 abrumpitur
1011 734 1194 809 duculum
1211 736 1346 810 carndis

228 849 399 948 coniugii,
421 849 467 923 ita
485 874 545 949 per
562 864 702 924 mortem
729 847 938 948 spiritualem
963 849 1133 950 spiritalis
1159 851 1347 926 coniunctio

227 966 409 1040 dirimitur.
787 1046 791 1052 ,

302 1082 342 1155 ln
355 1097 475 1182 quarta
487 1080 684 1155 difficultate
698 1081 802 1180 petita
815 1107 855 1154 ex
868 1079 1175 1158 indissolubilitate
1187 1082 1347 1157 matrimo-

229 1198 277 1268 nii
296 1198 369 1272 iure
381 1195 497 1272 divino
510 1223 549 1271 ac
563 1196 707 1271 naturali
725 1196 805 1270 latet
822 1195 1068 1297 aequivocatio.
1082 1197 1265 1299 Siquidem
1277 1225 1344 1274 con-

228 1311 352 1409 iugalis
365 1310 510 1386 foederis
524 1310 808 1386 indissolubilitas
821 1311 1024 1413 estquidam
1039 1312 1185 1414 utrique
1197 1313 1266 1387 iuri
1281 1339 1346 1388 con

228 1425 364 1515 formis,
381 1452 422 1501 ac
434 1426 549 1514 etiam,
568 1427 596 1500 si
616 1425 722 1515 lubet,
740 1426 774 1499 in
788 1443 932 1528 utroque
949 1426 1023 1500 iure
1040 1427 1208 1517 fundata3
1225 1445 1346 1503 astnou

227 1558 280 1616 est
297 1541 382 1616 adeo
399 1558 544 1642 utroque
559 1542 633 1615 iure
647 1541 695 1616 ita
713 1541 895 1644 imperata,
914 1558 954 1616 ut
969 1541 1157 1619 dissolutio
1176 1545 1346 1620 intrinsece

227 1657 318 1730 mala
335 1655 403 1732 dici
421 1656 543 1733 debeat
558 1673 674 1759 utpote
689 1659 858 1733 contraria
875 1658 1046 1759 primariis
1064 1660 1252 1761 utriusque
1264 1661 1346 1762 prin·

227 1773 340 1873 cipiis.
353 1772 514 1874 Alioquin
527 1775 620 1848 Deus
638 1801 822 1876 numquam
841 1774 1007 1874 potuisset
1025 1773 1109 1848 dare
1127 1775 1347 1877 dispensatio-

227 1914 324 1977 nem,
346 1905 406 1963 aut
422 1890 613 1991 permittere
634 1906 672 1964 ut
693 1891 782 1965 licite
802 1889 989 1990 aliquando
1005 1890 1266 1968 dissolveretur.
1286 1896 1345 1967 lan

225 2029 305 2078 vero
322 2019 455 2079 constat
471 2006 578 2079 Deum
595 2024 628 2081 et
645 2007 680 2080 in
698 2007 837 2106 antiquo
863 2005 998 2080 foedere
1017 2008 1241 2083 matrimonio
1257 2009 1345 2084 ιιιιιιι

225 2135 458 2194 consummato
476 2121 677 2196 solutionem
695 2121 900 2210 indulsisse,
921 2137 956 2196 et
971 2122 1007 2194 in
1025 2149 1114 2199 novo
1133 2126 1265 2224 pariter
1279 2151 1345 2225 per-

224 2231 355 2307 mittere
381 2230 581 2309 solutionem
607 2236 755 2333 coniugii
778 2237 813 2309 in
834 2236 1035 2310 infidelitate
1056 2241 1241 2314 contracti.
1257 2237 1345 2326 Quod

224 2347 254 2421 si
273 2348 320 2422 ita
336 2363 409 2438 est,
431 2366 523 2450 patet
539 2351 767 2426 omnimodam
790 2351 1125 2428 indissolubilitatem
1144 2372 1267 2430 nentro
1282 2355 1346 2428 iure

225 2461 373 2551 firmari,
395 2463 548 2564 adeoque
569 2467 631 2539 rite
651 2466 822 2540 nonnullis
847 2467 883 2540 in
908 2467 1045 2540 casibus
1065 2467 1113 2541 ita
1131 2469 1207 2544 Deo
1223 2469 1345 2543 volente

224 2601 327 2674 posse
352 2580 546 2678 coniugium
572 2579 733 2666 dissolvi;
755 2607 855 2680 porro
878 2608 968 2655 unus
993 2581 1116 2655 erbis
1144 2583 1286 2657 casibus
1303 2597 1345 2656 est

223 2694 473 2767 matrimonium
500 2711 608 2767 ratum
626 2720 666 2765 ex
684 2720 752 2795 quo
776 2693 903 2793 aliquis
929 2695 1105 2768 transitum
1135 2696 1219 2770 facit
1236 2696 1280 2770 ad
1297 2722 1344 2769 so·

223 2805 368 2879 lemnam
395 2808 568 2905 religionis
595 2809 853 2909 professionem.

294 2923 337 2995 Ut
349 2940 539 3022 postremae
551 2923 741 2996 difficultati
761 2923 917 3010 satisfiat,
934 2923 1061 2996 sufficit
1075 2925 1342 2999 animaduertere

219 3038 457 3111 continentiam
483 3039 705 3112 extrinsecam
733 3064 809 3111 esse
835 3039 942 3112 sacris
964 3038 1168 3127 ordinibnS,
1190 3040 1253 3140 qui
1271 3066 1341 3113 con·

219 3167 310 3224 stare
327 3171 470 3253 possunt
486 3180 562 3226 cum
581 3172 614 3226 et
631 3153 705 3227 sine
724 3152 801 3240 illa,
823 3179 886 3227 neo
912 3153 979 3226 nisi
1004 3152 1174 3229 ecclesiae
1195 3153 1272 3252 lege
1292 3179 1342 3227 cos

220 3264 356 3338 ordines
375 3268 641 3367 suscipientibus
661 3268 754 3340 illam
769 3269 961 3368 impositam
980 3292 1057 3339 esse
1075 3267 1286 3342 iustissimis
1305 3268 1341 3339 de

219 3380 334 3451 causis
347 3397 384 3453 ut
397 3408 460 3454 suo
473 3382 546 3457 loeo
559 3383 771 3458 ostendimus
790 3385 882 3478 (89).
899 3384 962 3456 Per
974 3408 1011 3454 se
1024 3397 1139 3454 autem
1159 3409 1229 3456 non
1248 3409 1339 3481 repu-

217 3511 298 3591 gnat
315 3510 423 3569 status
443 3499 632 3595 coniugalis
647 3524 723 3572 cum
737 3498 793 3570 his
807 3496 1005 3586 ordinibus,
1027 3523 1141 3596 neque
1159 3524 1239 3570 cum
1258 3515 1339 3571 statu

216 3609 416 3685 sacerdotali
431 3613 641 3702 nominatim,
652 3630 690 3686 ut
703 3629 805 3713 patet,
823 3613 943 3686 ceteris
957 3612 1109 3699 omissis,
1125 3639 1168 3685 ex
1181 3611 1341 3687 ecclesiae

215 3750 357 3822 graecae
369 3727 564 3826 disciplina.
578 3728 700 3804 Contra
709 3756 789 3803 vero
799 3728 978 3826 religiosae
990 3727 1220 3827 professionis
1231 3754 1338 3802 essen·

215 3842 263 3916 tia
278 3844 379 3916 etiam
397 3844 432 3915 in
450 3843 679 3918 continentiae
697 3845 910 3944 professione
928 3843 1097 3917 consistit.
1115 3841 1191 3918 Hac
1214 3844 1339 3917 ratione

214 3958 341 4056 optime
354 3958 553 4056 intelligitur
562 3960 731 4058 quomodo
742 3957 950 4033 dissolvatur
959 3957 1217 4033 matrimonium
1233 3974 1335 4030 ratum

215 4098 274 4170 per
290 4074 531 4173 professionem
551 4074 765 4173 religiosam,
783 4102 849 4148 non
864 4089 975 4148 autem
990 4099 1051 4174 per
1064 4099 1241 4148 sacrorum
1255 4072 1336 4147 ordi-

213 4211 294 4259 num
312 4190 579 4289 susceptionem,
597 4216 775 4290 quaecum
790 4188 849 4262 illo
863 4205 984 4264 natura
996 4212 1059 4263 sua
1074 4214 1143 4263 non
1158 4203 1331 4289 repugnat.

283 4353 335 4418 (ts)
350 4358 379 4406 ln
392 4358 475 4408 Tract.
486 4361 525 4411 Dc
533 4358 640 4419 ordino,
653 4371 708 4424 cup.
718 4361 751 4410 V.
763 4372 833 4424 prop.
844 4360 876 4410 11.
