2796 5064
148 329 216 401 tel
290 348 352 400 urs.
370 345 419 398 111.
434 344 521 396 seer.
538 343 669 396 marm.
684 343 726 395 nr
738 343 851 407 mmm.
868 342 964 395 anre.
982 341 1111 395 enum.

145 466 256 543 meriti
269 463 416 547 defuncti
435 487 567 536 rumore
580 462 658 537 aliis
671 463 875 562 nupserint;·
886 460 988 536 euius
1006 459 1115 536 rerba
1128 461 1240 561 pariter

145 582 256 660 muli.

217 696 278 771 Ab
303 695 444 770 aliomm
471 691 688 795 pontificum,
710 694 770 794 qui
787 692 868 767 huie
892 706 1057 768 steterunt
1078 690 1248 792 principio,

144 811 348 899 testimoniis
372 809 555 885 afferendis
583 809 815 909 supersedeo,
844 836 886 884 ne
914 808 1079 909 prolixior
1108 808 1185 882 sim.
1213 809 1250 880 lle

144 928 297 1004 conciliis
324 927 447 1027 pariter
471 924 591 999 inutile
615 951 736 999 censeo
761 924 860 1026 plura
879 923 1020 1013 addere,
1044 924 1205 1024 quoniam
1224 923 1249 995 in

144 1045 206 1132 iis,
230 1069 318 1143 quae
343 1042 411 1115 iam
437 1038 606 1127 recensui,
631 1040 749 1113 eedem
769 1054 949 1113 ooeurrunt
967 1039 1058 1113 eirea
1076 1038 1248 1111 firmitatem

144 1155 333 1255 coniugalis
357 1154 504 1242 vinculi,
532 1153 689 1255 quamvis
715 1154 878 1252 coniuges
902 1153 1047 1227 invicem
1067 1167 1251 1254 separentur

142 1275 213 1349 sive
238 1272 282 1347 ob
306 1271 500 1346 alterutrius
526 1270 733 1358 absentiam,
762 1270 836 1345 siue
862 1270 906 1345 ob
930 1268 1090 1344 adulterii
1116 1271 1247 1352 odmen,

143 1390 215 1465 eive
227 1388 270 1464 ob
283 1387 369 1463 alias
382 1414 505 1462 causas
519 1413 764 1487 quascumque.
793 1389 843 1461 le
855 1387 981 1488 quibus
994 1386 1161 1462 omnibus
1171 1411 1251 1460 exu-

143 1505 192 1603 git
215 1504 355 1579 evidens
381 1503 528 1604 prolecto
554 1519 788 1600 argumentum
807 1518 937 1576 ueteres
953 1501 1140 1598 agnovisse
1160 1516 1193 1575 et
1206 1499 1252 1573 ud·

142 1621 299 1694 mississe
320 1620 413 1693 illam
438 1645 541 1719 quam
562 1632 815 1720 propugnamus
831 1616 1044 1694 divortialem
1062 1616 1252 1694 divisionem

142 1737 337 1835 coniugum,
353 1735 487 1811 vinoulo
501 1736 715 1834 persistente.
731 1737 814 1810 Prae
827 1735 948 1810 ceteris
959 1750 1075 1809 autem
1090 1760 1160 1808 rem
1174 1733 1254 1807 lnou-

142 1850 249 1926 lenter
265 1851 500 1926 demonstrant
521 1849 701 1924 eonsilium
724 1849 983 1936 illiberitanum,
1011 1846 1202 1923 arelatense
1217 1846 1252 1919 ll.

141 1967 322 2042 eonsilium
339 1967 441 2040 etiam
454 1964 685 2039 milevitanum
700 1966 744 2039 11.
760 1981 798 2038 ut
810 1965 853 2038 de
866 1962 1116 2066 posterioribus
1131 1962 1251 2038 sileem

214 2080 342 2154 Eadem
368 2080 527 2155 novitatis
554 2096 633 2153 notu
657 2079 792 2154 demum
815 2079 987 2180 repellitur
1011 2105 1054 2152 ex
1080 2105 1185 2153 sensu
1200 2092 1256 2151 tra-

142 2194 296 2271 ditionsli
317 2193 505 2269 catholicae
529 2194 713 2282 eeclesiae,
741 2221 841 2296 quem
868 2220 934 2269 non
961 2192 1064 2269 modo
1090 2221 1134 2269 ex
1157 2191 1256 2267 allatis

141 2329 275 2413 patrum
300 2310 521 2399 testimoniis,
552 2310 612 2386 sed
637 2337 678 2386 er
702 2310 845 2386 historin
862 2311 964 2384 etiam
981 2307 1257 2384 eeclesiastieast

140 2454 182 2503 ex
208 2427 281 2500 iure
305 2425 467 2501 canonico
484 2424 643 2523 eolligere
668 2453 861 2528 possumus.
882 2427 985 2500 Nemo
1003 2425 1098 2499 enim
1116 2425 1253 2523 ignoret,

141 2543 256 2644 plures
279 2541 400 2643 quovis
426 2557 576 2641 tempore
601 2543 782 2629 floruisse,
811 2542 871 2642 qui
904 2541 1124 2641 perfeetionis
1158 2539 1257 2616 studio

140 2658 193 2733 vel
211 2660 246 2731 in
266 2659 340 2758 ipso
358 2657 514 2755 coniugio
533 2658 606 2757 pari
623 2684 793 2732 consensu
810 2657 1054 2732 continentiam
1068 2672 1252 2740 servarunt,

140 2789 243 2874 atque
268 2772 312 2845 ad
346 2798 420 2845 eam
447 2772 646 2846 servandam
672 2787 749 2846 voto
773 2797 811 2845 se
840 2798 879 2844 se
906 2771 1186 2858 obstrinxerunt;
1212 2767 1254 2844 rel

140 2890 361 2963 monasticam
386 2888 489 2961 vitam
512 2887 682 2961 communi
708 2913 876 2961 consensu
903 2901 981 2960 suut
1013 2885 1186 2987 amplexi,
1212 2882 1254 2959 sel

139 3003 186 3077 itn
211 3019 293 3078 sunt
317 3002 500 3090 disiuncti,
530 3016 568 3075 ut
588 3028 692 3075 uxore
717 3019 912 3102 perpetuam
933 3004 1003 3075 Deo
1023 3002 1254 3076 continentiam

138 3137 280 3191 vovente
303 3118 356 3191 vir
379 3117 487 3190 saeris
512 3116 689 3190 ordinibus
715 3117 914 3192 initiaretur.
935 3117 1142 3194 Huiusmodi
1162 3143 1258 3192 erem·

142 3231 209 3330 plis
236 3231 377 3305 annales
401 3231 621 3316 ecelesiastici
648 3232 758 3306 referti
785 3248 884 3321 sunt,
913 3259 1045 3332 nosque
1070 3234 1175 3334 paulo
1190 3246 1257 3306 unte

139 3347 311 3445 specimen
338 3347 476 3447 aliquod
496 3347 725 3422 exhibuimus.
755 3348 851 3434 Quae
876 3347 1012 3448 quidem
1033 3349 1162 3446 agendi
1184 3346 1257 3420 ratio

138 3459 322 3535 eoniormis
346 3479 398 3534 est
423 3461 596 3536 doctrinae
621 3489 651 3536 s.
679 3463 884 3561 Augustini,
921 3464 979 3562 qui
1012 3463 1191 3539 disserens
1221 3460 1257 3533 de

139 3577 294 3674 coningio
315 3579 352 3650 B.
374 3579 498 3651 Mariae
521 3579 664 3676 virginis
690 3606 767 3653 cum
794 3607 824 3654 s.
841 3578 986 3678 losepho
1005 3607 1074 3654 non
1098 3578 1257 3655 dubitauit

138 3692 328 3792 generalem
355 3693 443 3767 hane
469 3695 618 3794 prolerre
643 3696 863 3779 seutentiam:
893 3725 910 3765 o
927 3696 999 3769 lloe
1024 3697 1183 3797 exemplo
1199 3719 1257 3769 ma

138 3811 260 3907 gnilioe
282 3810 474 3883 insinnatur
495 3809 652 3886 fidelibus
675 3810 886 3908 coniugatis,
910 3811 1012 3884 etiam
1036 3829 1173 3887 servata
1194 3807 1257 3910 pari

138 3950 306 3999 consensu
332 3925 557 4014 continentia,
586 3952 688 4025 posse
718 3950 914 4026 permanere
939 3927 1126 4026 vocarique
1152 3926 1258 4002 eoniu-

137 4041 251 4138 gium‚
281 4068 348 4115 non
374 4043 537 4141 permixto
564 4043 715 4143 eorporis
737 4068 839 4130 sexu,
870 4043 930 4116 sed
956 4044 1129 4119 custodito
1146 4041 1256 4119 mentis

138 4155 259 4230 affeetu
285 4158 411 4253 (18).»
447 4157 512 4243 Qui
537 4176 711 4255 praeterea
735 4158 816 4231 alibi
842 4157 945 4232 verba
971 4158 1104 4234 iaciens
1131 4177 1200 4234 tum
1221 4157 1259 4228 ds

217 4308 266 4369 (ts)
286 4312 323 4359 De
336 4323 462 4362 consensu
477 4310 631 4373 erenoeltrt.
644 4311 888 4375 lib.11.o.2.0pp.ed.
902 4314 981 4362 Maur.
993 4314 1061 4364 tm.
1074 4312 1256 4378 murteum.
