2796 5064
106 437 110 443 ⁴
235 356 304 428 ιιι
379 378 442 430 ιιι.
458 377 506 430 ιιι.
524 376 611 429 arur.
627 376 758 429 ruram.
774 375 816 429 nn
828 376 941 431 ιιιιιιιι.
957 376 1054 429 aura.
1071 376 1200 431 cnmsr.

234 496 468 572 catechismus
486 521 570 571 rum.
592 495 729 570 subdit:
753 495 963 597 «Siquidem
988 494 1143 573 Salvator
1169 497 1238 574 ait:
1265 497 1344 602 quod

232 612 324 688 Deua
349 613 540 700 coniunxit,
568 610 669 686 homo
694 638 761 686 non
788 627 934 711 separet.
949 609 1114 700 Quamvis
1133 639 1227 689 enrm
1244 617 1347 691 matri·

232 728 367 816 monio,
388 741 555 829 quatenus
581 742 720 802 naturae
745 727 986 817 estolidum,
1007 730 1214 820 conveniat,
1234 747 1273 806 ut
1287 732 1349 807 dia·

232 843 319 919 solvi
345 869 412 918 non
437 842 547 944 possit
565 859 628 917 etc.
648 845 765 941 (98).ι
779 842 830 918 lla
856 844 930 920 iure
955 843 1058 944 igitur
1082 845 1238 921 naturali
1262 864 1349 949 pmut

232 958 425 1059 coniugium
444 959 593 1034 cilicium
611 975 761 1047 naturae,
778 976 844 1049 est,
864 987 905 1035 ac
922 976 1021 1063 prout
1034 960 1198 1037 eiusdem
1215 965 1351 1065 postulat

230 1072 404 1163 definitio,
434 1090 468 1148 et
489 1074 572 1175 quia
595 1074 701 1175 prolis
725 1074 922 1150 educandae
945 1075 1080 1164 studio,
1104 1092 1144 1153 et
1167 1077 1247 1154 aliis
1268 1079 1348 1154 eius·

230 1185 309 1263 dem
334 1187 436 1263 bouis
463 1204 646 1289 repugnat,
667 1205 706 1265 ut
721 1190 797 1264 eius
812 1184 986 1265 ainardum
1003 1188 1214 1268 dissolubile
1229 1195 1287 1284 ait,
1302 1195 1345 1269 uti

230 1304 446 1406 prosequitur
471 1304 706 1383 catechismus
729 1317 889 1381 rumonus
906 1309 996 1404 (tt).

303 1423 338 1494 5.
367 1420 430 1496 llis
454 1421 586 1497 accedit
609 1422 700 1524 quod
724 1421 975 1498 matrimonium
1001 1421 1160 1499 fidelium
1182 1441 1293 1501 ratam
1311 1426 1349 1501 sit

229 1553 502 1626 sacramentum
531 1537 617 1613 baec
642 1565 742 1638 porro
767 1539 969 1615 sacramenti
994 1538 1081 1615 ratio
1107 1540 1275 1618 maiorem
1297 1541 1349 1616 ad·

228 1652 281 1729 dit
311 1653 503 1749 firmitatem
536 1652 705 1752 coniugali
737 1652 886 1729 vinculo.
920 1651 1009 1728 Hinc
1040 1669 1232 1758 postquam
1264 1655 1349 1732 Cute

228 1765 383 1843 obismus
407 1793 492 1844 rom.
508 1767 677 1843 adstruxit
701 1767 850 1867 coniugii
875 1766 1217 1846 indissolubilitatem
1242 1796 1348 1873 prore·

228 1882 376 1959 nientcm
399 1909 442 1958 ax
466 1883 540 1957 iure
562 1882 679 1959 divino
703 1908 744 1957 ae
768 1882 936 1972 naturali,
965 1882 1103 1959 subdit:
1125 1885 1197 1965 ald
1213 1887 1348 1963 maximo

230 1998 288 2086 fit,
309 2015 478 2101 quatenus
503 2016 556 2074 est
579 2015 851 2089 sacramentum,
869 2025 939 2102 qna
955 2026 998 2074 ex
1012 2001 1176 2077 raetiam
1194 2003 1233 2077 in
1249 2004 1347 2079 omni·

226 2112 422 2217 bus,·quae
439 2122 579 2189 naturae
599 2114 675 2213 lege
699 2115 774 2189 eius
800 2115 937 2216 propria
958 2130 1058 2204 suat,
1086 2143 1263 2193 summam
1279 2141 1346 2218 per·

226 2229 405 2304 lectionem
416 2229 563 2330 acquirit
574 2231 713 2326 (10⁰).»
730 2230 798 2317 Qut
816 2246 929 2307 autem
946 2231 1020 2305 fieri
1037 2247 1173 2332 potest,
1193 2249 1235 2309 ut
1250 2259 1346 2310 roma·

227 2370 292 2419 nus
318 2343 471 2446 pontifex
492 2344 667 2444 dispenset
679 2346 715 2419 in
729 2371 770 2421 eo
783 2346 875 2449 quod
887 2344 1130 2424 indissolubile
1147 2375 1292 2451 prorsus
1305 2363 1349 2423 cst

226 2478 297 2536 tum
324 2461 491 2551 naturali,
521 2478 592 2538 tum
617 2462 734 2538 divino
759 2463 851 2550 iure,
871 2480 942 2537 tum
969 2465 1100 2539 ratione
1129 2463 1348 2542 sacramenti?

300 2584 335 2653 6.
367 2579 404 2652 ld
430 2581 522 2681 quod
557 2594 667 2679 potest
701 2579 894 2680 frequenter
918 2577 1023 2667 solvi,
1052 2607 1124 2655 non
1150 2597 1205 2656 est
1231 2581 1347 2657 insolu-

224 2696 309 2785 bile;
331 2696 399 2770 iam
420 2695 547 2770 verosi
566 2695 819 2768 matrimonium
841 2707 948 2766 ratum
968 2708 1080 2793 potest
1097 2721 1163 2794 per
1179 2695 1348 2797 dispensa·

225 2812 350 2886 tionem
370 2810 575 2911 pontificiam
598 2807 705 2897 solvi,
727 2825 839 2908 potest
863 2808 1056 2908 frequenter
1073 2807 1183 2898 solvi,
1205 2812 1347 2911 adeoque

225 2941 369 3002 nonest
398 2923 610 3012 insolubile;
648 2950 732 2998 sane
765 2924 856 3024 quod
887 2924 998 3023 possit
1030 2924 1207 3000 eiusmodi
1244 2926 1347 3002 conin-

224 3044 318 3140 gium
342 3068 362 3115 a
389 3041 549 3141 pontifice
575 3040 766 3141 frequenter
790 3038 940 3114 solvier
961 3064 1001 3113 eo
1027 3054 1142 3138 patet,
1171 3043 1269 3143 quod
1293 3043 1346 3113 ire-

224 3172 367 3256 quenter
384 3157 518 3256 possint
534 3181 658 3229 causae
676 3154 836 3256 proponi,
859 3180 948 3254 quae
972 3153 1126 3228 animum
1151 3157 1346 3258 dispensare

222 3272 367 3345 valentis
393 3287 559 3346 moveant.
580 3271 668 3346 Hinc
692 3270 833 3372 quidam
859 3269 1011 3346 scribunt
1036 3269 1242 3370 Gregorium
1263 3271 1343 3346 xm.

223 3412 293 3459 uno
311 3386 367 3458 die
384 3412 460 3460 cum
477 3387 635 3460 undecim
660 3385 891 3487 dispensasse.
913 3385 975 3460 Est
991 3399 1106 3461 autam
1125 3387 1221 3490 apud
1240 3411 1346 3463 omnes

223 3503 260 3576 in
282 3503 438 3577 confesso
463 3504 714 3577 matrimonium
740 3529 817 3578 esse
842 3501 1025 3577 insolubile
1042 3504 1116 3578 sive
1134 3506 1183 3581 sit
1200 3530 1347 3580 eonsum-

223 3636 352 3695 matum
366 3619 438 3695 site
451 3636 559 3692 ratum
572 3619 820 3707 tantummodo;
834 3645 912 3718 ergo
923 3618 1007 3694 solvi
1017 3620 1140 3720 nequit
1150 3646 1212 3722 per
1223 3620 1347 3721 dispan-

222 3737 401 3811 sationem.

297 3855 330 3925 7.
360 3853 434 3928 Hoc
458 3851 550 3953 quod
577 3851 745 3953 posterius
770 3850 900 3924 dictum
925 3866 977 3926 eat
993 3877 1034 3926 ex
1052 3875 1093 3925 eo
1115 3850 1342 3930 confirmatur,

221 3968 315 4068 quod
339 3968 513 4043 vinculum
539 3968 606 4043 voti
639 3981 698 4041 aut
728 3965 906 4041 iuramenti
932 3966 1007 4040 eius
1033 3965 1140 4040 stiam
1175 3965 1270 4068 quod
1294 3986 1345 4063 por

295 4172 345 4233 (eo)
361 4175 399 4222 Dc
413 4175 531 4224 matrim.
545 4175 701 4224 uterorum.
712 4184 768 4236 cap.
781 4171 847 4223 vm.
858 4170 917 4221 seut.
932 4171 952 4220 1.
962 4182 987 4219 u.
1000 4176 1035 4220 ιι.

296 4251 346 4312 (aa)
363 4251 426 4302 ibid.

300 4331 366 4394 (tto)
385 4331 446 4382 thio.
