<?xml version="1.0" encoding="UTF-8"?>
<!DOCTYPE html PUBLIC "-//W3C//DTD XHTML 1.0 Transitional//EN"
    "http://www.w3.org/TR/xhtml1/DTD/xhtml1-transitional.dtd">
<html xmlns="http://www.w3.org/1999/xhtml" xml:lang="en" lang="en">
 <head>
  <title>
</title>
<meta http-equiv="Content-Type" content="text/html;charset=utf-8" />
  <meta name='ocr-system' content='tesseract 3.04.00' />
  <meta name='ocr-capabilities' content='ocr_page ocr_carea ocr_par ocr_line ocrx_word'/>
</head>
<body>
  <div class='ocr_page' id='page_1' title='image "./dematrimoniochr01perrgoog_0519.png"; bbox 0 0 2842 5056; ppageno 0'>
   <div class='ocr_carea' id='block_1_1' title="bbox 205 347 1187 423">
    <p class='ocr_par' dir='ltr' id='par_1_1' title="bbox 205 347 1187 423">
     <span class='ocr_line' id='line_1_1' title="bbox 205 347 1187 423; baseline -0.001 -2"><span class='ocrx_word' id='word_1_1' title='bbox 205 347 277 422; x_wconf 78' lang='lat' dir='ltr'>tre</span> <span class='ocrx_word' id='word_1_2' title='bbox 338 368 400 422; x_wconf 80' lang='lat' dir='ltr'>nn.</span> <span class='ocrx_word' id='word_1_3' title='bbox 422 369 469 422; x_wconf 91' lang='grc' dir='ltr'><strong>ιιι.</strong></span> <span class='ocrx_word' id='word_1_4' title='bbox 491 367 923 423; x_wconf 77' lang='lat' dir='ltr'>secr.inrem.nrrne1se.</span> <span class='ocrx_word' id='word_1_5' title='bbox 945 368 1042 422; x_wconf 79' lang='lat' dir='ltr'>mro.</span> <span class='ocrx_word' id='word_1_6' title='bbox 1057 368 1187 421; x_wconf 84' lang='lat' dir='ltr'>csnsr.</span> 
     </span>
    </p>
   </div>
   <div class='ocr_carea' id='block_1_2' title="bbox 203 484 1329 4164">
    <p class='ocr_par' dir='ltr' id='par_1_2' title="bbox 205 484 1329 2204">
     <span class='ocr_line' id='line_1_2' title="bbox 206 484 1327 588; baseline -0.002 -24"><span class='ocrx_word' id='word_1_7' title='bbox 206 488 403 564; x_wconf 89' lang='lat' dir='ltr'>trimonium</span> <span class='ocrx_word' id='word_1_8' title='bbox 421 487 467 562; x_wconf 88' lang='lat' dir='ltr'>sit</span> <span class='ocrx_word' id='word_1_9' title='bbox 482 513 544 587; x_wconf 88' lang='lat' dir='ltr'>per</span> <span class='ocrx_word' id='word_1_10' title='bbox 560 484 728 561; x_wconf 87' lang='lat' dir='ltr'>carnalem</span> <span class='ocrx_word' id='word_1_11' title='bbox 744 485 900 588; x_wconf 86' lang='lat' dir='ltr'>copulam</span> <span class='ocrx_word' id='word_1_12' title='bbox 917 502 1204 575; x_wconf 87' lang='lat' dir='ltr'>consummatum,</span> <span class='ocrx_word' id='word_1_13' title='bbox 1224 486 1327 562; x_wconf 88' lang='lat' dir='ltr'>licere</span> 
     </span>
     <span class='ocr_line' id='line_1_3' title="bbox 206 599 1328 702; baseline -0.003 -23"><span class='ocrx_word' id='word_1_14' title='bbox 206 602 303 679; x_wconf 87' lang='lat' dir='ltr'>alteri</span> <span class='ocrx_word' id='word_1_15' title='bbox 329 603 527 700; x_wconf 81' lang='lat' dir='ltr'>coniugum,</span> <span class='ocrx_word' id='word_1_16' title='bbox 557 599 688 700; x_wconf 89' lang='lat' dir='ltr'>reliquo</span> <span class='ocrx_word' id='word_1_17' title='bbox 712 601 920 691; x_wconf 88' lang='lat' dir='ltr'>inconsulto,</span> <span class='ocrx_word' id='word_1_18' title='bbox 943 600 987 677; x_wconf 89' lang='lat' dir='ltr'>ad</span> <span class='ocrx_word' id='word_1_19' title='bbox 1012 600 1211 702; x_wconf 71' lang='lat' dir='ltr'>religionem</span> <span class='ocrx_word' id='word_1_20' title='bbox 1236 618 1328 677; x_wconf 88' lang='lat' dir='ltr'>tran·</span> 
     </span>
     <span class='ocr_line' id='line_1_4' title="bbox 206 716 1328 820; baseline 0.001 -27"><span class='ocrx_word' id='word_1_21' title='bbox 206 719 293 793; x_wconf 89' lang='lat' dir='ltr'>sire:</span> <span class='ocrx_word' id='word_1_22' title='bbox 328 718 376 792; x_wconf 88' lang='lat' dir='ltr'>ita</span> <span class='ocrx_word' id='word_1_23' title='bbox 400 717 493 818; x_wconf 91' lang='lat' dir='ltr'>quod</span> <span class='ocrx_word' id='word_1_24' title='bbox 518 716 669 819; x_wconf 87' lang='lat' dir='ltr'>reliquus</span> <span class='ocrx_word' id='word_1_25' title='bbox 690 733 812 792; x_wconf 82' lang='lat' dir='ltr'><strong>extunc</strong></span> <span class='ocrx_word' id='word_1_26' title='bbox 835 716 982 817; x_wconf 79' lang='lat' dir='ltr'>legitime</span> <span class='ocrx_word' id='word_1_27' title='bbox 1003 718 1128 820; x_wconf 91' lang='lat' dir='ltr'>poterit</span> <span class='ocrx_word' id='word_1_28' title='bbox 1151 717 1250 792; x_wconf 89' lang='lat' dir='ltr'>alteri</span> <span class='ocrx_word' id='word_1_29' title='bbox 1271 745 1328 794; x_wconf 90' lang='lat' dir='ltr'>co-</span> 
     </span>
     <span class='ocr_line' id='line_1_5' title="bbox 207 831 1329 935; baseline 0.002 -28"><span class='ocrx_word' id='word_1_30' title='bbox 207 833 337 935; x_wconf 82' lang='lat' dir='ltr'>pulari:</span> <span class='ocrx_word' id='word_1_31' title='bbox 365 833 432 907; x_wconf 89' lang='lat' dir='ltr'>hoc</span> <span class='ocrx_word' id='word_1_32' title='bbox 457 833 572 933; x_wconf 86' lang='lat' dir='ltr'>ipsum</span> <span class='ocrx_word' id='word_1_33' title='bbox 599 833 658 907; x_wconf 92' lang='lat' dir='ltr'>tibi</span> <span class='ocrx_word' id='word_1_34' title='bbox 686 833 895 908; x_wconf 87' lang='lat' dir='ltr'>consulimus</span> <span class='ocrx_word' id='word_1_35' title='bbox 912 831 1159 908; x_wconf 83' lang='lat' dir='ltr'>observandum</span> <span class='ocrx_word' id='word_1_36' title='bbox 1184 835 1219 907; x_wconf 92' lang='lat' dir='ltr'>in</span> <span class='ocrx_word' id='word_1_37' title='bbox 1246 836 1329 909; x_wconf 88' lang='lat' dir='ltr'>arti-</span> 
     </span>
     <span class='ocr_line' id='line_1_6' title="bbox 205 945 1325 1049; baseline 0.002 -29"><span class='ocrx_word' id='word_1_38' title='bbox 205 945 283 1021; x_wconf 87' lang='lat' dir='ltr'>culo</span> <span class='ocrx_word' id='word_1_39' title='bbox 307 962 519 1047; x_wconf 88' lang='lat' dir='ltr'>praenotato,</span> <span class='ocrx_word' id='word_1_40' title='bbox 546 947 703 1046; x_wconf 85' lang='lat' dir='ltr'>quamvis</span> <span class='ocrx_word' id='word_1_41' title='bbox 729 945 817 1022; x_wconf 86' lang='lat' dir='ltr'>lelsa</span> <span class='ocrx_word' id='word_1_42' title='bbox 840 947 886 1022; x_wconf 88' lang='lat' dir='ltr'>sit</span> <span class='ocrx_word' id='word_1_43' title='bbox 910 971 1033 1035; x_wconf 87' lang='lat' dir='ltr'>causa,</span> <span class='ocrx_word' id='word_1_44' title='bbox 1061 973 1124 1048; x_wconf 92' lang='lat' dir='ltr'>per</span> <span class='ocrx_word' id='word_1_45' title='bbox 1148 975 1257 1049; x_wconf 89' lang='lat' dir='ltr'>quam</span> <span class='ocrx_word' id='word_1_46' title='bbox 1284 949 1325 1023; x_wconf 88' lang='lat' dir='ltr'>ad</span> 
     </span>
     <span class='ocr_line' id='line_1_7' title="bbox 205 1062 1327 1167; baseline 0.002 -31"><span class='ocrx_word' id='word_1_47' title='bbox 205 1063 458 1162; x_wconf 73' lang='lat' dir='ltr'><strong>susceptionem</strong></span> <span class='ocrx_word' id='word_1_48' title='bbox 489 1063 555 1138; x_wconf 78' lang='lat' dir='ltr'>veli</span> <span class='ocrx_word' id='word_1_49' title='bbox 587 1062 759 1164; x_wconf 86' lang='lat' dir='ltr'>praedicta</span> <span class='ocrx_word' id='word_1_50' title='bbox 790 1062 911 1138; x_wconf 89' lang='lat' dir='ltr'>mulier</span> <span class='ocrx_word' id='word_1_51' title='bbox 942 1063 988 1139; x_wconf 93' lang='lat' dir='ltr'>sit</span> <span class='ocrx_word' id='word_1_52' title='bbox 1015 1063 1153 1138; x_wconf 87' lang='lat' dir='ltr'>inducta</span> <span class='ocrx_word' id='word_1_53' title='bbox 1184 1070 1327 1167; x_wconf 88' lang='lat' dir='ltr'>(nempe</span> 
     </span>
     <span class='ocr_line' id='line_1_8' title="bbox 206 1176 1325 1280; baseline 0.003 -29"><span class='ocrx_word' id='word_1_54' title='bbox 206 1176 298 1279; x_wconf 87' lang='lat' dir='ltr'>quod</span> <span class='ocrx_word' id='word_1_55' title='bbox 323 1177 445 1252; x_wconf 87' lang='lat' dir='ltr'>duetus</span> <span class='ocrx_word' id='word_1_56' title='bbox 462 1176 584 1252; x_wconf 81' lang='lat' dir='ltr'>coniux</span> <span class='ocrx_word' id='word_1_57' title='bbox 601 1177 695 1279; x_wconf 87' lang='lat' dir='ltr'>lepra</span> <span class='ocrx_word' id='word_1_58' title='bbox 715 1178 971 1280; x_wconf 83' lang='lat' dir='ltr'>superveniente</span> <span class='ocrx_word' id='word_1_59' title='bbox 986 1177 1225 1276; x_wconf 78' lang='lat' dir='ltr'>laboraverit),</span> <span class='ocrx_word' id='word_1_60' title='bbox 1250 1206 1325 1254; x_wconf 89' lang='lat' dir='ltr'>cum</span> 
     </span>
     <span class='ocr_line' id='line_1_9' title="bbox 207 1292 1328 1397; baseline 0.003 -30"><span class='ocrx_word' id='word_1_61' title='bbox 207 1292 284 1368; x_wconf 87' lang='lat' dir='ltr'>sine</span> <span class='ocrx_word' id='word_1_62' title='bbox 307 1292 458 1393; x_wconf 86' lang='lat' dir='ltr'>qualibet</span> <span class='ocrx_word' id='word_1_63' title='bbox 482 1293 539 1368; x_wconf 84' lang='lat' dir='ltr'>tali</span> <span class='ocrx_word' id='word_1_64' title='bbox 565 1320 667 1370; x_wconf 86' lang='lat' dir='ltr'>causa</span> <span class='ocrx_word' id='word_1_65' title='bbox 686 1295 835 1397; x_wconf 87' lang='lat' dir='ltr'>idipsum</span> <span class='ocrx_word' id='word_1_66' title='bbox 861 1293 1033 1395; x_wconf 79' lang='lat' dir='ltr'>religionis</span> <span class='ocrx_word' id='word_1_67' title='bbox 1052 1294 1193 1368; x_wconf 89' lang='lat' dir='ltr'>obtentu</span> <span class='ocrx_word' id='word_1_68' title='bbox 1218 1294 1328 1370; x_wconf 83' lang='lat' dir='ltr'>lacere</span> 
     </span>
     <span class='ocr_line' id='line_1_10' title="bbox 208 1409 1328 1513; baseline 0.002 -29"><span class='ocrx_word' id='word_1_69' title='bbox 208 1410 387 1513; x_wconf 91' lang='lat' dir='ltr'>potuisset.</span> <span class='ocrx_word' id='word_1_70' title='bbox 417 1412 518 1485; x_wconf 85' lang='lat' dir='ltr'>Porro</span> <span class='ocrx_word' id='word_1_71' title='bbox 536 1409 613 1485; x_wconf 90' lang='lat' dir='ltr'>licet</span> <span class='ocrx_word' id='word_1_72' title='bbox 629 1411 801 1511; x_wconf 90' lang='lat' dir='ltr'>praedicta</span> <span class='ocrx_word' id='word_1_73' title='bbox 821 1411 944 1485; x_wconf 87' lang='lat' dir='ltr'>mulier</span> <span class='ocrx_word' id='word_1_74' title='bbox 957 1410 1113 1486; x_wconf 79' lang='lat' dir='ltr'>videatur</span> <span class='ocrx_word' id='word_1_75' title='bbox 1131 1411 1168 1484; x_wconf 91' lang='lat' dir='ltr'>in</span> <span class='ocrx_word' id='word_1_76' title='bbox 1185 1410 1252 1486; x_wconf 78' lang='lat' dir='ltr'>reli</span> <span class='ocrx_word' id='word_1_77' title='bbox 1271 1438 1328 1486; x_wconf 85' lang='lat' dir='ltr'>sn·</span> 
     </span>
     <span class='ocr_line' id='line_1_11' title="bbox 206 1524 1329 1629; baseline 0 -29"><span class='ocrx_word' id='word_1_78' title='bbox 206 1525 378 1628; x_wconf 86' lang='lat' dir='ltr'>sceptione</span> <span class='ocrx_word' id='word_1_79' title='bbox 404 1525 578 1623; x_wconf 83' lang='lat' dir='ltr'>religionis</span> <span class='ocrx_word' id='word_1_80' title='bbox 595 1524 757 1600; x_wconf 56' lang='lat' dir='ltr'>&gt;habitum</span> <span class='ocrx_word' id='word_1_81' title='bbox 782 1527 1029 1629; x_wconf 87' lang='lat' dir='ltr'>assumpsisse;</span> <span class='ocrx_word' id='word_1_82' title='bbox 1053 1526 1084 1601; x_wconf 92' lang='lat' dir='ltr'>si</span> <span class='ocrx_word' id='word_1_83' title='bbox 1111 1541 1224 1600; x_wconf 91' lang='lat' dir='ltr'>tamen</span> <span class='ocrx_word' id='word_1_84' title='bbox 1248 1525 1329 1601; x_wconf 75' lang='lat' dir='ltr'>velit</span> 
     </span>
     <span class='ocr_line' id='line_1_12' title="bbox 208 1638 1326 1744; baseline 0.003 -33"><span class='ocrx_word' id='word_1_85' title='bbox 208 1638 244 1712; x_wconf 92' lang='lat' dir='ltr'>in</span> <span class='ocrx_word' id='word_1_86' title='bbox 269 1639 369 1717; x_wconf 94' lang='lat' dir='ltr'>domo</span> <span class='ocrx_word' id='word_1_87' title='bbox 393 1640 529 1741; x_wconf 88' lang='lat' dir='ltr'>propria</span> <span class='ocrx_word' id='word_1_88' title='bbox 546 1666 735 1731; x_wconf 89' lang='lat' dir='ltr'>remanere,</span> <span class='ocrx_word' id='word_1_89' title='bbox 753 1641 853 1744; x_wconf 82' lang='lat' dir='ltr'>qussi</span> <span class='ocrx_word' id='word_1_90' title='bbox 871 1641 1081 1743; x_wconf 88' lang='lat' dir='ltr'>propositum</span> <span class='ocrx_word' id='word_1_91' title='bbox 1106 1641 1275 1717; x_wconf 85' lang='lat' dir='ltr'>castitatis</span> <span class='ocrx_word' id='word_1_92' title='bbox 1292 1641 1326 1714; x_wconf 90' lang='lat' dir='ltr'>in</span> 
     </span>
     <span class='ocr_line' id='line_1_13' title="bbox 206 1755 1326 1846; baseline 0 -16"><span class='ocrx_word' id='word_1_93' title='bbox 206 1755 323 1831; x_wconf 84' lang='lat' dir='ltr'>seculo</span> <span class='ocrx_word' id='word_1_94' title='bbox 347 1773 537 1846; x_wconf 81' lang='lat' dir='ltr'>servatura,</span> <span class='ocrx_word' id='word_1_95' title='bbox 565 1757 785 1833; x_wconf 89' lang='lat' dir='ltr'>nihilominus</span> <span class='ocrx_word' id='word_1_96' title='bbox 809 1756 1112 1833; x_wconf 75' lang='lat' dir='ltr'>consummandum</span> <span class='ocrx_word' id='word_1_97' title='bbox 1135 1772 1191 1831; x_wconf 88' lang='lat' dir='ltr'>est</span> <span class='ocrx_word' id='word_1_98' title='bbox 1214 1758 1326 1830; x_wconf 83' lang='lat' dir='ltr'>matn&#39;·</span> 
     </span>
     <span class='ocr_line' id='line_1_14' title="bbox 206 1870 1327 1962; baseline 0.002 -18"><span class='ocrx_word' id='word_1_99' title='bbox 206 1870 356 1946; x_wconf 89' lang='lat' dir='ltr'>monium</span> <span class='ocrx_word' id='word_1_100' title='bbox 375 1873 443 1946; x_wconf 91' lang='lat' dir='ltr'>iam</span> <span class='ocrx_word' id='word_1_101' title='bbox 460 1890 685 1962; x_wconf 80' lang='lat' dir='ltr'>contractum,</span> <span class='ocrx_word' id='word_1_102' title='bbox 706 1873 772 1947; x_wconf 87' lang='lat' dir='ltr'>nisi</span> <span class='ocrx_word' id='word_1_103' title='bbox 799 1899 837 1948; x_wconf 91' lang='lat' dir='ltr'>se</span> <span class='ocrx_word' id='word_1_104' title='bbox 856 1888 933 1948; x_wconf 85' lang='lat' dir='ltr'>voto</span> <span class='ocrx_word' id='word_1_105' title='bbox 959 1872 1180 1947; x_wconf 79' lang='lat' dir='ltr'>adstrinxerit</span> <span class='ocrx_word' id='word_1_106' title='bbox 1197 1871 1243 1947; x_wconf 88' lang='lat' dir='ltr'>ad</span> <span class='ocrx_word' id='word_1_107' title='bbox 1267 1870 1327 1948; x_wconf 88' lang='lat' dir='ltr'>ob-</span> 
     </span>
     <span class='ocr_line' id='line_1_15' title="bbox 206 1985 1321 2091; baseline 0 -30"><span class='ocrx_word' id='word_1_108' title='bbox 206 1987 411 2062; x_wconf 84' lang='lat' dir='ltr'>servantium</span> <span class='ocrx_word' id='word_1_109' title='bbox 429 1986 636 2086; x_wconf 77' lang='lat' dir='ltr'>regularem:</span> <span class='ocrx_word' id='word_1_110' title='bbox 658 1989 693 2061; x_wconf 91' lang='lat' dir='ltr'>in</span> <span class='ocrx_word' id='word_1_111' title='bbox 710 2014 779 2091; x_wconf 89' lang='lat' dir='ltr'>quo</span> <span class='ocrx_word' id='word_1_112' title='bbox 796 2014 879 2062; x_wconf 86' lang='lat' dir='ltr'>casn</span> <span class='ocrx_word' id='word_1_113' title='bbox 892 1985 1045 2087; x_wconf 89' lang='lat' dir='ltr'>compelli</span> <span class='ocrx_word' id='word_1_114' title='bbox 1067 2003 1198 2088; x_wconf 86' lang='lat' dir='ltr'>potest,</span> <span class='ocrx_word' id='word_1_115' title='bbox 1218 2003 1321 2061; x_wconf 81' lang='lat' dir='ltr'>utre</span> 
     </span>
     <span class='ocr_line' id='line_1_16' title="bbox 207 2098 1228 2204; baseline 0.001 -32"><span class='ocrx_word' id='word_1_116' title='bbox 207 2098 286 2175; x_wconf 90' lang='lat' dir='ltr'>licto</span> <span class='ocrx_word' id='word_1_117' title='bbox 310 2100 425 2176; x_wconf 86' lang='lat' dir='ltr'>seculo</span> <span class='ocrx_word' id='word_1_118' title='bbox 450 2101 623 2199; x_wconf 84' lang='lat' dir='ltr'>religionis</span> <span class='ocrx_word' id='word_1_119' title='bbox 646 2105 855 2204; x_wconf 87' lang='lat' dir='ltr'>propositum</span> <span class='ocrx_word' id='word_1_120' title='bbox 880 2116 1066 2202; x_wconf 89' lang='lat' dir='ltr'>exequatur</span> <span class='ocrx_word' id='word_1_121' title='bbox 1086 2103 1116 2198; x_wconf 87' lang='lat'>(1</span> <span class='ocrx_word' id='word_1_122' title='bbox 1125 2104 1228 2198; x_wconf 67' lang='lat' dir='ltr'>tt).-</span> 
     </span>
    </p>

    <p class='ocr_par' dir='ltr' id='par_1_3' title="bbox 204 2214 1325 3352">
     <span class='ocr_line' id='line_1_17' title="bbox 280 2214 1324 2316; baseline 0.004 -32"><span class='ocrx_word' id='word_1_123' title='bbox 280 2215 317 2285; x_wconf 93' lang='lat' dir='ltr'>ln</span> <span class='ocrx_word' id='word_1_124' title='bbox 344 2240 433 2314; x_wconf 89' lang='lat' dir='ltr'>quae</span> <span class='ocrx_word' id='word_1_125' title='bbox 456 2215 559 2291; x_wconf 81' lang='lat' dir='ltr'>verba</span> <span class='ocrx_word' id='word_1_126' title='bbox 582 2216 820 2291; x_wconf 80' lang='lat' dir='ltr'>animadvertit</span> <span class='ocrx_word' id='word_1_127' title='bbox 849 2215 987 2290; x_wconf 87' lang='lat' dir='ltr'>Pontius</span> <span class='ocrx_word' id='word_1_128' title='bbox 1000 2218 1036 2288; x_wconf 88' lang='lat'>1.</span> <span class='ocrx_word' id='word_1_129' title='bbox 1057 2214 1189 2316; x_wconf 79' lang='lat' dir='ltr'>lepram</span> <span class='ocrx_word' id='word_1_130' title='bbox 1206 2242 1324 2316; x_wconf 86' lang='lat' dir='ltr'>super-</span> 
     </span>
     <span class='ocr_line' id='line_1_18' title="bbox 204 2328 1324 2408; baseline 0 -4"><span class='ocrx_word' id='word_1_131' title='bbox 204 2328 394 2404; x_wconf 74' lang='lat' dir='ltr'>venientem</span> <span class='ocrx_word' id='word_1_132' title='bbox 420 2331 632 2407; x_wconf 87' lang='lat' dir='ltr'>matrimonio</span> <span class='ocrx_word' id='word_1_133' title='bbox 656 2349 729 2408; x_wconf 90' lang='lat' dir='ltr'>rato</span> <span class='ocrx_word' id='word_1_134' title='bbox 759 2332 941 2407; x_wconf 83' lang='lat' dir='ltr'>iudicatam</span> <span class='ocrx_word' id='word_1_135' title='bbox 974 2359 1040 2406; x_wconf 91' lang='lat' dir='ltr'>non</span> <span class='ocrx_word' id='word_1_136' title='bbox 1067 2331 1176 2406; x_wconf 86' lang='lat' dir='ltr'>luisse</span> <span class='ocrx_word' id='word_1_137' title='bbox 1200 2332 1245 2406; x_wconf 88' lang='lat' dir='ltr'>ab</span> <span class='ocrx_word' id='word_1_138' title='bbox 1271 2332 1324 2405; x_wconf 90' lang='lat' dir='ltr'>ln·</span> 
     </span>
     <span class='ocr_line' id='line_1_19' title="bbox 207 2445 1323 2545; baseline 0.002 -28"><span class='ocrx_word' id='word_1_139' title='bbox 207 2445 363 2519; x_wconf 87' lang='lat' dir='ltr'>nocentia</span> <span class='ocrx_word' id='word_1_140' title='bbox 384 2447 444 2519; x_wconf 92' lang='lat' dir='ltr'>lll.</span> <span class='ocrx_word' id='word_1_141' title='bbox 474 2447 700 2522; x_wconf 83' lang='lat' dir='ltr'>sufficientem</span> <span class='ocrx_word' id='word_1_142' title='bbox 729 2475 867 2523; x_wconf 82' lang='lat' dir='ltr'>causam</span> <span class='ocrx_word' id='word_1_143' title='bbox 892 2446 1100 2523; x_wconf 84' lang='lat' dir='ltr'>dissolvendi</span> <span class='ocrx_word' id='word_1_144' title='bbox 1130 2447 1323 2545; x_wconf 76' lang='lat' dir='ltr'>coniugium</span> 
     </span>
     <span class='ocr_line' id='line_1_20' title="bbox 207 2562 1323 2662; baseline -0.002 -27"><span class='ocrx_word' id='word_1_145' title='bbox 207 2586 307 2635; x_wconf 86' lang='lat' dir='ltr'>secus</span> <span class='ocrx_word' id='word_1_146' title='bbox 330 2589 370 2636; x_wconf 87' lang='lat' dir='ltr'>sc</span> <span class='ocrx_word' id='word_1_147' title='bbox 396 2566 539 2638; x_wconf 83' lang='lat' dir='ltr'>senserit</span> <span class='ocrx_word' id='word_1_148' title='bbox 563 2565 723 2637; x_wconf 91' lang='lat' dir='ltr'>Sanohez.</span> <span class='ocrx_word' id='word_1_149' title='bbox 756 2567 789 2636; x_wconf 83' lang='lat'>2.</span> <span class='ocrx_word' id='word_1_150' title='bbox 816 2566 915 2662; x_wconf 83' lang='lat' dir='ltr'>Urget</span> <span class='ocrx_word' id='word_1_151' title='bbox 939 2564 1041 2637; x_wconf 84' lang='lat' dir='ltr'>verba</span> <span class='ocrx_word' id='word_1_152' title='bbox 1068 2563 1144 2636; x_wconf 87' lang='lat' dir='ltr'>illa:</span> <span class='ocrx_word' id='word_1_153' title='bbox 1175 2565 1211 2634; x_wconf 86' lang='lat' dir='ltr'>in</span> <span class='ocrx_word' id='word_1_154' title='bbox 1235 2562 1323 2634; x_wconf 73' lang='lat' dir='ltr'>nulle</span> 
     </span>
     <span class='ocr_line' id='line_1_21' title="bbox 205 2677 1325 2778; baseline -0.002 -28"><span class='ocrx_word' id='word_1_155' title='bbox 205 2703 285 2750; x_wconf 81' lang='lat' dir='ltr'>cusu</span> <span class='ocrx_word' id='word_1_156' title='bbox 298 2705 392 2778; x_wconf 77' lang='lat' dir='ltr'>posse</span> <span class='ocrx_word' id='word_1_157' title='bbox 412 2680 566 2764; x_wconf 80' lang='lat' dir='ltr'>dissolui,</span> <span class='ocrx_word' id='word_1_158' title='bbox 587 2683 686 2752; x_wconf 86' lang='lat' dir='ltr'>etiam</span> <span class='ocrx_word' id='word_1_159' title='bbox 702 2682 804 2753; x_wconf 84' lang='lat' dir='ltr'>altero</span> <span class='ocrx_word' id='word_1_160' title='bbox 829 2683 865 2752; x_wconf 82' lang='lat' dir='ltr'>in</span> <span class='ocrx_word' id='word_1_161' title='bbox 886 2681 1041 2752; x_wconf 75' lang='lat' dir='ltr'>haeresim</span> <span class='ocrx_word' id='word_1_162' title='bbox 1059 2678 1239 2762; x_wconf 76' lang='lat' dir='ltr'>incidente,</span> <span class='ocrx_word' id='word_1_163' title='bbox 1260 2677 1325 2749; x_wconf 83' lang='lat' dir='ltr'>nisi</span> 
     </span>
     <span class='ocr_line' id='line_1_22' title="bbox 207 2792 1324 2894; baseline -0.002 -28"><span class='ocrx_word' id='word_1_164' title='bbox 207 2807 333 2866; x_wconf 70' lang='lat' dir='ltr'>motum</span> <span class='ocrx_word' id='word_1_165' title='bbox 349 2821 391 2866; x_wconf 73' lang='lat' dir='ltr'>ecc</span> <span class='ocrx_word' id='word_1_166' title='bbox 409 2794 523 2866; x_wconf 82' lang='lat' dir='ltr'>diuino</span> <span class='ocrx_word' id='word_1_167' title='bbox 541 2797 754 2881; x_wconf 84' lang='lat' dir='ltr'>revelatiooe;</span> <span class='ocrx_word' id='word_1_168' title='bbox 774 2812 874 2894; x_wconf 88' lang='lat' dir='ltr'>atque</span> <span class='ocrx_word' id='word_1_169' title='bbox 898 2794 982 2867; x_wconf 84' lang='lat' dir='ltr'>adeo</span> <span class='ocrx_word' id='word_1_170' title='bbox 1000 2794 1043 2867; x_wconf 92' lang='lat' dir='ltr'>ob</span> <span class='ocrx_word' id='word_1_171' title='bbox 1062 2792 1172 2867; x_wconf 90' lang='lat' dir='ltr'>solum</span> <span class='ocrx_word' id='word_1_172' title='bbox 1195 2793 1324 2889; x_wconf 83' lang='lat' dir='ltr'>ingres·</span> 
     </span>
     <span class='ocr_line' id='line_1_23' title="bbox 205 2907 1324 3010; baseline -0.004 -27"><span class='ocrx_word' id='word_1_173' title='bbox 205 2934 282 2983; x_wconf 85' lang='lat' dir='ltr'>sum</span> <span class='ocrx_word' id='word_1_174' title='bbox 307 2909 497 3007; x_wconf 80' lang='lat' dir='ltr'>religionis,</span> <span class='ocrx_word' id='word_1_175' title='bbox 529 2911 586 3010; x_wconf 91' lang='lat' dir='ltr'>qui</span> <span class='ocrx_word' id='word_1_176' title='bbox 613 2937 713 2984; x_wconf 89' lang='lat' dir='ltr'>casus</span> <span class='ocrx_word' id='word_1_177' title='bbox 740 2911 882 2984; x_wconf 90' lang='lat' dir='ltr'>hahetur</span> <span class='ocrx_word' id='word_1_178' title='bbox 907 2910 973 2983; x_wconf 85' lang='lat' dir='ltr'>iam</span> <span class='ocrx_word' id='word_1_179' title='bbox 999 2935 1040 2981; x_wconf 83' lang='lat' dir='ltr'>er</span> <span class='ocrx_word' id='word_1_180' title='bbox 1059 2909 1177 2982; x_wconf 81' lang='lat' dir='ltr'>divina</span> <span class='ocrx_word' id='word_1_181' title='bbox 1202 2907 1324 2981; x_wconf 84' lang='lat' dir='ltr'>revela-</span> 
     </span>
     <span class='ocr_line' id='line_1_24' title="bbox 206 3022 1323 3123; baseline -0.003 -27"><span class='ocrx_word' id='word_1_182' title='bbox 206 3022 306 3097; x_wconf 90' lang='lat' dir='ltr'>tione.</span> <span class='ocrx_word' id='word_1_183' title='bbox 336 3025 449 3098; x_wconf 88' lang='lat' dir='ltr'>Sensit</span> <span class='ocrx_word' id='word_1_184' title='bbox 472 3052 551 3123; x_wconf 78' lang='lat' dir='ltr'>ergo</span> <span class='ocrx_word' id='word_1_185' title='bbox 577 3025 792 3099; x_wconf 80' lang='lat' dir='ltr'>Innocentius</span> <span class='ocrx_word' id='word_1_186' title='bbox 818 3023 944 3096; x_wconf 89' lang='lat' dir='ltr'>nullam</span> <span class='ocrx_word' id='word_1_187' title='bbox 969 3023 1125 3096; x_wconf 85' lang='lat' dir='ltr'>idoneam</span> <span class='ocrx_word' id='word_1_188' title='bbox 1146 3049 1224 3096; x_wconf 88' lang='lat' dir='ltr'>esse</span> <span class='ocrx_word' id='word_1_189' title='bbox 1250 3048 1323 3095; x_wconf 90' lang='lat' dir='ltr'>cau·</span> 
     </span>
     <span class='ocr_line' id='line_1_25' title="bbox 205 3137 1324 3239; baseline -0.004 -26"><span class='ocrx_word' id='word_1_190' title='bbox 205 3165 278 3213; x_wconf 88' lang='lat' dir='ltr'>sam</span> <span class='ocrx_word' id='word_1_191' title='bbox 304 3141 511 3216; x_wconf 88' lang='lat' dir='ltr'>dissolvendi</span> <span class='ocrx_word' id='word_1_192' title='bbox 530 3141 781 3215; x_wconf 78' lang='lat' dir='ltr'>matrimonium</span> <span class='ocrx_word' id='word_1_193' title='bbox 799 3156 926 3224; x_wconf 87' lang='lat' dir='ltr'>ratum,</span> <span class='ocrx_word' id='word_1_194' title='bbox 948 3139 1014 3213; x_wconf 90' lang='lat' dir='ltr'>nisi</span> <span class='ocrx_word' id='word_1_195' title='bbox 1033 3165 1120 3239; x_wconf 88' lang='lat' dir='ltr'>quae</span> <span class='ocrx_word' id='word_1_196' title='bbox 1138 3137 1324 3212; x_wconf 87' lang='lat' dir='ltr'>constiterit</span> 
     </span>
     <span class='ocr_line' id='line_1_26' title="bbox 205 3256 751 3352; baseline 0.002 -25"><span class='ocrx_word' id='word_1_197' title='bbox 205 3281 245 3327; x_wconf 83' lang='lat' dir='ltr'>ex</span> <span class='ocrx_word' id='word_1_198' title='bbox 272 3256 473 3331; x_wconf 82' lang='lat' dir='ltr'>revelatione</span> <span class='ocrx_word' id='word_1_199' title='bbox 497 3258 613 3331; x_wconf 85' lang='lat' dir='ltr'>divina</span> <span class='ocrx_word' id='word_1_200' title='bbox 638 3260 751 3352; x_wconf 77' lang='lat'>(136).</span> 
     </span>
    </p>

    <p class='ocr_par' dir='ltr' id='par_1_4' title="bbox 203 3368 1326 4164">
     <span class='ocr_line' id='line_1_27' title="bbox 280 3368 1322 3469; baseline -0.001 -29"><span class='ocrx_word' id='word_1_201' title='bbox 280 3371 330 3442; x_wconf 89' lang='lat' dir='ltr'>lta</span> <span class='ocrx_word' id='word_1_202' title='bbox 357 3372 517 3469; x_wconf 89' lang='lat' dir='ltr'>quidem,</span> <span class='ocrx_word' id='word_1_203' title='bbox 547 3374 576 3446; x_wconf 90' lang='lat' dir='ltr'>si</span> <span class='ocrx_word' id='word_1_204' title='bbox 612 3373 825 3446; x_wconf 87' lang='lat' dir='ltr'>Innocentius</span> <span class='ocrx_word' id='word_1_205' title='bbox 855 3372 919 3445; x_wconf 86' lang='lat' dir='ltr'>hae</span> <span class='ocrx_word' id='word_1_206' title='bbox 946 3372 980 3442; x_wconf 89' lang='lat' dir='ltr'>in</span> <span class='ocrx_word' id='word_1_207' title='bbox 1013 3368 1158 3468; x_wconf 85' lang='lat' dir='ltr'>epistole</span> <span class='ocrx_word' id='word_1_208' title='bbox 1190 3369 1322 3442; x_wconf 89' lang='lat' dir='ltr'>loeutus</span> 
     </span>
     <span class='ocr_line' id='line_1_28' title="bbox 207 3484 1324 3586; baseline -0.001 -30"><span class='ocrx_word' id='word_1_209' title='bbox 207 3484 328 3559; x_wconf 87' lang='lat' dir='ltr'>luisset</span> <span class='ocrx_word' id='word_1_210' title='bbox 349 3486 391 3558; x_wconf 91' lang='lat' dir='ltr'>de</span> <span class='ocrx_word' id='word_1_211' title='bbox 409 3503 573 3586; x_wconf 85' lang='lat' dir='ltr'>potestate</span> <span class='ocrx_word' id='word_1_212' title='bbox 592 3488 765 3563; x_wconf 84' lang='lat' dir='ltr'>Pontificis</span> <span class='ocrx_word' id='word_1_213' title='bbox 783 3489 873 3561; x_wconf 88' lang='lat' dir='ltr'>circe</span> <span class='ocrx_word' id='word_1_214' title='bbox 890 3486 1179 3586; x_wconf 87' lang='lat' dir='ltr'>dispensationem</span> <span class='ocrx_word' id='word_1_215' title='bbox 1199 3485 1235 3555; x_wconf 91' lang='lat' dir='ltr'>in</span> <span class='ocrx_word' id='word_1_216' title='bbox 1253 3510 1324 3555; x_wconf 88' lang='lat' dir='ltr'>ma·</span> 
     </span>
     <span class='ocr_line' id='line_1_29' title="bbox 205 3601 1324 3703; baseline -0.004 -28"><span class='ocrx_word' id='word_1_217' title='bbox 205 3602 362 3677; x_wconf 89' lang='lat' dir='ltr'>trimonio</span> <span class='ocrx_word' id='word_1_218' title='bbox 375 3621 464 3690; x_wconf 87' lang='lat' dir='ltr'>rato,</span> <span class='ocrx_word' id='word_1_219' title='bbox 481 3604 568 3678; x_wconf 92' lang='lat' dir='ltr'>etde</span> <span class='ocrx_word' id='word_1_220' title='bbox 581 3605 694 3679; x_wconf 88' lang='lat' dir='ltr'>causis</span> <span class='ocrx_word' id='word_1_221' title='bbox 708 3604 833 3703; x_wconf 89' lang='lat' dir='ltr'>quibus</span> <span class='ocrx_word' id='word_1_222' title='bbox 849 3618 964 3702; x_wconf 89' lang='lat' dir='ltr'>posset</span> <span class='ocrx_word' id='word_1_223' title='bbox 977 3601 1030 3676; x_wconf 80' lang='lat' dir='ltr'>vel</span> <span class='ocrx_word' id='word_1_224' title='bbox 1044 3627 1110 3675; x_wconf 90' lang='lat' dir='ltr'>non</span> <span class='ocrx_word' id='word_1_225' title='bbox 1125 3615 1241 3699; x_wconf 90' lang='lat' dir='ltr'>posset</span> <span class='ocrx_word' id='word_1_226' title='bbox 1254 3625 1324 3700; x_wconf 89' lang='lat' dir='ltr'>per·</span> 
     </span>
     <span class='ocr_line' id='line_1_30' title="bbox 205 3717 1326 3817; baseline -0.004 -27"><span class='ocrx_word' id='word_1_227' title='bbox 205 3720 330 3793; x_wconf 83' lang='lat' dir='ltr'>moveri</span> <span class='ocrx_word' id='word_1_228' title='bbox 344 3720 386 3792; x_wconf 91' lang='lat' dir='ltr'>ad</span> <span class='ocrx_word' id='word_1_229' title='bbox 402 3720 649 3793; x_wconf 88' lang='lat' dir='ltr'>concedendam</span> <span class='ocrx_word' id='word_1_230' title='bbox 663 3719 829 3793; x_wconf 92' lang='lat' dir='ltr'>eiusmodi</span> <span class='ocrx_word' id='word_1_231' title='bbox 843 3717 1144 3817; x_wconf 86' lang='lat' dir='ltr'>dispensationem,</span> <span class='ocrx_word' id='word_1_232' title='bbox 1162 3728 1262 3815; x_wconf 90' lang='lat' dir='ltr'>prout</span> <span class='ocrx_word' id='word_1_233' title='bbox 1272 3740 1326 3786; x_wconf 88' lang='lat' dir='ltr'>as-</span> 
     </span>
     <span class='ocr_line' id='line_1_31' title="bbox 204 3827 1324 3929; baseline -0.009 -21"><span class='ocrx_word' id='word_1_234' title='bbox 204 3835 309 3908; x_wconf 86' lang='lat' dir='ltr'>sumit</span> <span class='ocrx_word' id='word_1_235' title='bbox 322 3835 472 3907; x_wconf 90' lang='lat' dir='ltr'>Pontius.</span> <span class='ocrx_word' id='word_1_236' title='bbox 498 3834 566 3906; x_wconf 89' lang='lat' dir='ltr'>lam</span> <span class='ocrx_word' id='word_1_237' title='bbox 584 3859 662 3907; x_wconf 88' lang='lat' dir='ltr'>vero</span> <span class='ocrx_word' id='word_1_238' title='bbox 687 3834 751 3908; x_wconf 91' lang='lat' dir='ltr'>hac</span> <span class='ocrx_word' id='word_1_239' title='bbox 777 3832 820 3905; x_wconf 94' lang='lat' dir='ltr'>de</span> <span class='ocrx_word' id='word_1_240' title='bbox 843 3858 878 3904; x_wconf 91' lang='lat' dir='ltr'>re</span> <span class='ocrx_word' id='word_1_241' title='bbox 903 3857 945 3904; x_wconf 91' lang='lat' dir='ltr'>ne</span> <span class='ocrx_word' id='word_1_242' title='bbox 963 3830 1101 3904; x_wconf 85' lang='lat' dir='ltr'>verbum</span> <span class='ocrx_word' id='word_1_243' title='bbox 1123 3828 1263 3929; x_wconf 89' lang='lat' dir='ltr'>quidem</span> <span class='ocrx_word' id='word_1_244' title='bbox 1289 3827 1324 3899; x_wconf 90' lang='lat' dir='ltr'>in</span> 
     </span>
     <span class='ocr_line' id='line_1_32' title="bbox 204 3943 1326 4049; baseline -0.004 -29"><span class='ocrx_word' id='word_1_245' title='bbox 204 3947 363 4023; x_wconf 87' lang='lat' dir='ltr'>universa</span> <span class='ocrx_word' id='word_1_246' title='bbox 381 3949 445 4022; x_wconf 87' lang='lat' dir='ltr'>hac</span> <span class='ocrx_word' id='word_1_247' title='bbox 462 3950 634 4023; x_wconf 84' lang='lat' dir='ltr'>decretali.</span> <span class='ocrx_word' id='word_1_248' title='bbox 651 3949 837 4049; x_wconf 87' lang='lat' dir='ltr'>Respondit</span> <span class='ocrx_word' id='word_1_249' title='bbox 849 3948 951 4046; x_wconf 79' lang='lat' dir='ltr'>igitur</span> <span class='ocrx_word' id='word_1_250' title='bbox 965 3947 1115 4021; x_wconf 81' lang='lat' dir='ltr'>Pontifex</span> <span class='ocrx_word' id='word_1_251' title='bbox 1131 3943 1326 4045; x_wconf 87' lang='lat' dir='ltr'>quaestioni</span> 
     </span>
     <span class='ocr_line' id='line_1_33' title="bbox 203 4059 1326 4164; baseline -0.004 -28"><span class='ocrx_word' id='word_1_252' title='bbox 203 4061 270 4136; x_wconf 87' lang='lat' dir='ltr'>sibi</span> <span class='ocrx_word' id='word_1_253' title='bbox 298 4065 487 4164; x_wconf 87' lang='lat' dir='ltr'>propositae</span> <span class='ocrx_word' id='word_1_254' title='bbox 512 4066 554 4137; x_wconf 90' lang='lat' dir='ltr'>ad</span> <span class='ocrx_word' id='word_1_255' title='bbox 582 4066 667 4138; x_wconf 91' lang='lat' dir='ltr'>iuris</span> <span class='ocrx_word' id='word_1_256' title='bbox 689 4062 906 4138; x_wconf 86' lang='lat' dir='ltr'>ecclesiastici</span> <span class='ocrx_word' id='word_1_257' title='bbox 929 4059 1078 4160; x_wconf 85' lang='lat' dir='ltr'>regulam</span> <span class='ocrx_word' id='word_1_258' title='bbox 1102 4061 1194 4134; x_wconf 81' lang='lat' dir='ltr'>iuxta</span> <span class='ocrx_word' id='word_1_259' title='bbox 1221 4085 1326 4160; x_wconf 87' lang='lat' dir='ltr'>quam</span> 
     </span>
    </p>
   </div>
   <div class='ocr_carea' id='block_1_3' title="bbox 276 4247 1133 4393">
    <p class='ocr_par' dir='ltr' id='par_1_5' title="bbox 276 4247 1133 4393">
     <span class='ocr_line' id='line_1_34' title="bbox 276 4247 1133 4315; baseline -0.006 -17"><span class='ocrx_word' id='word_1_260' title='bbox 276 4250 342 4311; x_wconf 79' lang='lat'>(1³5)</span> <span class='ocrx_word' id='word_1_261' title='bbox 355 4253 415 4315; x_wconf 79' lang='lat' dir='ltr'>cap.</span> <span class='ocrx_word' id='word_1_262' title='bbox 428 4253 492 4300; x_wconf 79' lang='lat' dir='ltr'>lllv.</span> <span class='ocrx_word' id='word_1_263' title='bbox 508 4253 550 4300; x_wconf 76' lang='lat' dir='ltr'>Ex</span> <span class='ocrx_word' id='word_1_264' title='bbox 558 4253 642 4314; x_wconf 80' lang='lat' dir='ltr'>porte.</span> <span class='ocrx_word' id='word_1_265' title='bbox 659 4251 696 4301; x_wconf 81' lang='lat' dir='ltr'>tit.</span> <span class='ocrx_word' id='word_1_266' title='bbox 712 4251 810 4299; x_wconf 80' lang='grc' dir='ltr'><strong>ΧΧΧΙΙ.</strong></span> <span class='ocrx_word' id='word_1_267' title='bbox 826 4247 858 4297; x_wconf 80' lang='lat' dir='ltr'>de</span> <span class='ocrx_word' id='word_1_268' title='bbox 869 4260 984 4298; x_wconf 67' lang='lat' dir='ltr'>coniers.</span> <span class='ocrx_word' id='word_1_269' title='bbox 1000 4248 1133 4308; x_wconf 69' lang='lat' dir='ltr'>conlucet.</span> 
     </span>
     <span class='ocr_line' id='line_1_35' title="bbox 277 4330 655 4393; baseline 0 -14"><span class='ocrx_word' id='word_1_270' title='bbox 277 4331 342 4391; x_wconf 72' lang='lat' dir='ltr'>(tad)</span> <span class='ocrx_word' id='word_1_271' title='bbox 358 4330 413 4380; x_wconf 80' lang='lat' dir='ltr'>Lib.</span> <span class='ocrx_word' id='word_1_272' title='bbox 429 4333 471 4382; x_wconf 74' lang='lat' dir='ltr'>lx.</span> <span class='ocrx_word' id='word_1_273' title='bbox 484 4343 537 4393; x_wconf 77' lang='lat' dir='ltr'>esp.</span> <span class='ocrx_word' id='word_1_274' title='bbox 555 4338 577 4380; x_wconf 78' lang='lat'>³.</span> <span class='ocrx_word' id='word_1_275' title='bbox 592 4344 616 4380; x_wconf 89' lang='grc' dir='ltr'>ιι.</span> <span class='ocrx_word' id='word_1_276' title='bbox 633 4337 655 4379; x_wconf 74' lang='grc'>5.</span> 
     </span>
    </p>
   </div>
   <div class='ocr_carea' id='block_1_4' title="bbox 0 0 1426 5056">
    <p class='ocr_par' dir='ltr' id='par_1_6' title="bbox 0 0 1426 5056">
     <span class='ocr_line' id='line_1_36' title="bbox 0 0 1426 5056; baseline 0 0"><span class='ocrx_word' id='word_1_277' title='bbox 0 0 1426 5056; x_wconf 95' lang='lat' dir='ltr'> </span> 
     </span>
    </p>
   </div>
  </div>
 </body>
</html>
