<?xml version="1.0" encoding="UTF-8"?>
<!DOCTYPE html PUBLIC "-//W3C//DTD XHTML 1.0 Transitional//EN"
    "http://www.w3.org/TR/xhtml1/DTD/xhtml1-transitional.dtd">
<html xmlns="http://www.w3.org/1999/xhtml" xml:lang="en" lang="en">
 <head>
  <title>
</title>
<meta http-equiv="Content-Type" content="text/html;charset=utf-8" />
  <meta name='ocr-system' content='tesseract 3.04.00' />
  <meta name='ocr-capabilities' content='ocr_page ocr_carea ocr_par ocr_line ocrx_word'/>
</head>
<body>
  <div class='ocr_page' id='page_1' title='image "./dematrimoniochr01perrgoog_0410.png"; bbox 0 0 2842 5056; ppageno 0'>
   <div class='ocr_carea' id='block_1_1' title="bbox 208 362 1201 434">
    <p class='ocr_par' dir='ltr' id='par_1_1' title="bbox 208 362 1201 434">
     <span class='ocr_line' id='line_1_1' title="bbox 208 362 1201 434; baseline 0.005 -6"><span class='ocrx_word' id='word_1_1' title='bbox 208 380 277 430; x_wconf 79' lang='lat' dir='ltr'>err.</span> <span class='ocrx_word' id='word_1_2' title='bbox 294 380 338 430; x_wconf 89' lang='lat' dir='ltr'>rv.</span> <span class='ocrx_word' id='word_1_3' title='bbox 356 381 396 428; x_wconf 84' lang='lat' dir='ltr'>nn</span> <span class='ocrx_word' id='word_1_4' title='bbox 410 379 522 429; x_wconf 77' lang='lat' dir='ltr'>enine.</span> <span class='ocrx_word' id='word_1_5' title='bbox 541 379 633 429; x_wconf 82' lang='lat' dir='ltr'>rnnxt</span> <span class='ocrx_word' id='word_1_6' title='bbox 647 380 685 429; x_wconf 84' lang='lat' dir='ltr'>nr</span> <span class='ocrx_word' id='word_1_7' title='bbox 698 380 770 430; x_wconf 82' lang='lat' dir='ltr'>eru.</span> <span class='ocrx_word' id='word_1_8' title='bbox 788 381 933 432; x_wconf 82' lang='lat' dir='ltr'>rnrusur.</span> <span class='ocrx_word' id='word_1_9' title='bbox 957 383 1028 434; x_wconf 78' lang='lat' dir='ltr'>rur.</span> <span class='ocrx_word' id='word_1_10' title='bbox 1045 384 1082 434; x_wconf 88' lang='lat' dir='ltr'>u.</span> <span class='ocrx_word' id='word_1_11' title='bbox 1132 362 1201 434; x_wconf 80' lang='lat' dir='ltr'>tta</span> 
     </span>
    </p>
   </div>
   <div class='ocr_carea' id='block_1_2' title="bbox 82 494 1209 3938">
    <p class='ocr_par' dir='ltr' id='par_1_2' title="bbox 82 494 1209 2550">
     <span class='ocr_line' id='line_1_2' title="bbox 87 494 1209 598; baseline 0.004 -29"><span class='ocrx_word' id='word_1_12' title='bbox 87 521 189 595; x_wconf 92' lang='lat' dir='ltr'>scopo</span> <span class='ocrx_word' id='word_1_13' title='bbox 216 521 317 593; x_wconf 91' lang='lat' dir='ltr'>quem</span> <span class='ocrx_word' id='word_1_14' title='bbox 345 494 411 567; x_wconf 91' lang='lat' dir='ltr'>sibi</span> <span class='ocrx_word' id='word_1_15' title='bbox 439 494 623 568; x_wconf 88' lang='lat' dir='ltr'>tridentina</span> <span class='ocrx_word' id='word_1_16' title='bbox 651 496 802 596; x_wconf 82' lang='lat' dir='ltr'>synodus</span> <span class='ocrx_word' id='word_1_17' title='bbox 830 499 1029 595; x_wconf 82' lang='lat' dir='ltr'><strong>proposuit,</strong></span> <span class='ocrx_word' id='word_1_18' title='bbox 1067 515 1103 571; x_wconf 92' lang='lat' dir='ltr'>ut</span> <span class='ocrx_word' id='word_1_19' title='bbox 1132 500 1209 598; x_wconf 86' lang='lat' dir='ltr'>ipsa</span> 
     </span>
     <span class='ocr_line' id='line_1_3' title="bbox 87 610 1209 710; baseline 0.004 -28"><span class='ocrx_word' id='word_1_20' title='bbox 87 611 236 710; x_wconf 88' lang='lat' dir='ltr'>praelata</span> <span class='ocrx_word' id='word_1_21' title='bbox 259 625 331 694; x_wconf 89' lang='lat' dir='ltr'>est,</span> <span class='ocrx_word' id='word_1_22' title='bbox 361 610 564 706; x_wconf 74' lang='lat' dir='ltr'>insigniores</span> <span class='ocrx_word' id='word_1_23' title='bbox 590 611 769 710; x_wconf 90' lang='lat' dir='ltr'>impiorum</span> <span class='ocrx_word' id='word_1_24' title='bbox 803 610 978 685; x_wconf 90' lang='lat' dir='ltr'>hominum</span> <span class='ocrx_word' id='word_1_25' title='bbox 1012 614 1154 687; x_wconf 78' lang='lat' dir='ltr'><strong><em>haereses</em></strong></span> <span class='ocrx_word' id='word_1_26' title='bbox 1178 631 1209 687; x_wconf 90' lang='lat' dir='ltr'>et</span> 
     </span>
     <span class='ocr_line' id='line_1_4' title="bbox 84 723 1205 825; baseline 0.004 -28"><span class='ocrx_word' id='word_1_27' title='bbox 84 752 209 798; x_wconf 83' lang='lat' dir='ltr'>errores</span> <span class='ocrx_word' id='word_1_28' title='bbox 243 723 486 796; x_wconf 80' lang='lat' dir='ltr'>catormiaaudi</span> <span class='ocrx_word' id='word_1_29' title='bbox 518 741 552 798; x_wconf 89' lang='lat' dir='ltr'>et</span> <span class='ocrx_word' id='word_1_30' title='bbox 580 724 872 799; x_wconf 81' lang='lat' dir='ltr'>anathematismis</span> <span class='ocrx_word' id='word_1_31' title='bbox 908 726 1072 825; x_wconf 79' lang='lat' dir='ltr'>plectendi</span> <span class='ocrx_word' id='word_1_32' title='bbox 1103 730 1205 822; x_wconf 77' lang='lat' dir='ltr'>(hh);</span> 
     </span>
     <span class='ocr_line' id='line_1_5' title="bbox 87 839 1209 941; baseline 0.005 -29"><span class='ocrx_word' id='word_1_33' title='bbox 87 857 254 939; x_wconf 80' lang='lat' dir='ltr'>repugnat</span> <span class='ocrx_word' id='word_1_34' title='bbox 267 856 438 941; x_wconf 91' lang='lat' dir='ltr'>praeterea</span> <span class='ocrx_word' id='word_1_35' title='bbox 456 839 565 940; x_wconf 90' lang='lat' dir='ltr'>ipsius</span> <span class='ocrx_word' id='word_1_36' title='bbox 584 842 724 915; x_wconf 91' lang='lat' dir='ltr'>canonis</span> <span class='ocrx_word' id='word_1_37' title='bbox 745 841 870 927; x_wconf 82' lang='lat' dir='ltr'>verbis,</span> <span class='ocrx_word' id='word_1_38' title='bbox 892 841 1017 941; x_wconf 86' lang='lat' dir='ltr'>quibus</span> <span class='ocrx_word' id='word_1_39' title='bbox 1031 843 1209 918; x_wconf 85' lang='lat' dir='ltr'>anathema</span> 
     </span>
     <span class='ocr_line' id='line_1_6' title="bbox 85 956 1209 1054; baseline 0.004 -26"><span class='ocrx_word' id='word_1_40' title='bbox 85 956 280 1029; x_wconf 83' lang='lat' dir='ltr'>decernitur</span> <span class='ocrx_word' id='word_1_41' title='bbox 300 957 335 1027; x_wconf 87' lang='lat' dir='ltr'>in</span> <span class='ocrx_word' id='word_1_42' title='bbox 362 982 445 1043; x_wconf 83' lang='lat' dir='ltr'>eos,</span> <span class='ocrx_word' id='word_1_43' title='bbox 475 958 535 1054; x_wconf 81' lang='lat' dir='ltr'>qui</span> <span class='ocrx_word' id='word_1_44' title='bbox 557 956 705 1029; x_wconf 76' lang='lat' dir='ltr'>dicerint</span> <span class='ocrx_word' id='word_1_45' title='bbox 728 958 896 1030; x_wconf 83' lang='lat' dir='ltr'>ecclesiam</span> <span class='ocrx_word' id='word_1_46' title='bbox 920 985 1028 1031; x_wconf 84' lang='lat' dir='ltr'>errare</span> <span class='ocrx_word' id='word_1_47' title='bbox 1053 986 1127 1031; x_wconf 88' lang='lat' dir='ltr'>cam</span> <span class='ocrx_word' id='word_1_48' title='bbox 1152 959 1209 1033; x_wconf 84' lang='lat' dir='ltr'>do-</span> 
     </span>
     <span class='ocr_line' id='line_1_7' title="bbox 86 1070 1203 1169; baseline 0.004 -27"><span class='ocrx_word' id='word_1_49' title='bbox 86 1073 155 1143; x_wconf 81' lang='lat' dir='ltr'>cuit</span> <span class='ocrx_word' id='word_1_50' title='bbox 180 1086 210 1142; x_wconf 88' lang='lat' dir='ltr'>et</span> <span class='ocrx_word' id='word_1_51' title='bbox 236 1070 325 1143; x_wconf 88' lang='lat' dir='ltr'>decet</span> <span class='ocrx_word' id='word_1_52' title='bbox 349 1073 447 1142; x_wconf 82' lang='lat' dir='ltr'>iacta</span> <span class='ocrx_word' id='word_1_53' title='bbox 473 1071 694 1167; x_wconf 75' lang='lat' dir='ltr'>eocapelicam</span> <span class='ocrx_word' id='word_1_54' title='bbox 717 1087 747 1143; x_wconf 87' lang='lat' dir='ltr'>et</span> <span class='ocrx_word' id='word_1_55' title='bbox 772 1072 983 1169; x_wconf 86' lang='lat' dir='ltr'>apostolicam</span> <span class='ocrx_word' id='word_1_56' title='bbox 1007 1071 1203 1159; x_wconf 78' lang='lat' dir='ltr'>doctrinam,</span> 
     </span>
     <span class='ocr_line' id='line_1_8' title="bbox 82 1184 1208 1285; baseline 0.007 -30"><span class='ocrx_word' id='word_1_57' title='bbox 82 1201 218 1282; x_wconf 88' lang='lat' dir='ltr'>prepter</span> <span class='ocrx_word' id='word_1_58' title='bbox 233 1184 433 1256; x_wconf 77' lang='lat' dir='ltr'>adulterium</span> <span class='ocrx_word' id='word_1_59' title='bbox 445 1184 582 1256; x_wconf 83' lang='lat' dir='ltr'>alterius</span> <span class='ocrx_word' id='word_1_60' title='bbox 600 1187 772 1284; x_wconf 80' lang='lat' dir='ltr'>coaiupum</span> <span class='ocrx_word' id='word_1_61' title='bbox 782 1186 1026 1258; x_wconf 78' lang='lat' dir='ltr'>matrimonium</span> <span class='ocrx_word' id='word_1_62' title='bbox 1038 1214 1102 1259; x_wconf 84' lang='lat' dir='ltr'>aaa</span> <span class='ocrx_word' id='word_1_63' title='bbox 1115 1215 1208 1285; x_wconf 79' lang='lat' dir='ltr'>posse</span> 
     </span>
     <span class='ocr_line' id='line_1_9' title="bbox 86 1300 1209 1402; baseline 0.004 -30"><span class='ocrx_word' id='word_1_64' title='bbox 86 1301 233 1372; x_wconf 78' lang='lat' dir='ltr'>dissolui.</span> <span class='ocrx_word' id='word_1_65' title='bbox 263 1300 297 1372; x_wconf 91' lang='lat' dir='ltr'>Si</span> <span class='ocrx_word' id='word_1_66' title='bbox 317 1300 421 1398; x_wconf 83' lang='lat' dir='ltr'>igitur</span> <span class='ocrx_word' id='word_1_67' title='bbox 437 1301 480 1373; x_wconf 93' lang='lat' dir='ltr'>de</span> <span class='ocrx_word' id='word_1_68' title='bbox 497 1301 649 1374; x_wconf 90' lang='lat' dir='ltr'>doctrina</span> <span class='ocrx_word' id='word_1_69' title='bbox 665 1317 699 1375; x_wconf 90' lang='lat' dir='ltr'>ct</span> <span class='ocrx_word' id='word_1_70' title='bbox 715 1300 852 1400; x_wconf 88' lang='lat' dir='ltr'>quidem</span> <span class='ocrx_word' id='word_1_71' title='bbox 870 1301 1064 1399; x_wconf 77' lang='lat' dir='ltr'>evangelica</span> <span class='ocrx_word' id='word_1_72' title='bbox 1080 1319 1114 1376; x_wconf 91' lang='lat' dir='ltr'>et</span> <span class='ocrx_word' id='word_1_73' title='bbox 1130 1330 1209 1402; x_wconf 82' lang='lat' dir='ltr'>apo</span> 
     </span>
     <span class='ocr_line' id='line_1_10' title="bbox 87 1415 1208 1516; baseline 0.004 -28"><span class='ocrx_word' id='word_1_74' title='bbox 87 1417 205 1489; x_wconf 89' lang='lat' dir='ltr'>stolica</span> <span class='ocrx_word' id='word_1_75' title='bbox 231 1417 362 1513; x_wconf 82' lang='lat' dir='ltr'>agitur,</span> <span class='ocrx_word' id='word_1_76' title='bbox 394 1443 455 1490; x_wconf 90' lang='lat' dir='ltr'>seu</span> <span class='ocrx_word' id='word_1_77' title='bbox 481 1415 522 1490; x_wconf 90' lang='lat' dir='ltr'>de</span> <span class='ocrx_word' id='word_1_78' title='bbox 548 1415 701 1490; x_wconf 88' lang='lat' dir='ltr'>doctrine</span> <span class='ocrx_word' id='word_1_79' title='bbox 724 1442 828 1516; x_wconf 89' lang='lat' dir='ltr'>quam</span> <span class='ocrx_word' id='word_1_80' title='bbox 853 1415 999 1490; x_wconf 85' lang='lat' dir='ltr'>ecclesia</span> <span class='ocrx_word' id='word_1_81' title='bbox 1030 1419 1160 1516; x_wconf 89' lang='lat' dir='ltr'>accepit</span> <span class='ocrx_word' id='word_1_82' title='bbox 1187 1447 1208 1493; x_wconf 85' lang='lat' dir='ltr'>a</span> 
     </span>
     <span class='ocr_line' id='line_1_11' title="bbox 86 1531 1209 1632; baseline 0.004 -30"><span class='ocrx_word' id='word_1_83' title='bbox 86 1531 222 1605; x_wconf 84' lang='lat' dir='ltr'>Christo</span> <span class='ocrx_word' id='word_1_84' title='bbox 247 1548 281 1606; x_wconf 90' lang='lat' dir='ltr'>et</span> <span class='ocrx_word' id='word_1_85' title='bbox 301 1532 344 1605; x_wconf 93' lang='lat' dir='ltr'>ab</span> <span class='ocrx_word' id='word_1_86' title='bbox 365 1532 545 1632; x_wconf 76' lang='lat' dir='ltr'>Apostolo,</span> <span class='ocrx_word' id='word_1_87' title='bbox 574 1553 607 1605; x_wconf 96' lang='lat' dir='ltr'>et</span> <span class='ocrx_word' id='word_1_88' title='bbox 632 1533 665 1605; x_wconf 93' lang='lat' dir='ltr'>vi</span> <span class='ocrx_word' id='word_1_89' title='bbox 683 1532 781 1606; x_wconf 91' lang='lat' dir='ltr'>cuius</span> <span class='ocrx_word' id='word_1_90' title='bbox 798 1532 949 1606; x_wconf 86' lang='lat' dir='ltr'>decernit</span> <span class='ocrx_word' id='word_1_91' title='bbox 965 1547 1100 1631; x_wconf 89' lang='lat' dir='ltr'>propter</span> <span class='ocrx_word' id='word_1_92' title='bbox 1116 1533 1209 1607; x_wconf 86' lang='lat' dir='ltr'>edul-</span> 
     </span>
     <span class='ocr_line' id='line_1_12' title="bbox 87 1645 1208 1746; baseline 0.006 -30"><span class='ocrx_word' id='word_1_93' title='bbox 87 1646 204 1718; x_wconf 89' lang='lat' dir='ltr'>terium</span> <span class='ocrx_word' id='word_1_94' title='bbox 231 1647 434 1719; x_wconf 90' lang='lat' dir='ltr'>matrimonii</span> <span class='ocrx_word' id='word_1_95' title='bbox 459 1645 632 1719; x_wconf 92' lang='lat' dir='ltr'>vinculum</span> <span class='ocrx_word' id='word_1_96' title='bbox 652 1671 720 1720; x_wconf 90' lang='lat' dir='ltr'>non</span> <span class='ocrx_word' id='word_1_97' title='bbox 738 1673 840 1746; x_wconf 88' lang='lat' dir='ltr'>posse</span> <span class='ocrx_word' id='word_1_98' title='bbox 856 1646 1016 1732; x_wconf 86' lang='lat' dir='ltr'>dissolvi,</span> <span class='ocrx_word' id='word_1_99' title='bbox 1038 1648 1208 1746; x_wconf 89' lang='lat' dir='ltr'>quomodo</span> 
     </span>
     <span class='ocr_line' id='line_1_13' title="bbox 86 1760 1208 1861; baseline 0.001 -29"><span class='ocrx_word' id='word_1_100' title='bbox 86 1761 245 1832; x_wconf 81' lang='lat' dir='ltr'>affirmari</span> <span class='ocrx_word' id='word_1_101' title='bbox 275 1777 384 1860; x_wconf 89' lang='lat' dir='ltr'>potest</span> <span class='ocrx_word' id='word_1_102' title='bbox 415 1762 449 1832; x_wconf 93' lang='lat' dir='ltr'>in</span> <span class='ocrx_word' id='word_1_103' title='bbox 474 1787 515 1835; x_wconf 87' lang='lat' dir='ltr'>eo</span> <span class='ocrx_word' id='word_1_104' title='bbox 534 1788 662 1835; x_wconf 87' lang='lat' dir='ltr'>canone</span> <span class='ocrx_word' id='word_1_105' title='bbox 687 1761 741 1858; x_wconf 83' lang='lat' dir='ltr'>agi</span> <span class='ocrx_word' id='word_1_106' title='bbox 767 1762 809 1834; x_wconf 92' lang='lat' dir='ltr'>de</span> <span class='ocrx_word' id='word_1_107' title='bbox 827 1787 863 1834; x_wconf 90' lang='lat' dir='ltr'>ro</span> <span class='ocrx_word' id='word_1_108' title='bbox 879 1760 1090 1861; x_wconf 86' lang='lat' dir='ltr'>disciplinari</span> <span class='ocrx_word' id='word_1_109' title='bbox 1109 1788 1149 1836; x_wconf 88' lang='lat' dir='ltr'>ac</span> <span class='ocrx_word' id='word_1_110' title='bbox 1165 1762 1208 1834; x_wconf 93' lang='lat' dir='ltr'>li-</span> 
     </span>
     <span class='ocr_line' id='line_1_14' title="bbox 88 1875 1208 1975; baseline 0.005 -30"><span class='ocrx_word' id='word_1_111' title='bbox 88 1875 186 1960; x_wconf 87' lang='lat' dir='ltr'>bera,</span> <span class='ocrx_word' id='word_1_112' title='bbox 203 1893 261 1949; x_wconf 95' lang='lat' dir='ltr'>aut</span> <span class='ocrx_word' id='word_1_113' title='bbox 278 1875 395 1949; x_wconf 91' lang='lat' dir='ltr'>saltem</span> <span class='ocrx_word' id='word_1_114' title='bbox 414 1875 590 1949; x_wconf 91' lang='lat' dir='ltr'>mutationi</span> <span class='ocrx_word' id='word_1_115' title='bbox 609 1875 771 1962; x_wconf 85' lang='lat' dir='ltr'>obnoxie,</span> <span class='ocrx_word' id='word_1_116' title='bbox 799 1875 896 1975; x_wconf 89' lang='lat' dir='ltr'>quasi</span> <span class='ocrx_word' id='word_1_117' title='bbox 925 1901 1046 1974; x_wconf 84' lang='lat' dir='ltr'>nempe</span> <span class='ocrx_word' id='word_1_118' title='bbox 1066 1875 1208 1951; x_wconf 88' lang='lat' dir='ltr'>ccclesia</span> 
     </span>
     <span class='ocr_line' id='line_1_15' title="bbox 85 1989 1208 2091; baseline 0.004 -29"><span class='ocrx_word' id='word_1_119' title='bbox 85 1991 271 2064; x_wconf 88' lang='lat' dir='ltr'>doctrinam</span> <span class='ocrx_word' id='word_1_120' title='bbox 290 1991 415 2064; x_wconf 84' lang='lat' dir='ltr'>Christi</span> <span class='ocrx_word' id='word_1_121' title='bbox 433 2007 466 2064; x_wconf 92' lang='lat' dir='ltr'>et</span> <span class='ocrx_word' id='word_1_122' title='bbox 487 1990 638 2091; x_wconf 80' lang='lat' dir='ltr'>Apostoli</span> <span class='ocrx_word' id='word_1_123' title='bbox 657 1992 835 2064; x_wconf 82' lang='lat' dir='ltr'>immutare</span> <span class='ocrx_word' id='word_1_124' title='bbox 851 1989 992 2089; x_wconf 80' lang='lat' dir='ltr'>posset?</span> <span class='ocrx_word' id='word_1_125' title='bbox 1009 1990 1080 2065; x_wconf 90' lang='lat' dir='ltr'>lloc</span> <span class='ocrx_word' id='word_1_126' title='bbox 1096 1991 1208 2066; x_wconf 87' lang='lat' dir='ltr'>dicare</span> 
     </span>
     <span class='ocr_line' id='line_1_16' title="bbox 87 2106 1207 2207; baseline 0.006 -31"><span class='ocrx_word' id='word_1_127' title='bbox 87 2108 227 2205; x_wconf 89' lang='lat' dir='ltr'>impium</span> <span class='ocrx_word' id='word_1_128' title='bbox 252 2133 335 2180; x_wconf 87' lang='lat' dir='ltr'>sane</span> <span class='ocrx_word' id='word_1_129' title='bbox 356 2123 418 2181; x_wconf 88' lang='lat' dir='ltr'>est.</span> <span class='ocrx_word' id='word_1_130' title='bbox 447 2107 601 2206; x_wconf 89' lang='lat' dir='ltr'>Denique</span> <span class='ocrx_word' id='word_1_131' title='bbox 619 2125 782 2207; x_wconf 80' lang='lat' dir='ltr'>repugnat</span> <span class='ocrx_word' id='word_1_132' title='bbox 799 2107 864 2206; x_wconf 89' lang='lat' dir='ltr'>ipsi</span> <span class='ocrx_word' id='word_1_133' title='bbox 888 2106 1050 2181; x_wconf 89' lang='lat' dir='ltr'>historiae</span> <span class='ocrx_word' id='word_1_134' title='bbox 1066 2108 1207 2183; x_wconf 87' lang='lat' dir='ltr'>canonis</span> 
     </span>
     <span class='ocr_line' id='line_1_17' title="bbox 87 2221 1209 2321; baseline 0.005 -30"><span class='ocrx_word' id='word_1_135' title='bbox 87 2223 177 2294; x_wconf 85' lang='lat' dir='ltr'>iuxta</span> <span class='ocrx_word' id='word_1_136' title='bbox 202 2248 304 2321; x_wconf 90' lang='lat' dir='ltr'>quam</span> <span class='ocrx_word' id='word_1_137' title='bbox 330 2238 461 2295; x_wconf 90' lang='lat' dir='ltr'>constat</span> <span class='ocrx_word' id='word_1_138' title='bbox 486 2223 520 2292; x_wconf 95' lang='lat' dir='ltr'>in</span> <span class='ocrx_word' id='word_1_139' title='bbox 548 2222 656 2320; x_wconf 90' lang='lat' dir='ltr'>prima</span> <span class='ocrx_word' id='word_1_140' title='bbox 682 2223 788 2296; x_wconf 80' lang='lat' dir='ltr'>forma</span> <span class='ocrx_word' id='word_1_141' title='bbox 813 2221 992 2296; x_wconf 87' lang='lat' dir='ltr'>anathema</span> <span class='ocrx_word' id='word_1_142' title='bbox 1010 2222 1135 2297; x_wconf 89' lang='lat' dir='ltr'>directe</span> <span class='ocrx_word' id='word_1_143' title='bbox 1160 2224 1209 2297; x_wconf 92' lang='lat' dir='ltr'>in·</span> 
     </span>
     <span class='ocr_line' id='line_1_18' title="bbox 87 2335 1204 2435; baseline 0.005 -29"><span class='ocrx_word' id='word_1_144' title='bbox 87 2335 212 2408; x_wconf 92' lang='lat' dir='ltr'>llictum</span> <span class='ocrx_word' id='word_1_145' title='bbox 232 2335 337 2410; x_wconf 87' lang='lat' dir='ltr'>luisse</span> <span class='ocrx_word' id='word_1_146' title='bbox 355 2335 390 2407; x_wconf 87' lang='lat' dir='ltr'>in</span> <span class='ocrx_word' id='word_1_147' title='bbox 407 2361 485 2423; x_wconf 89' lang='lat' dir='ltr'>eos,</span> <span class='ocrx_word' id='word_1_148' title='bbox 502 2337 561 2435; x_wconf 93' lang='lat' dir='ltr'>qui</span> <span class='ocrx_word' id='word_1_149' title='bbox 576 2337 726 2411; x_wconf 89' lang='lat' dir='ltr'>dicerent</span> <span class='ocrx_word' id='word_1_150' title='bbox 744 2337 957 2410; x_wconf 87' lang='lat' dir='ltr'>matrimonia</span> <span class='ocrx_word' id='word_1_151' title='bbox 971 2355 1204 2412; x_wconf 85' lang='lat' dir='ltr'>consummata</span> 
     </span>
     <span class='ocr_line' id='line_1_19' title="bbox 86 2450 662 2550; baseline 0 -27"><span class='ocrx_word' id='word_1_152' title='bbox 86 2450 130 2523; x_wconf 92' lang='lat' dir='ltr'>ob</span> <span class='ocrx_word' id='word_1_153' title='bbox 154 2451 356 2525; x_wconf 91' lang='lat' dir='ltr'>adulterium</span> <span class='ocrx_word' id='word_1_154' title='bbox 382 2477 485 2550; x_wconf 89' lang='lat' dir='ltr'>posse</span> <span class='ocrx_word' id='word_1_155' title='bbox 509 2451 662 2526; x_wconf 90' lang='lat' dir='ltr'>dissolvi.</span> 
     </span>
    </p>

    <p class='ocr_par' dir='ltr' id='par_1_3' title="bbox 85 2566 1209 3822">
     <span class='ocr_line' id='line_1_20' title="bbox 160 2566 1202 2656; baseline 0.003 -18"><span class='ocrx_word' id='word_1_156' title='bbox 160 2569 265 2640; x_wconf 92' lang='lat' dir='ltr'>lmmo</span> <span class='ocrx_word' id='word_1_157' title='bbox 289 2566 435 2640; x_wconf 88' lang='lat' dir='ltr'>dicimus</span> <span class='ocrx_word' id='word_1_158' title='bbox 456 2593 619 2641; x_wconf 92' lang='lat' dir='ltr'>canonem</span> <span class='ocrx_word' id='word_1_159' title='bbox 639 2568 731 2642; x_wconf 92' lang='lat' dir='ltr'>hunc</span> <span class='ocrx_word' id='word_1_160' title='bbox 751 2595 817 2642; x_wconf 94' lang='lat' dir='ltr'>non</span> <span class='ocrx_word' id='word_1_161' title='bbox 839 2569 939 2643; x_wconf 92' lang='lat' dir='ltr'>modo</span> <span class='ocrx_word' id='word_1_162' title='bbox 960 2569 1202 2656; x_wconf 78' lang='lat' dir='ltr'>doctrinalem,</span> 
     </span>
     <span class='ocr_line' id='line_1_21' title="bbox 85 2681 1206 2783; baseline 0.001 -29"><span class='ocrx_word' id='word_1_163' title='bbox 85 2708 200 2754; x_wconf 89' lang='lat' dir='ltr'>vemm</span> <span class='ocrx_word' id='word_1_164' title='bbox 224 2683 325 2756; x_wconf 90' lang='lat' dir='ltr'>etiam</span> <span class='ocrx_word' id='word_1_165' title='bbox 351 2708 426 2756; x_wconf 87' lang='lat' dir='ltr'>esse</span> <span class='ocrx_word' id='word_1_166' title='bbox 451 2681 688 2780; x_wconf 75' lang='lat' dir='ltr'>dopmaticum,</span> <span class='ocrx_word' id='word_1_167' title='bbox 718 2685 776 2783; x_wconf 91' lang='lat' dir='ltr'>qui</span> <span class='ocrx_word' id='word_1_168' title='bbox 807 2684 937 2758; x_wconf 90' lang='lat' dir='ltr'>scilicet</span> <span class='ocrx_word' id='word_1_169' title='bbox 960 2684 1103 2757; x_wconf 90' lang='lat' dir='ltr'>adstruit</span> <span class='ocrx_word' id='word_1_170' title='bbox 1128 2683 1206 2758; x_wconf 89' lang='lat' dir='ltr'>srdei</span> 
     </span>
     <span class='ocr_line' id='line_1_22' title="bbox 86 2797 1208 2898; baseline 0.004 -30"><span class='ocrx_word' id='word_1_171' title='bbox 86 2797 208 2894; x_wconf 79' lang='lat' dir='ltr'>dogma</span> <span class='ocrx_word' id='word_1_172' title='bbox 232 2797 275 2871; x_wconf 85' lang='lat' dir='ltr'>ab</span> <span class='ocrx_word' id='word_1_173' title='bbox 300 2797 457 2872; x_wconf 88' lang='lat' dir='ltr'>omnibus</span> <span class='ocrx_word' id='word_1_174' title='bbox 488 2797 645 2872; x_wconf 85' lang='lat' dir='ltr'>fidelibus</span> <span class='ocrx_word' id='word_1_175' title='bbox 678 2799 818 2872; x_wconf 84' lang='lat' dir='ltr'>firmiter</span> <span class='ocrx_word' id='word_1_176' title='bbox 842 2799 1021 2874; x_wconf 90' lang='lat' dir='ltr'>tenendum</span> <span class='ocrx_word' id='word_1_177' title='bbox 1047 2815 1080 2873; x_wconf 91' lang='lat' dir='ltr'>et</span> <span class='ocrx_word' id='word_1_178' title='bbox 1104 2798 1208 2898; x_wconf 84' lang='lat' dir='ltr'>proh·</span> 
     </span>
     <span class='ocr_line' id='line_1_23' title="bbox 89 2913 1207 3012; baseline 0.002 -25"><span class='ocrx_word' id='word_1_179' title='bbox 89 2913 245 3000; x_wconf 89' lang='lat' dir='ltr'>tendum;</span> <span class='ocrx_word' id='word_1_180' title='bbox 272 2914 319 2988; x_wconf 93' lang='lat' dir='ltr'>ita</span> <span class='ocrx_word' id='word_1_181' title='bbox 345 2931 455 2987; x_wconf 90' lang='lat' dir='ltr'>tamen</span> <span class='ocrx_word' id='word_1_182' title='bbox 481 2931 519 2987; x_wconf 91' lang='lat' dir='ltr'>ut</span> <span class='ocrx_word' id='word_1_183' title='bbox 543 2913 710 2987; x_wconf 89' lang='lat' dir='ltr'>obiectum</span> <span class='ocrx_word' id='word_1_184' title='bbox 732 2915 894 2988; x_wconf 89' lang='lat' dir='ltr'>directum</span> <span class='ocrx_word' id='word_1_185' title='bbox 918 2914 1020 3012; x_wconf 92' lang='lat' dir='ltr'>huius</span> <span class='ocrx_word' id='word_1_186' title='bbox 1040 2914 1207 3011; x_wconf 80' lang='lat' dir='ltr'>dogmatis</span> 
     </span>
     <span class='ocr_line' id='line_1_24' title="bbox 88 3028 1207 3105; baseline 0.004 -5"><span class='ocrx_word' id='word_1_187' title='bbox 88 3029 132 3100; x_wconf 91' lang='lat' dir='ltr'>sit</span> <span class='ocrx_word' id='word_1_188' title='bbox 158 3029 339 3102; x_wconf 86' lang='lat' dir='ltr'>inerrantia</span> <span class='ocrx_word' id='word_1_189' title='bbox 365 3028 527 3102; x_wconf 89' lang='lat' dir='ltr'>ecclesiae</span> <span class='ocrx_word' id='word_1_190' title='bbox 554 3028 587 3100; x_wconf 93' lang='lat' dir='ltr'>in</span> <span class='ocrx_word' id='word_1_191' title='bbox 625 3028 923 3103; x_wconf 88' lang='lat' dir='ltr'>indissolubilitate</span> <span class='ocrx_word' id='word_1_192' title='bbox 952 3029 1207 3105; x_wconf 85' lang='lat' dir='ltr'>matrimonialis</span> 
     </span>
     <span class='ocr_line' id='line_1_25' title="bbox 87 3143 1209 3230; baseline 0.003 -14"><span class='ocrx_word' id='word_1_193' title='bbox 87 3143 213 3217; x_wconf 89' lang='lat' dir='ltr'>vinculi</span> <span class='ocrx_word' id='word_1_194' title='bbox 241 3145 274 3215; x_wconf 94' lang='lat' dir='ltr'>in</span> <span class='ocrx_word' id='word_1_195' title='bbox 302 3144 458 3218; x_wconf 88' lang='lat' dir='ltr'>adulterii</span> <span class='ocrx_word' id='word_1_196' title='bbox 481 3171 563 3219; x_wconf 88' lang='lat' dir='ltr'>casu</span> <span class='ocrx_word' id='word_1_197' title='bbox 589 3145 761 3230; x_wconf 88' lang='lat' dir='ltr'>docenda;</span> <span class='ocrx_word' id='word_1_198' title='bbox 791 3145 990 3218; x_wconf 89' lang='lat' dir='ltr'>indirectum</span> <span class='ocrx_word' id='word_1_199' title='bbox 1024 3162 1135 3219; x_wconf 88' lang='lat' dir='ltr'>autem</span> <span class='ocrx_word' id='word_1_200' title='bbox 1164 3147 1209 3219; x_wconf 91' lang='lat' dir='ltr'>sit</span> 
     </span>
     <span class='ocr_line' id='line_1_26' title="bbox 88 3260 1207 3361; baseline 0.006 -31"><span class='ocrx_word' id='word_1_201' title='bbox 88 3260 369 3335; x_wconf 88' lang='lat' dir='ltr'>indissolubilitas</span> <span class='ocrx_word' id='word_1_202' title='bbox 385 3262 472 3360; x_wconf 82' lang='lat' dir='ltr'>ipsa,</span> <span class='ocrx_word' id='word_1_203' title='bbox 491 3288 593 3361; x_wconf 90' lang='lat' dir='ltr'>quam</span> <span class='ocrx_word' id='word_1_204' title='bbox 607 3260 752 3336; x_wconf 86' lang='lat' dir='ltr'>ecclesie</span> <span class='ocrx_word' id='word_1_205' title='bbox 766 3261 864 3336; x_wconf 86' lang='lat' dir='ltr'>docet</span> <span class='ocrx_word' id='word_1_206' title='bbox 876 3262 967 3335; x_wconf 81' lang='lat' dir='ltr'>iuxta</span> <span class='ocrx_word' id='word_1_207' title='bbox 980 3262 1207 3360; x_wconf 80' lang='lat' dir='ltr'>evangelicam</span> 
     </span>
     <span class='ocr_line' id='line_1_27' title="bbox 87 3376 1209 3476; baseline 0.003 -28"><span class='ocrx_word' id='word_1_208' title='bbox 87 3393 121 3449; x_wconf 86' lang='lat' dir='ltr'>et</span> <span class='ocrx_word' id='word_1_209' title='bbox 132 3376 350 3475; x_wconf 89' lang='lat' dir='ltr'>apostolicam</span> <span class='ocrx_word' id='word_1_210' title='bbox 364 3377 565 3450; x_wconf 90' lang='lat' dir='ltr'>doctrinam.</span> <span class='ocrx_word' id='word_1_211' title='bbox 580 3376 746 3462; x_wconf 84' lang='lat' dir='ltr'>Quocirca</span> <span class='ocrx_word' id='word_1_212' title='bbox 758 3377 817 3476; x_wconf 93' lang='lat' dir='ltr'>qui</span> <span class='ocrx_word' id='word_1_213' title='bbox 831 3377 1005 3452; x_wconf 88' lang='lat' dir='ltr'>ecclesiam</span> <span class='ocrx_word' id='word_1_214' title='bbox 1017 3378 1105 3452; x_wconf 90' lang='lat' dir='ltr'>circa</span> <span class='ocrx_word' id='word_1_215' title='bbox 1117 3377 1209 3451; x_wconf 89' lang='lat' dir='ltr'>huno</span> 
     </span>
     <span class='ocr_line' id='line_1_28' title="bbox 87 3492 1208 3593; baseline 0.004 -30"><span class='ocrx_word' id='word_1_216' title='bbox 87 3492 261 3564; x_wconf 88' lang='lat' dir='ltr'>articulum</span> <span class='ocrx_word' id='word_1_217' title='bbox 276 3493 398 3566; x_wconf 88' lang='lat' dir='ltr'>erroris</span> <span class='ocrx_word' id='word_1_218' title='bbox 412 3493 543 3566; x_wconf 91' lang='lat' dir='ltr'>incuset</span> <span class='ocrx_word' id='word_1_219' title='bbox 559 3508 611 3566; x_wconf 93' lang='lat' dir='ltr'>est</span> <span class='ocrx_word' id='word_1_220' title='bbox 629 3494 807 3565; x_wconf 81' lang='lat' dir='ltr'>haereticus</span> <span class='ocrx_word' id='word_1_221' title='bbox 822 3550 831 3577; x_wconf 91' lang='lat'><strong><em>,</em></strong></span> <span class='ocrx_word' id='word_1_222' title='bbox 849 3509 950 3593; x_wconf 87' lang='lat' dir='ltr'>atque</span> <span class='ocrx_word' id='word_1_223' title='bbox 971 3494 1006 3565; x_wconf 94' lang='lat' dir='ltr'>in</span> <span class='ocrx_word' id='word_1_224' title='bbox 1027 3493 1208 3568; x_wconf 87' lang='lat' dir='ltr'>anathema</span> 
     </span>
     <span class='ocr_line' id='line_1_29' title="bbox 88 3607 1208 3707; baseline 0.004 -30"><span class='ocrx_word' id='word_1_225' title='bbox 88 3607 226 3679; x_wconf 85' lang='lat' dir='ltr'>incurrit</span> <span class='ocrx_word' id='word_1_226' title='bbox 242 3636 249 3694; x_wconf 92' lang='lat'>;</span> <span class='ocrx_word' id='word_1_227' title='bbox 270 3609 329 3707; x_wconf 90' lang='lat' dir='ltr'>qui</span> <span class='ocrx_word' id='word_1_228' title='bbox 342 3634 421 3681; x_wconf 90' lang='lat' dir='ltr'>vero</span> <span class='ocrx_word' id='word_1_229' title='bbox 438 3609 638 3682; x_wconf 89' lang='lat' dir='ltr'>contrariam</span> <span class='ocrx_word' id='word_1_230' title='bbox 660 3608 845 3682; x_wconf 91' lang='lat' dir='ltr'>doctrinam</span> <span class='ocrx_word' id='word_1_231' title='bbox 864 3626 952 3683; x_wconf 91' lang='lat' dir='ltr'>tenet</span> <span class='ocrx_word' id='word_1_232' title='bbox 965 3610 1083 3683; x_wconf 90' lang='lat' dir='ltr'>saltem</span> <span class='ocrx_word' id='word_1_233' title='bbox 1104 3610 1137 3680; x_wconf 95' lang='lat' dir='ltr'>in</span> <span class='ocrx_word' id='word_1_234' title='bbox 1157 3635 1208 3682; x_wconf 90' lang='lat' dir='ltr'>er-</span> 
     </span>
     <span class='ocr_line' id='line_1_30' title="bbox 89 3723 686 3822; baseline 0.003 -31"><span class='ocrx_word' id='word_1_235' title='bbox 89 3747 162 3794; x_wconf 89' lang='lat' dir='ltr'>rore</span> <span class='ocrx_word' id='word_1_236' title='bbox 186 3740 339 3795; x_wconf 90' lang='lat' dir='ltr'>versatur</span> <span class='ocrx_word' id='word_1_237' title='bbox 364 3723 494 3796; x_wconf 89' lang='lat' dir='ltr'>haeresi</span> <span class='ocrx_word' id='word_1_238' title='bbox 523 3725 686 3822; x_wconf 83' lang='lat' dir='ltr'>proximo.</span> 
     </span>
    </p>

    <p class='ocr_par' dir='ltr' id='par_1_4' title="bbox 160 3836 1209 3938">
     <span class='ocr_line' id='line_1_31' title="bbox 160 3836 1209 3938; baseline 0.004 -33"><span class='ocrx_word' id='word_1_239' title='bbox 160 3836 290 3909; x_wconf 82' lang='lat' dir='ltr'>Exinde</span> <span class='ocrx_word' id='word_1_240' title='bbox 316 3837 476 3921; x_wconf 77' lang='lat' dir='ltr'>insertur,</span> <span class='ocrx_word' id='word_1_241' title='bbox 504 3853 541 3909; x_wconf 93' lang='lat' dir='ltr'>ut</span> <span class='ocrx_word' id='word_1_242' title='bbox 567 3863 670 3936; x_wconf 93' lang='lat' dir='ltr'>supra</span> <span class='ocrx_word' id='word_1_243' title='bbox 696 3838 862 3924; x_wconf 84' lang='lat' dir='ltr'>diximus,</span> <span class='ocrx_word' id='word_1_244' title='bbox 893 3839 1027 3935; x_wconf 84' lang='lat' dir='ltr'>insigne</span> <span class='ocrx_word' id='word_1_245' title='bbox 1048 3838 1138 3938; x_wconf 89' lang='lat' dir='ltr'>quod</span> <span class='ocrx_word' id='word_1_246' title='bbox 1158 3839 1209 3909; x_wconf 92' lang='lat' dir='ltr'>in-</span> 
     </span>
    </p>
   </div>
   <div class='ocr_carea' id='block_1_3' title="bbox 86 3949 1215 4281">
    <p class='ocr_par' dir='ltr' id='par_1_5' title="bbox 86 3949 1215 4281">
     <span class='ocr_line' id='line_1_32' title="bbox 89 3949 1209 4051; baseline 0.003 -29"><span class='ocrx_word' id='word_1_247' title='bbox 89 3949 227 4022; x_wconf 88' lang='lat' dir='ltr'>tercedit</span> <span class='ocrx_word' id='word_1_248' title='bbox 251 3949 434 4022; x_wconf 87' lang='lat' dir='ltr'>discrimen</span> <span class='ocrx_word' id='word_1_249' title='bbox 463 3950 549 4023; x_wconf 92' lang='lat' dir='ltr'>inter</span> <span class='ocrx_word' id='word_1_250' title='bbox 572 3953 716 4050; x_wconf 91' lang='lat' dir='ltr'>priorem</span> <span class='ocrx_word' id='word_1_251' title='bbox 735 3978 775 4025; x_wconf 91' lang='lat' dir='ltr'>ac</span> <span class='ocrx_word' id='word_1_252' title='bbox 794 3953 1011 4051; x_wconf 86' lang='lat' dir='ltr'>posteriorem</span> <span class='ocrx_word' id='word_1_253' title='bbox 1034 3952 1135 4024; x_wconf 92' lang='lat' dir='ltr'>huius</span> <span class='ocrx_word' id='word_1_254' title='bbox 1153 3977 1209 4025; x_wconf 91' lang='lat' dir='ltr'>ca-</span> 
     </span>
     <span class='ocr_line' id='line_1_33' title="bbox 88 4063 1209 4166; baseline 0.006 -33"><span class='ocrx_word' id='word_1_255' title='bbox 88 4064 185 4136; x_wconf 91' lang='lat' dir='ltr'>nonis</span> <span class='ocrx_word' id='word_1_256' title='bbox 199 4063 352 4149; x_wconf 89' lang='lat' dir='ltr'>lormam;</span> <span class='ocrx_word' id='word_1_257' title='bbox 362 4070 445 4162; x_wconf 37' lang='lat' dir='ltr'>ssnam</span> <span class='ocrx_word' id='word_1_258' title='bbox 461 4065 552 4137; x_wconf 81' lang='lat' dir='ltr'>iusta</span> <span class='ocrx_word' id='word_1_259' title='bbox 566 4067 710 4162; x_wconf 88' lang='lat' dir='ltr'>priorem</span> <span class='ocrx_word' id='word_1_260' title='bbox 720 4092 787 4139; x_wconf 93' lang='lat' dir='ltr'>uno</span> <span class='ocrx_word' id='word_1_261' title='bbox 799 4067 984 4166; x_wconf 89' lang='lat' dir='ltr'>eodemque</span> <span class='ocrx_word' id='word_1_262' title='bbox 997 4065 1209 4140; x_wconf 88' lang='lat' dir='ltr'>anathemate</span> 
     </span>
     <span class='ocr_line' id='line_1_34' title="bbox 86 4178 1215 4281; baseline 0.006 -32"><span class='ocrx_word' id='word_1_263' title='bbox 86 4178 234 4251; x_wconf 89' lang='lat' dir='ltr'>obvoluti</span> <span class='ocrx_word' id='word_1_264' title='bbox 253 4197 368 4252; x_wconf 85' lang='lat' dir='ltr'>essent</span> <span class='ocrx_word' id='word_1_265' title='bbox 386 4196 455 4252; x_wconf 91' lang='lat' dir='ltr'>tum</span> <span class='ocrx_word' id='word_1_266' title='bbox 473 4196 650 4255; x_wconf 84' lang='lat' dir='ltr'>novatores</span> <span class='ocrx_word' id='word_1_267' title='bbox 674 4197 742 4254; x_wconf 92' lang='lat' dir='ltr'>tum</span> <span class='ocrx_word' id='word_1_268' title='bbox 761 4185 895 4278; x_wconf 77' lang='lat' dir='ltr'>graeci3</span> <span class='ocrx_word' id='word_1_269' title='bbox 917 4210 977 4281; x_wconf 90' lang='lat' dir='ltr'>per</span> <span class='ocrx_word' id='word_1_270' title='bbox 992 4182 1215 4281; x_wconf 43' lang='lat' dir='ltr'>posteriorem·</span> 
     </span>
    </p>
   </div>
   <div class='ocr_carea' id='block_1_4' title="bbox 168 4334 1170 4398">
    <p class='ocr_par' dir='ltr' id='par_1_6' title="bbox 168 4334 1170 4398">
     <span class='ocr_line' id='line_1_35' title="bbox 168 4334 1170 4398; baseline -0.001 -13"><span class='ocrx_word' id='word_1_271' title='bbox 168 4335 217 4392; x_wconf 74' lang='lat' dir='ltr'>tta)</span> <span class='ocrx_word' id='word_1_272' title='bbox 237 4337 263 4383; x_wconf 91' lang='lat' dir='ltr'>tn</span> <span class='ocrx_word' id='word_1_273' title='bbox 288 4334 421 4398; x_wconf 82' lang='lat' dir='ltr'>praemissa</span> <span class='ocrx_word' id='word_1_274' title='bbox 443 4337 570 4385; x_wconf 65' lang='lat' dir='ltr'>nocturna</span> <span class='ocrx_word' id='word_1_275' title='bbox 591 4334 624 4385; x_wconf 84' lang='lat' dir='ltr'>da</span> <span class='ocrx_word' id='word_1_276' title='bbox 643 4339 808 4386; x_wconf 81' lang='lat' dir='ltr'>sacramenta</span> <span class='ocrx_word' id='word_1_277' title='bbox 830 4339 993 4387; x_wconf 75' lang='lat' dir='ltr'>matrimautt</span> <span class='ocrx_word' id='word_1_278' title='bbox 1008 4349 1067 4387; x_wconf 79' lang='lat' dir='ltr'>sess.</span> <span class='ocrx_word' id='word_1_279' title='bbox 1083 4337 1170 4388; x_wconf 77' lang='lat' dir='ltr'>xxiv.</span> 
     </span>
    </p>
   </div>
   <div class='ocr_carea' id='block_1_5' title="bbox 0 0 1430 5056">
    <p class='ocr_par' dir='ltr' id='par_1_7' title="bbox 0 0 1430 5056">
     <span class='ocr_line' id='line_1_36' title="bbox 0 0 1430 5056; baseline 0 0"><span class='ocrx_word' id='word_1_280' title='bbox 0 0 1430 5056; x_wconf 95' lang='lat' dir='ltr'> </span> 
     </span>
    </p>
   </div>
  </div>
 </body>
</html>
