2796 5064
287 329 1124 420 ossinsrssnsurssneinmnrss.urrunnun.
1199 349 1266 420 tot

237 479 315 556 Huc
337 482 438 556 etiem
455 464 581 558 soleta
603 481 774 584 plerisque
799 484 923 558 adduci
950 487 1124 584 responsio
1148 486 1271 587 Grego-

158 594 195 666 rii
229 596 274 669 ll.
308 596 351 670 ad
386 623 417 672 s.
456 598 665 672 Bonilacium
699 625 934 697 germanorum
970 601 1157 701 apostolum
1192 602 1272 679 dats
1318 669 1321 680 2

155 712 301 783 enisi.
317 714 416 808 (229)
431 714 481 787 818
498 714 599 812 igitur
615 740 653 788 se
666 714 779 788 habet:
799 714 918 802 «Quod
931 706 1158 816 proposuisti,
1178 718 1270 818 quod

154 823 183 896 si
208 825 335 899 mulier
359 827 553 902 infirmitate
581 844 734 929 correpta
759 855 826 902 non
851 829 992 902 valuerit
1018 829 1167 904 debitum
1199 832 1271 906 viro

152 937 319 1028 reddero,
347 942 432 1041 quid
455 943 529 1017 eius
558 943 657 1019 iaciat
689 942 839 1041 iugalis?
868 946 994 1017 Bonum
1025 962 1135 1032 esset,
1165 946 1195 1019 si
1221 947 1272 1021 sic

151 1071 382 1152 permaneret,
404 1073 442 1131 ut
455 1058 677 1133 abstinentiae
693 1075 839 1133 vacaret.
861 1059 924 1132 Sed
947 1060 1028 1158 quia
1050 1061 1114 1134 hoc
1132 1087 1271 1159 magno-

151 1193 223 1241 rum
243 1186 318 1256 est,
347 1169 405 1244 ille
430 1173 488 1272 qui
511 1200 548 1247 se
570 1201 635 1248 non
657 1176 778 1275 poterit
798 1175 986 1262 continere,
1016 1174 1122 1247 nubat
1138 1177 1265 1274 magis:

149 1308 215 1357 non
245 1299 358 1359 288288
382 1287 528 1361 subsidii
554 1315 651 1389 opem
674 1291 849 1364 subtrahat
873 1290 917 1364 ab
943 1289 1018 1378 illa,
1048 1317 1150 1391 quam
1175 1292 1268 1364 infir-

146 1396 247 1472 mitas
265 1401 466 1500 praepedit,
477 1419 510 1478 et
527 1430 593 1479 non
611 1405 822 1480 detestabilis
840 1405 940 1505 culpa
956 1404 1105 1479 excludit
1120 1409 1263 1503 (2311).»

148 1511 292 1602 Verum,
320 1531 358 1589 ut
383 1532 493 1617 patet,
529 1520 573 1594 ad
598 1537 807 1621 praesentem
840 1522 1071 1621 quaestionem
1100 1521 1268 1596 eiusmodi

145 1630 327 1729 responsio
347 1657 414 1706 non
436 1623 596 1723 refertur3
625 1662 687 1709 nec
711 1635 801 1710 enim
827 1637 938 1733 agitur
962 1635 1004 1709 de
1029 1635 1176 1733 coniugii
1196 1637 1267 1711 dis-

145 1741 337 1833 solutione,
366 1746 605 1822 interveniente
630 1749 817 1838 adulterio,
846 1750 956 1849 deque
982 1749 1139 1823 facultate
1165 1749 1267 1823 aliem

146 1857 295 1933 ducendi
320 1886 456 1935 uxorem
481 1880 559 1964 post
585 1863 757 1938 adulterae
788 1865 1032 1938 dimissionem.
1075 1863 1141 1937 Sed
1167 1865 1268 1938 unice

144 1973 260 2071 egitur
283 1973 327 2049 de
353 1978 573 2052 concessione
599 1978 736 2052 alteram
762 1979 910 2053 ducendi
935 1978 978 2052 ob
1005 1979 1127 2078 prioris
1151 1979 1267 2054 uxoris

144 2087 391 2166 infirmitatem.
416 2089 610 2167 Omittimus
633 2109 807 2193 propterea
826 2094 1043 2193 quaestiones
1065 2094 1267 2168 88121888ιὶ-

143 2228 260 2279 rorum
284 2207 489 2281 eruditorum
514 2225 586 2283 tum
616 2209 705 2282 circs
731 2209 818 2283 hene
842 2199 1021 2308 epistolam
1049 2210 1168 2305 (231),
1198 2225 1267 2283 tum

144 2318 237 2394 circe
251 2345 388 2395 sensum
402 2322 554 2397 eiusdem
573 2324 820 2423 responsionis,
837 2350 917 2396 num
936 2315 1065 2397 seilicet
1081 2350 1165 2398 rom.
1183 2349 1267 2423 pon-

143 2432 227 2505 tifex
253 2435 358 2532 egerit
381 2436 424 2511 de
450 2463 531 2511 casu
558 2438 672 2511 uxoris
706 2453 868 2537 perpetua
897 2438 1039 2511 naturali
1069 2439 1265 2538 impotentia

144 2547 352 2655 laborantis,
380 2565 417 2624 ut
432 2552 547 2655 plures
568 2550 775 2626 contendunt
802 2552 922 2648 (232);
950 2566 1008 2624 aut
1032 2551 1075 2625 de
1100 2552 1266 2652 impoten-

141 2701 217 2753 nutss
239 2703 265 2754 et
285 2705 487 2756 commentarium
508 2705 627 2757 Gonsnlez
650 2704 731 2756 Τ81188
756 2704 893 2755 comment.
914 2706 943 2753 tn
963 2701 1060 2754 888882.
1084 2703 1195 2766 Gregorii
1217 2704 1260 2754 ix.

138 2783 205 2834 ism
216 2786 259 2833 lv.
270 2783 311 2835 tit.
321 2787 386 2836 xix.
399 2789 437 2837 128
447 2786 578 2838 diuortiis.
590 2800 643 2850 esp.
657 2789 677 2836 1.
684 2798 708 2849 ιι.
721 2789 768 2835 288
777 2797 847 2847 seqq.
861 2784 948 2835 Petrus
958 2783 1047 2834 coiiet.
1057 2785 1096 2834 118
1106 2783 1185 2833 metr.
1196 2795 1219 2834 c.
1231 2785 1263 2834 V.

142 2862 184 2913 De
203 2860 358 2914 1821888188.
380 2865 425 2935 iios
439 2879 545 2930 oenones
562 2866 681 2917 adnititur
693 2876 816 2928 exponere
829 2862 940 2926 benigne.

220 2943 286 3007 (228)
303 2945 513 3010 17888888ιά1888
522 2959 552 2996 88
564 2959 629 2996 8888
641 2950 695 2997 728.
708 2958 759 3009 quo
770 2943 829 2994 data
842 2944 902 2993 haec
912 2942 1015 3006 epistota
1030 2943 1083 3001 est,
1104 2954 1259 3006 perperene

141 3021 277 3085 Gratiano,
295 3024 438 3087 itinemaro,
464 3027 555 3087 ivone,
580 3025 744 3087 Bellermiuo,
763 3025 895 3084 88888828,
914 3025 970 3073 Nat.
991 3021 1174 3085 alendisque
1195 3023 1260 3074 lianc

142 3101 276 3167 8818281888
286 3103 404 3166 Gregorio
415 3106 458 3154 ili.
470 3106 576 3155 Iuniori
587 3106 728 3169 nuncupato
743 3103 892 3165 adscriptum
901 3101 984 3151 luisse.
997 3103 1061 3152 nen
1072 3100 1204 3164 Gregorius
1213 3102 1259 3152 111.

140 3181 242 3232 8888181
254 3195 295 3231 sn.
308 3187 362 3237 781.
379 3185 478 3236 erectus
494 3184 542 3235 tuit
557 3184 589 3234 ad
605 3182 784 3246 pontificatum.

206 3263 272 3323 (2821)
288 3262 359 3326 Apud
377 3262 499 3313 11888818.
510 3264 571 3314 tom.
585 3264 629 3314 111
642 3262 690 3313 881.
706 3269 775 3313 1858.
789 3259 890 3324 etspud
903 3259 982 3311 118881
996 3261 1074 3310 Nova
1091 3261 1117 3310 82
1137 3235 1260 3324 ampliss.

140 3338 247 3391 8811881.
258 3343 320 3391 tom.
333 3343 387 3392 xil.
400 3355 455 3406 pag.
467 3347 522 3393 218.
539 3344 600 3393 item
610 3341 676 3406 apud
688 3339 851 3391 Gratianum·
844 3352 869 3389 ι8
881 3341 988 3390 17888818
1000 3350 1073 3389 cause
1087 3342 1187 3389 xxxii
1199 3352 1226 3403 (ι
1237 3343 1261 3390 7.

139 3430 198 3483 esp
214 3426 251 3470 18.
263 3421 490 3484 etinoperibuss.
508 3421 629 3472 Bouiiecii
649 3421 765 3472 omnibus
781 3419 840 3470 edit.
863 3419 939 3470 Gites
959 3417 1261 3470 ιο8ι1181ι814.288ι..1

139 3512 167 3563 ιι.
181 3502 222 3551 si.
233 3501 309 3563 etque
320 3499 468 3553 describitur
485 3503 626 3566 aPhilippo
637 3500 726 3552 28118
718 3513 745 3550 ur
762 3502 879 3564 Reptstrc
890 3498 977 3564 pontii.
991 3501 1096 3552 118888.
1109 3499 1141 3550 sd
1152 3511 1193 3550 sn.
1205 3503 1261 3551 728.

139 3577 189 3630 888
210 3578 302 3631 (11822.
317 3583 381 3631 iter.
393 3583 521 3644 umquam
534 3582 683 3634 suthenties

219 3661 288 3724 (221)
303 3660 447 3712 Binterim
440 3675 467 3712 ι8
488 3661 590 3713 81828818
603 3662 765 3713 conciliorum
779 3661 979 3713 Germanicorum
993 3661 1059 3712 edita
1068 3661 1179 3723 tdogunt.
1191 3665 1260 3711 1882.

138 3739 192 3790 881.
214 3741 259 3791 111.
282 3754 309 3805 p·
332 3746 384 3793 tsi.
408 3743 482 3793 reiert
500 3757 527 3794 se
549 3744 661 3807 pluribus
681 3743 827 3806 decausis,
849 3742 956 3792 menime
972 3741 1040 3806 quod
1058 3743 1105 3792 lise
1125 3739 1259 3791 decretales

138 3819 241 3871 11228888
259 3820 286 3870 18
306 3822 412 3874 0288818
431 3823 575 3874 collectione
596 3823 809 3886 desiderarentur,
823 3822 849 3872 in
868 3835 941 3885 opere
962 3821 1030 3886 quod
1051 3820 1083 3871 (18
1104 3819 1261 3872 matrimonio

137 3899 244 3964 eiusque
262 3901 387 3952 solutione
407 3903 552 3967 seripssrst,
564 3902 706 3954 earumdem
725 3901 935 3954 suthenticitatern
955 3900 980 3950 in
1000 3900 1104 3951 dubium
1124 3912 1261 3963 revocasseg

136 3991 206 4031 8888
224 3994 284 4032 roro
301 3982 443 4033 huiusmodi
462 3982 566 4033 dubium
585 3983 742 4047 deposuisse,
758 3997 787 4034 co
806 3982 874 4046 quod
890 3982 1020 4032 2881188188
1039 3994 1101 4045 papa
1112 3981 1138 4030 in
1154 3980 1260 4032 88881118

138 4074 244 4112 8888888
267 4075 308 4114 sn.
334 4067 390 4115 718.
412 4066 438 4114 82
456 4065 593 4128 1118818888
615 4064 722 4128 8888188.
744 4065 881 4126 Mogontia.
904 4063 931 4112 18
954 4062 1062 4113 88881118
1086 4060 1259 4113 wormatiensi

138 4153 180 4195 sn.
193 4150 257 4207 sot,
270 4157 317 4195 nec
334 4158 385 4196 non
406 4146 555 4198 ilincmerns
572 4146 640 4208 111188
660 4145 809 4197 mentionem
831 4144 940 4196 iecerint.

216 4223 284 4286 (itt)
300 4225 343 4277 uo
364 4227 420 4278 882.
438 4227 603 4292 augustiam,
623 4226 743 4279 Gamales
760 4225 859 4288 Tetios,
876 4224 1054 4287 11811888ιί88,
1079 4223 1179 4288 anon,
1203 4221 1257 4276 etit·

138 4315 188 4369 qus
203 4304 308 4370 8888188.
