2842 5056
220 343 292 419 322
372 367 435 421 nn.
451 365 501 419 in.
517 365 604 420 aser.
621 365 753 418 marm.
769 363 810 419 na
824 366 937 420 noras.
953 366 1051 421 nra.
1065 366 1196 423 misr.

285 487 439 561 Attamen
463 511 532 559 non
556 484 691 571 desunt,
712 485 772 586 qni
796 483 963 559 Asterium
987 485 1120 561 desole
1144 485 1343 589 quoad'to-

215 626 290 675 rum
307 615 340 673 et
356 598 596 672 habitationem
614 597 837 673 dissolutione
863 615 1043 700 exponant.
1071 599 1171 687 Quod
1198 599 1346 702 quidem

215 715 358 791 suadere
387 739 489 814 posse
511 711 647 786 videtur
680 715 715 786 1.
744 739 785 787 ex
809 738 850 788 eo
886 713 977 814 quod
1002 740 1178 816 nunquam
1206 715 1247 788 in
1272 729 1348 790 toto

216 829 283 903 boc
308 853 463 902 sermone
495 827 641 901 affirmet
665 826 796 902 licitum
826 854 903 902 esse
928 843 1005 930 post
1020 828 1171 927 coniugii
1187 828 1344 904 dissolu·

218 943 344 1017 donem
369 941 471 1015 aliam
496 941 621 1015 ducere
643 967 798 1029 uxorem;
820 942 855 1014 2.
884 968 927 1015 ox
950 967 991 1016 eo
1016 942 1107 1044 quod
1131 958 1259 1040 arguat
1280 967 1347 1019 eos

215 1057 277 1158 qui
310 1055 459 1129 romanis
483 1054 615 1154 legibus
640 1056 760 1131 conlisi
787 1055 938 1130 libellum
963 1057 1095 1158 repudii
1115 1057 1344 1146 scabebam,

216 1171 343 1273 quibus
367 1171 459 1269 leges
483 1171 618 1246 divinas
634 1171 774 1272 opponit
798 1171 935 1246 dicens:
957 1201 977 1242 a
996 1173 1031 1245 Si
1049 1188 1161 1247 autem
1182 1174 1347 1249 romanis

216 1286 447 1361 auscultantes
460 1284 594 1383 legibus
608 1286 809 1386 permissam
833 1312 910 1361 esso
934 1287 1170 1362 scortationem
1197 1288 1343 1384 (viris),

216 1428 258 1477 ac
282 1401 424 1476 crimine
451 1426 573 1476 vacare
596 1402 813 1487 existimant,
838 1426 975 1501 gravem
1004 1428 1088 1476 sane
1110 1426 1264 1476 errorem
1288 1429 1346 1478 ec·

217 1533 318 1605 rant,
358 1517 581 1617 ignorantque
616 1514 709 1614 leges
744 1516 880 1591 divinas
918 1516 964 1591 ab
994 1517 1155 1592 bumania
1192 1517 1346 1593 nimium

220 1645 385 1731 quantum
417 1630 546 1703 distare
573 1629 737 1704 doctrinis
759 1656 800 1705 ao
828 1631 962 1732 placitis
989 1633 1023 1704 3.
1055 1629 1148 1732 qnod
1172 1629 1221 1704 de
1244 1631 1346 1706 eiua-

220 1743 312 1818 modi
343 1744 506 1819 eiectione
535 1769 557 1817 a
584 1743 685 1818 domo
712 1744 871 1819 disserat:
889 1774 909 1815 ι
923 1743 1082 1820 Laudabo
1098 1770 1195 1832 aum,
1212 1745 1347 1848 inquit,

218 1859 276 1959 qui
304 1858 427 1957 ingerit
453 1857 722 1948 insidiatricem
743 1860 803 1962 qui
827 1859 1000 1961 abruperit
1022 1859 1219 1947 vinculum,
1248 1859 1347 1961 qnod

217 1998 295 2047 eum
320 1973 450 2073 aspidi,
478 1972 570 2072 quod
593 1974 730 2073 viperae
757 1974 937 2076 copulavit.
970 1974 1057 2047 Huic
1087 1974 1180 2047 enim
1209 1974 1351 2075 primus

218 2086 373 2184 indulget
397 2089 470 2188 ipse
495 2089 726 2163 universorum
739 2089 876 2177 ductor,
909 2105 1082 2190 tamquam
1107 2089 1200 2162 iusto
1225 2087 1350 2164 dolore

218 2202 358 2301 parcito,
387 2203 574 2302 meritoque
600 2202 721 2278 domus
751 2219 879 2306 pestem
905 2230 945 2278 ac
973 2204 1111 2277 exitium
1141 2202 1248 2278 domo
1273 2204 1353 2277 exi-

219 2317 311 2415 genti
333 2319 472 2413 (152).»
491 2321 523 2390 i.
551 2319 693 2394 Domum
718 2347 759 2395 ex
777 2321 851 2395 aius
877 2319 1109 2394 exhortatione
1130 2318 1179 2394 ad
1200 2320 1352 2395 castita·

219 2447 304 2518 tam,
324 2458 393 2533 qua
406 2458 504 2506 suum
517 2460 705 2508 sermonem
718 2435 861 2522 claudit,
876 2451 911 2510 ot
926 2462 967 2510 ex
991 2462 1031 2509 eo
1043 2433 1136 2536 quod
1157 2459 1266 2534 panea
1288 2434 1348 2509 vi·

220 2572 277 2620 ros
302 2547 457 2622 foeminis
484 2549 580 2636 lacit,
610 2550 735 2650 quibua
760 2565 849 2623 certe
873 2576 894 2623 a
919 2549 1049 2647 legibus
1076 2547 1251 2624 indultum
1278 2574 1350 2625 non

219 2678 291 2738 arat
315 2679 448 2765 propter
475 2663 675 2740 adulterium
700 2665 882 2739 divortium
904 2667 1016 2760 (153).

689 2888 725 2985 q.
754 2887 869 2958 xviii.

602 3082 638 3130 Da
653 3092 674 3128 s.
692 3078 787 3129 Hilario
804 3078 955 3142 pictaviensi.

296 3236 406 3309 liuius
432 3263 461 3310 s.
485 3237 591 3335 patris
619 3262 679 3336 pro
704 3260 808 3309 causa
826 3261 889 3308 sua
907 3234 941 3306 in
959 3232 1107 3306 medium
1131 3234 1276 3332 protulit
1300 3253 1354 3311 ta-

221 3349 417 3424 stimonium
436 3351 604 3426 launoius
623 3368 795 3449 tamquam
822 3349 1080 3450 peremptorium
1102 3352 1218 3445 (titi).
1233 3351 1301 3426 Ast
1317 3354 1351 3426 si

219 3621 291 3670 neta,
302 3622 365 3672 qnae
379 3609 507 3660 constabat
524 3610 598 3661 etiarn
621 3611 723 3674 paganis
744 3613 770 3661 et
787 3608 924 3670 haereticis,
945 3607 1086 3672 praesertim
1103 3605 1204 3656 arnoia.
1225 3607 1353 3658 Animad-

221 3689 283 3739 verti
302 3690 375 3739 etiam
395 3689 468 3739 debet
485 3690 511 3738 in
526 3702 612 3752 sensu,
624 3694 653 3741 ut
668 3687 914 3751 aiunt‚arcommodo
932 3702 977 3751 pro
989 3686 1087 3736 divam
1099 3685 1225 3736 substrata
1237 3690 1351 3739 materia

219 3766 323 3829 inieiiigi
341 3781 412 3830 posse
430 3768 525 3818 obieeta
544 3769 631 3819 rerba:
656 3770 780 3832 Exceptis
804 3769 886 3816 morte
901 3769 927 3817 et
946 3765 1095 3824 adulterim
1116 3764 1178 3814 ariao
1200 3766 1230 3815 ut
1263 3767 1356 3830 priora

220 3847 355 3898 columina
366 3848 397 3897 ad
410 3849 596 3899 dissoiutionem
609 3849 750 3913 perlectam,
760 3846 896 3912 ponteriora
907 3847 939 3897 ad
961 3844 1147 3896 dissolutionem
1165 3844 1347 3909 imperfectam

219 3939 264 3978 seu
277 3927 360 3989 quoad
381 3929 558 3991 separationem
571 3943 586 3978 a
599 3931 653 3979 toro
668 3932 692 3978 et
706 3926 895 3978 cohabitatione.
914 3927 953 3978 ci.
970 3924 1104 3976 Martoraiii
1121 3938 1162 3988 op.
1182 3925 1227 3976 cit.
1239 3940 1268 3991 p.
1282 3934 1344 3981 aaa.

288 4007 353 4068 (tna)
366 4006 428 4056 ibid.
444 4020 499 4070 pag.
513 4014 570 4058 820.

289 4088 354 4149 (int)
370 4088 409 4137 ci.
420 4089 514 4137 amori.
525 4090 571 4152 op.
583 4089 625 4140 cit.
647 4101 702 4151 pag.
717 4090 755 4138 87.

293 4165 359 4228 (tet)
373 4167 464 4218 Scribit
472 4168 538 4218 anim
549 4182 590 4232 op.
599 4170 641 4220 cit.
653 4181 708 4231 pag.
717 4173 772 4217 itta.
782 4186 794 4209 κ
802 4165 919 4216 Paiones
933 4167 984 4216 tota
995 4163 1057 4228 quid
1067 4163 1176 4214 iiiiarius
1186 4167 1299 4231 sentiat,
1314 4170 1353 4236 ia·

221 4240 269 4294 cite
285 4246 399 4298 ostendit.
411 4248 561 4314 Scnpbrram
576 4248 692 4312 inteiiigit
707 4245 833 4309 quomodo
845 4245 887 4296 iiia
899 4245 1080 4308 intaiiigendam
1095 4256 1122 4294 aa
1138 4243 1256 4309 nnana,
1270 4248 1354 4301 iioaaa

219 4321 334 4373 rideiioet
347 4327 449 4391 marito,
464 4329 566 4380 dimissa
576 4330 676 4392 propter
689 4324 839 4377 aduiteiiuni
854 4337 945 4386 uxore,
964 4323 1038 4374 aliam
1049 4321 1165 4371 discere.»
