2796 5064
140 383 229 464 eto
280 414 341 466 ιιι.
359 414 407 465 m.
425 412 511 464 seer.
530 411 660 463 serem.
678 413 718 462 ιι
736 410 848 465 rentes.
870 411 966 463 earn.
983 409 1113 462 eumer.

192 535 351 608 interim
376 560 416 607 ex
442 533 505 606 boc
531 532 732 606 documento
758 532 932 617 novimus,
956 555 1023 603 non
1050 527 1098 603 de'
1114 527 1257 602 doctrina

139 640 201 723 sed
225 649 270 721 de
284 647 390 748 'praxi
417 676 500 723 rom.
533 640 725 747 pontificem
752 674 829 721 eum
855 646 985 744 graecis
1010 672 1093 719 esse
1118 671 1258 745 conque-

140 779 248 850 stum;
279 764 362 837 istos
393 765 532 865 insuper
554 764 598 837 ad
625 789 663 837 se
687 763 831 836 tuendos
856 786 968 861 neque
990 761 1033 834 ad
1051 761 1261 861 Scripturam

141 905 251 979 neque
272 879 314 951 ad
333 897 445 979 patres
463 875 676 978 confugisse,
698 878 758 952 sed
776 878 819 951 ad
838 876 1121 950 consuetudinem
1141 876 1263 948 iamdiu

139 993 230 1092 apud
257 994 333 1068 iilos
362 993 532 1081 inolitam,
567 995 719 1093 adeoque
748 994 848 1066 tacite
878 991 995 1064 saltem
1030 992 1263 1088 significarent

137 1135 180 1181 ex
203 1108 392 1208 corruptela
411 1111 522 1209 potius
540 1126 572 1183 et
597 1111 708 1183 abusu
724 1109 891 1183 eiusmodi
911 1106 1198 1181 consuetudinem
1216 1133 1264 1207 pe·

140 1221 300 1295 detentim
314 1224 510 1297 invaluisse.
528 1225 701 1298 Discimus
715 1238 888 1325 praeterea
911 1247 977 1295 non
1000 1221 1045 1294 eb
1072 1220 1185 1305 seiam
1208 1221 1263 1294 sen

139 1337 319 1412 nicationis
332 1365 393 1411 see
408 1339 564 1412 adulterii
578 1365 736 1426 cansam,
756 1338 987 1413 verumetiam
1005 1337 1050 1409 ob
1065 1335 1156 1409 alies
1169 1337 1260 1409 etiam

138 1450 280 1526 leuiores
295 1478 418 1527 causas
427 1455 643 1527 consuevisse
656 1479 794 1550 graecos
807 1450 964 1548 coniugia
976 1450 1260 1525 dissolvereben

137 1571 322 1667 generatim
337 1598 490 1644 summus
504 1571 651 1671 pontifex
664 1570 838 1668 Eugenius
855 1570 961 1656 dixit,
987 1566 1102 1640 omnes
1117 1570 1260 1668 conqueri

140 1684 179 1758 da
194 1688 397 1784 separatione
416 1689 650 1786 coniuqiorum.
669 1688 711 1760 Et
724 1712 807 1760 sane
823 1701 938 1759 notem
953 1699 1006 1758 est
1023 1685 1160 1782 passim
1178 1682 1257 1783 apud

139 1824 277 1898 graecos
304 1800 539 1876 schismaticos
562 1801 605 1875 eb
631 1801 722 1875 leves
742 1827 865 1875 causas
889 1799 1110 1872 matrimonia
1135 1798 1254 1882 dirimi,

138 1931 239 2014 prout
263 1930 447 2003 testantur,
470 1914 529 2015 qui
555 1916 598 1989 de
624 1915 792 2015 praesenti
817 1913 981 1988 eeclesiae
1006 1938 1156 2010 graecae
1179 1931 1256 1987 state

139 2029 375 2105 disseruerunt
394 2032 483 2126 (10).
505 2031 718 2130 Quapropter
734 2031 852 2104 eadem
870 2028 999 2103 ratione
1021 2055 1093 2130 qua
1111 2030 1171 2103 aiii
1189 2029 1254 2104 abu·

141 2168 202 2218 ses
226 2143 430 2244 irrepserunt
447 2170 550 2244 penes
568 2170 706 2243 graecos
724 2142 930 2218 dissolvendi
954 2144 1121 2242 coniugia
1138 2144 1253 2220 leuibus

140 2257 339 2346 decausis,
360 2259 406 2331 itn
430 2272 464 2331 et
487 2258 545 2332 hie
569 2259 705 2358 irrepsit
721 2257 849 2333 abusus
867 2257 987 2332 eadem
1007 2258 1167 2334 solvendi
1188 2284 1253 2359 pro

140 2390 215 2477 pter
231 2375 446 2448 adulterium.
465 2375 572 2449 immo
589 2400 669 2449 vero
685 2380 763 2448 cum
788 2375 845 2447 hic
868 2374 1032 2449 vetustior
1048 2375 1115 2463 sit,
1137 2376 1252 2476 primus

139 2491 242 2566 veluti
267 2491 393 2590 grades
419 2490 526 2565 extitit
551 2517 591 2565 ex
617 2517 684 2591 quo
715 2489 812 2564 facile
843 2466 911 2562 iilis
938 2488 1003 2563 init
1027 2490 1064 2563 in
1096 2492 1183 2566 aiios
1206 2491 1252 2564 dc-

141 2608 314 2683 scandere.

142 2769 223 2832 patres
239 2769 264 2819 et
277 2769 409 2834 scriptores
420 2771 445 2821 in
456 2785 501 2823 suo
513 2775 605 2836 gremio
616 2785 690 2837 quam
702 2773 764 2824 haee
782 2771 964 2833 numeraverit,
979 2783 1009 2821 ao
1021 2769 1128 2834 prolude
1141 2769 1253 2821 ecclesian

139 2862 252 2914 graecam
270 2851 357 2903 melius
368 2866 444 2916 quam
456 2853 556 2904 laenam
567 2855 699 2905 sententias
708 2855 890 2917 scripturarum
907 2853 1067 2904 intellexisse.
1087 2852 1204 2902 Aeneia
1216 2861 1253 2914 prr

141 2929 254 2995 inculco.
267 2934 293 2981 et
313 2935 371 2983 iure
385 2947 446 2984 can.
459 2936 546 2985 Uimae
569 2941 637 2985 1311.
656 2937 715 2985 tom.
732 2938 774 2984 lli.
791 2949 815 2999 p.
832 2942 885 2986 tos.
898 2936 1034 2984 assumunt
1054 2933 1082 2982 bi
1105 2934 1254 2997 protestante

140 3011 276 3062 annalistae
296 3016 332 3063 uti
354 3016 447 3064 certum
470 3027 569 3076 graecos
594 3017 674 3077 patres
695 3016 720 3063 et
739 3015 869 3078 scriptores
893 3025 1061 3076 propugnasse
1082 3011 1254 3063 dissolutionem

140 3092 293 3142 matrimonii
313 3096 489 3146 interveniente
508 3097 646 3158 adulterim
659 3097 726 3158 qrrod
744 3110 797 3146 esse
815 3096 916 3145 omnino
934 3095 1024 3143 inicum
1039 3108 1090 3144 suo
1110 3095 1167 3144 icen
1186 3097 1252 3143 oste·

141 3171 230 3222 dimus.
247 3175 273 3224 si
294 3179 455 3235 protestantes
474 3176 566 3240 graecis
577 3176 766 3226 delerenlclrea
776 3177 923 3226 solutionem
939 3174 1067 3236 coniugii,
1088 3188 1167 3238 quare
1180 3173 1254 3223 indeo

141 3265 190 3301 non
201 3252 315 3304 delerent
326 3270 382 3306 eum
400 3257 481 3319 egilrrr
492 3256 523 3305 de
533 3256 688 3319 dogmatibus
706 3257 731 3305 in
743 3256 833 3319 quibus
853 3256 899 3319 ipsi
918 3268 974 3305 eum
994 3255 1080 3305 latinis
1091 3253 1256 3305 consentienti

218 3333 268 3395 (111)
285 3336 347 3384 Hine
356 3337 463 3386 'litemus
474 3336 554 3387 Smitb
566 3352 607 3399 op.
620 3339 662 3387 cit.
686 3338 724 3387 De
734 3349 845 3400 precene
855 3335 978 3386 ecciesiae
988 3333 1203 3386 hodiernoeiottt
1212 3335 1257 3398 peti

140 3412 216 3462 rerba
237 3414 309 3476 paule
327 3419 383 3465 ante
404 3415 527 3479 descripte
553 3417 651 3467 subdit:
677 3417 784 3468 «Nescio
803 3419 886 3466 utrem
906 3416 986 3479 magis
1012 3415 1090 3466 ntirer
1111 3429 1144 3465 en
1170 3415 1255 3465 delean

141 3493 180 3542 iot
192 3493 301 3555 repudils
319 3493 471 3545 lenimentis
487 3495 587 3559 quidem
604 3496 636 3546 de
656 3500 742 3546 causis
770 3489 843 3552 ἐκτός
863 3491 908 3551 τῆς
932 3490 1052 3560 πορνείας
1077 3497 1161 3546 exire
1174 3505 1254 3546 cosan

141 3569 271 3622 adulterii
299 3572 422 3624 indultum
438 3589 505 3637 esse,
526 3576 597 3639 qnasi
617 3576 819 3627 vincniemistud
839 3575 907 3640 qued
926 3576 986 3626 alias
1006 3576 1119 3628 letentur
1138 3570 1254 3643 ἅρῤιιτῦν

141 3667 186 3718 pre
205 3667 268 3717 rege
285 3654 424 3718 cuiuspiam
444 3657 546 3708 libidine
566 3662 591 3709 et
609 3659 711 3709 arbitrio
729 3659 791 3708 eden
810 3660 882 3710 lacile
897 3657 961 3709 solvi
975 3660 1108 3722 potuisset
1127 3655 1257 3710 iteienalr

140 3734 330 3783 reverendorum
350 3735 488 3785 antistitem
509 3736 623 3800 pietatem
643 3739 742 3788 tandem
762 3738 896 3802 aliquando
908 3752 1077 3805 ,occursuram
1096 3751 1184 3802 spero,
1204 3745 1258 3799 quei

138 3813 235 3863 tantum
248 3813 333 3876 abest,
348 3817 376 3865 et
396 3815 503 3865 levitatis
522 3821 566 3868 aut
584 3819 701 3868 avaritiae
717 3819 843 3882 incusem,
865 3812 979 3882 ut'gentl
1004 3820 1030 3867 in
1051 3819 1203 3879 vindictam,
1223 3817 1257 3865 eei

141 3892 242 3956 odium,
259 3899 302 3945 aut
314 3895 339 3945 ln
351 3910 428 3946 noros
437 3910 548 3961 arueras,
562 3898 605 3948 nbi
621 3899 748 3949 festidium
765 3900 901 3962 irrepserit,
915 3899 1084 3950 effusissimae
1095 3903 1206 3963 etonem
1217 3907 1257 3946 ne

141 3974 207 4026 nime
217 3975 318 4026 eliranni
329 3990 377 4026 non
388 3977 459 4027 aliter
468 3978 579 4028 satisfieri
588 3993 657 4041 posse
666 3980 773 4042 credam,
784 3980 830 4029 nisi
843 3980 889 4029 bac
900 3981 986 4042 inique
996 3980 1166 4043 indulgentia·
1178 3992 1202 4044 p.
1211 3983 1253 4027 itt⁴

220 4057 249 4104 st
261 4058 290 4103 D.
304 4059 340 4105 De
350 4056 373 4105 le
383 4056 457 4105 crois
479 4057 503 4106 in
518 4071 558 4122 op.
573 4049 637 4108 diet
646 4060 752 4122 present
765 4059 809 4108 des
822 4062 927 4108 nollens
939 4061 964 4108 ei
976 4056 1022 4108 des
1037 4048 1140 4122 liciises
1152 4061 1255 4118 Grecos,

142 4135 313 4186 Armeniosne
323 4138 349 4186 et
363 4139 495 4187 Merontie
505 4150 537 4187 en
551 4139 672 4203 Torquie.
690 4139 758 4189 luris
773 4147 839 4189 11193.
854 4138 944 4201 pariter
958 4138 1046 4189 scribit
1058 4153 1115 4203 pag.
1130 4143 1170 4189 711.
1185 4134 1254 4186 «itai-

141 4215 186 4276 gre
198 4217 280 4265 tontes
290 4229 331 4266 ces
342 4218 500 4281 regulariles,
511 4218 534 4268 ie
546 4219 653 4283 maringe
669 4220 712 4284 qui
726 4233 753 4271 se
764 4221 889 4270 contracte
902 4231 961 4269 aree
975 4220 1031 4269 tant
1042 4219 1076 4270 de
1088 4218 1220 4278 difficultt.
1233 4224 1254 4262 tt

141 4292 367 4424 (implacidum
376 4310 426 4349 1111
444 4297 481 4348 ies
492 4297 738 4362 meindrmceures,
756 4301 782 4352 ei
798 4313 862 4364 pour
874 4299 906 4352 ee
925 4299 1037 4365 l'argent
1055 4313 1089 4352 ea
1105 4294 1253 4366 pomula

220 4386 235 4422 u
255 4386 320 4424 en.»
