2796 5064
146 373 192 445 88
328 393 392 446 sn.
409 392 458 445 ιιι.
474 391 562 445 ιιιι.
578 390 602 444 ι.
618 391 660 444 or
671 391 768 444 ιιιιι.
784 389 908 444 eninr.
925 392 1071 446 onnam.

144 514 345 588 innoteseat.
362 511 511 589 Omissis
524 525 636 585 autem
652 510 825 586 Clemente
844 510 954 601 alem,
972 510 1140 612 Origene,
1160 512 1263 591 Theo-

143 628 239 731 philo
262 627 483 717 autiocheno,
507 627 651 715 Basilio,
677 626 835 726 Gregorio
863 627 1090 718 nazianzeno,
1119 627 1265 731 aliisque

142 770 287 844 quorum
299 743 403 820 verba
418 743 487 818 iam
502 741 723 844 protulimus,
740 742 864 817 Auetm
882 743 1114 817 commentarii
1136 744 1173 817 iu
1194 746 1263 846 epi-

143 858 248 935 stolas
261 887 291 936 s.
305 859 400 934 Pauli
413 859 479 935 sub
490 886 521 934 s.
533 858 701 934 Ambrosii
713 857 861 947 nomine,
874 856 1090 958 italoquitur:
1106 888 1127 930 a
1138 860 1266 947 Quam·

143 1002 246 1077 quam
265 1003 286 1050 a
309 977 380 1051 Deo
405 975 535 1076 primae
551 975 689 1076 nuptiae
706 974 792 1062 siut,
813 973 972 1047 seeundoe
994 1000 1070 1047 oero
1082 978 1264 1074 perennem

142 1106 231 1167 sont.
247 1092 403 1192 Denique
419 1092 550 1192 primae
575 1091 714 1192 nuptiae
739 1089 805 1165 sub
827 1088 1064 1166 benedictione
1087 1091 1152 1164 liei
1178 1092 1265 1167 eele-

143 1205 284 1281 brautur
313 1207 526 1283 sublimiter:
555 1207 726 1282 secundae
752 1220 865 1280 autem
894 1205 997 1280 etiam
1031 1205 1263 1307 inpraesenti

83 1382 85 1386 .
144 1339 260 1397 earent
276 1321 405 1422 gloria;
421 1349 587 1398 concessae
607 1338 685 1396 annt
708 1337 817 1396 entem
828 1324 1263 1422 propterinoontinentiom:

144 1453 177 1513 et
201 1439 283 1540 quia
309 1437 419 1514 solent
451 1439 632 1514 viduarum
658 1439 808 1513 iuniores
841 1438 1034 1526 incurrere3
1058 1465 1098 1513 ae
1120 1465 1185 1538 per
1203 1440 1265 1516 hoe

142 1555 298 1630 coneedit
322 1554 490 1629 secundas
510 1557 626 1652 (42).»
642 1555 698 1630 Sio
721 1555 821 1629 etiam
847 1553 974 1629 ductor
994 1555 1108 1655 operis
1142 1555 1265 1658 imper·

142 1669 219 1745 lecti
247 1671 282 1744 in
307 1669 513 1746 Matthaeum
538 1669 709 1770 loquitur:
737 1669 925 1771 «Apostoli
942 1687 1189 1772 praeceperunt
1213 1699 1265 1748 se-

144 1786 275 1862 eundas
289 1785 384 1861 adire
398 1786 548 1886 nuptias,
560 1801 698 1885 propter
708 1788 977 1860 incontinentiam
989 1786 1168 1862 hominnm.
1180 1788 1262 1863 Nem

142 1904 327 1978 seeundum
353 1902 493 2003 quidem
524 1902 694 2003 aeeipare,
720 1902 907 1977 seeundum
932 1919 1151 2004 praeceptum
1175 1902 1263 2006 Apo

143 2018 220 2093 stoli
246 2035 316 2092 est:
338 2018 525 2092 seeundum
549 2033 662 2092 autem
686 2017 837 2094 veritatis
862 2017 1048 2106 rationem,
1063 2043 1144 2094 vere
1162 2019 1264 2094 lomi-

142 2134 312 2223 eatioest;
329 2133 390 2208 sed
407 2133 490 2208 dum
508 2135 721 2234 permittente
737 2134 809 2209 Deo
825 2132 959 2234 publioe
972 2149 1008 2208 et
1023 2133 1166 2210 lieenter
1178 2161 1266 2211 eom-

143 2248 308 2336 mittitur,
330 2247 368 2322 lit
393 2247 536 2322 honesta
561 2249 738 2323 fornicatio
757 2250 862 2345 (lile
882 2264 924 2323 nt
936 2247 1023 2323 alios
1041 2265 1263 2349 praetorem.

215 2361 288 2435 Hae
312 2363 389 2462 ipsa
413 2362 458 2438 de
485 2388 591 2437 causa
614 2364 739 2437 laetum
764 2377 835 2451 est,
863 2378 902 2436 ut
925 2363 1096 2440 secundae
1125 2365 1264 2465 nuptiae

142 2477 180 2550 iu
215 2476 359 2551 ecelesia
388 2505 508 2578 pamm
533 2477 739 2554 honorificae
764 2478 979 2553 haberentur.
1006 2479 1185 2579 Siquidem
1210 2506 1262 2556 eo·

143 2591 248 2668 alesia
266 2593 421 2691 digamos
443 2621 463 2668 a
481 2595 588 2669 sacris
607 2595 785 2684 ordinibus
803 2611 964 2695 tauquam
981 2594 1186 2692 irregulares
1203 2595 1262 2669 ad·

141 2707 211 2782 bue
235 2726 344 2783 arcet:
374 2710 560 2810 antiquitus
580 2727 693 2783 autem
721 2710 822 2785 etiam
850 2710 1078 2810 poenitentiae
1102 2709 1257 2785 subiecit.

142 2822 249 2900 Cuius
274 2825 321 2898 rei
347 2843 565 2899 monumenta
589 2825 730 2898 indubia
755 2839 867 2899 extant
889 2824 924 2896 iu
944 2824 1117 2900 veteribus
1136 2824 1261 2901 musti·

141 2940 341 3015 tutiouibus.
361 2941 410 3014 De
428 2941 474 3015 iis
498 2941 557 3041 qui
583 2941 627 3015 ob
652 2941 835 3038 bigamiam
860 2965 881 3013 a
908 2940 1016 3013 saeris
1034 2956 1194 3016 areentur
1210 2966 1262 3016 or-

141 3054 279 3130 dinibus
297 3072 550 3131 monumeutum
576 3070 666 3130 extat
682 3056 717 3127 in
736 3055 822 3155 ipsis
840 3054 1028 3128 canonibus
1047 3055 1256 3155 apostolicis:

145 3171 213 3242 «Si
244 3173 324 3272 quis
349 3188 426 3271 post
451 3171 658 3272 baptismum
682 3171 843 3246 secundis
867 3170 996 3270 nuptiis
1023 3169 1255 3270 copulatus...

143 3310 210 3360 nou
235 3300 347 3386 potest
371 3311 448 3361 esse
468 3286 668 3386 episeopus,
689 3312 758 3361 uon
775 3285 969 3388 presbyter,
989 3301 1048 3361 aut
1070 3284 1257 3374 diaeonus,

215 3589 267 3653 (tn)
282 3590 380 3640 comm.
396 3590 423 3641 lu
440 3595 462 3641 ι.
474 3592 534 3642 cor.
546 3592 601 3641 vil.
616 3594 657 3642 to.
670 3593 699 3641 iu
712 3588 816 3655 append.
832 3587 864 3640 ad
874 3602 932 3655 opp.
946 3602 968 3639 s.
980 3587 1104 3640 Ambrosii
1119 3587 1161 3641 ed.
1182 3591 1259 3641 usur.

141 3669 203 3720 tam.
214 3671 248 3720 ΙΙ.
260 3670 309 3720 eol.
324 3677 377 3721 itt.

215 3749 266 3812 (ta)
280 3749 373 3800 Homb.
394 3750 494 3801 xxxii.
508 3749 535 3801 iu
553 3751 641 3802 natu.
660 3750 687 3801 iu
698 3750 803 3816 append.
820 3763 877 3816 opp.
896 3762 919 3801 s.
934 3752 971 3800 lo.
983 3749 1112 3814 consent
1124 3749 1169 3802 ad.
1181 3753 1260 3802 Maur.

141 3829 203 3880 tom.
213 3830 257 3879 Vl.
273 3841 330 3892 pag.
341 3831 472 3880 cmlv.
485 3830 531 3880 etsi
554 3830 595 3881 bie
610 3832 696 3881 aanor
711 3830 833 3882 emundas
853 3829 952 3894 nuptias
970 3828 1084 3880 absolute
1098 3842 1149 3880 uon
1170 3831 1261 3894 impro-

142 3907 277 3972 betuemo
297 3911 380 3960 tumen
397 3911 524 3974 negaverit
544 3911 626 3974 ipsum
641 3913 735 3962 temere
749 3910 781 3962 de
788 3911 825 3962 eie
844 3911 921 3961 iubae
936 3911 1048 3961 locutum
1059 3909 1121 3960 dum
1139 3909 1263 3962 exundas

141 3987 241 4052 nuptias
256 3987 388 4052 permissas
404 3989 435 4039 ab
455 3989 574 4053 spoenn
589 3992 715 4053 eomparst
733 4003 791 4041 cum
807 3989 967 4054 permissione
980 3988 1047 4040 laeta
1066 3991 1166 4041 aMose
1183 3988 1264 4054 unum

142 4065 256 4117 libellum
274 4067 379 4131 repudii.
396 4070 447 4119 Nee
464 4069 570 4133 mirum;
590 4069 631 4119 hie
651 4069 718 4120 euim
745 4070 832 4120 auetor
847 4071 938 4133 utpote
958 4069 1058 4120 ananus
1077 4071 1104 4120 et
1128 4080 1263 4121 suomoeus

139 4145 166 4196 iu
184 4146 268 4212 plures
282 4160 377 4198 errores
393 4148 477 4212 lupam
498 4151 543 4201 ert.
555 4151 623 4200 luter
636 4163 700 4213 quos
718 4150 745 4200 et
757 4150 798 4200 bie
814 4151 954 4202 reeensetur
973 4149 1006 4200 de
1020 4149 1137 4201 weuudts
1156 4149 1259 4214 appuis

138 4225 179 4278 ci.
194 4226 347 4278 motrtbom
363 4227 401 4279 od
421 4240 487 4294 opor
507 4229 693 4294 imperfectum
708 4232 737 4280 tn
752 4229 920 4281 matthaeum
937 4227 1009 4295 qnod
1030 4227 1261 4293 ommonem

141 4307 213 4357 estne
226 4306 419 4372 amnentur
433 4323 450 4360 a
465 4310 572 4362 linurin.
584 4309 690 4375 editore,
710 4310 899 4375 Memauoouio,
909 4311 1044 4376 mnes
1057 4309 1106 4362 loe.
1116 4309 1159 4362 eit
1170 4320 1226 4376 pag
1239 4308 1261 4360 i.
