2796 5064
10 488 35 532 5·

10 632 27 760 i

184 375 253 425 ear.
269 374 307 425 ιι.
323 372 366 423 nr
382 371 496 424 annam.
512 371 609 423 narn.
626 372 658 422 ru
676 370 767 422 caus.
783 369 896 423 ancer.
908 370 979 424 aar.
993 373 1028 424 u.
1100 351 1169 422 183

500 550 506 559 ,
553 525 590 626 q.
620 526 679 597 ιιι.

137 696 264 747 itsmtitur
272 708 360 746 eornm
371 695 506 753 sententia,
521 695 564 759 qui
578 695 724 745 aiterutmm
734 695 850 745 Matthaei
862 698 956 746 matum
966 695 1106 760 intelligunt

150 776 181 828 de
192 774 357 826 matrimoniis
369 774 528 837 iudaeorum,
541 774 581 825 rei
592 775 728 839 primorum
739 775 848 825 ildeiium
858 777 901 839 qni
912 789 942 826 ca
955 774 1077 826 ludaismo

420 854 452 905 ad
463 855 555 906 cbristi
567 853 641 906 iidem
655 855 811 906 transierunt.

130 1005 325 1080 Leonardus
340 1005 417 1104 Hug
433 1023 467 1078 et
483 1006 601 1079 Frane.
618 1005 695 1079 Ant.
712 1008 809 1105 liger
825 1008 861 1079 in
879 1034 919 1083 eo
937 1006 1038 1082 ambo
1054 1033 1177 1084 conve·

71 1123 168 1210 ciunt,
189 1122 282 1222 quod
301 1120 483 1196 essentiale
500 1121 664 1195 habeatur
680 1122 862 1197 discrimen
875 1123 909 1196 in
924 1123 1057 1198 duobus
1075 1151 1176 1198 ovan-

68 1237 172 1335 gelicis
194 1236 363 1338 capitibus
382 1236 484 1310 relate
501 1237 544 1310 ad
562 1237 764 1327 divortium3
786 1240 944 1339 quodque
961 1239 1046 1312 alter
1063 1255 1174 1315 textus

67 1351 275 1441 iudaeorum,
303 1352 388 1426 alter
410 1378 490 1427 voro
515 1351 665 1426 fidelium
692 1352 905 1428 matrimonia
930 1352 1112 1452 respiciat,
1133 1380 1176 1429 ao

65 1467 88 1539 si
100 1484 217 1568 aperte
230 1467 375 1542 invicem
388 1485 649 1567 opponerentur.
667 1468 838 1568 Siquidem
853 1468 920 1569 ipsi
934 1469 1036 1542 alium
1050 1484 1176 1543 textum

63 1584 233 1681 assignant
258 1582 443 1671 fidelihus,
472 1582 578 1657 alium
603 1609 682 1659 vero
708 1584 863 1674 iudaeis,
892 1584 993 1687 quasi
1018 1585 1176 1660 Christus

63 1696 147 1771 aliud
173 1695 388 1772 constituerit
408 1700 471 1799 pro
496 1699 651 1798 coniugio
679 1697 962 1789 fidelium„aliud
983 1716 1092 1775 autem
1114 1726 1176 1801 pro

63 1812 213 1911 coniugio
230 1812 440 1887 iudaeorum.
457 1813 507 1885 Ad
527 1813 589 1887 hos
608 1813 749 1914 proinde
768 1814 966 1889 refellendos
985 1813 1068 1889 satis
1085 1830 1178 1889 esset

63 1944 254 2027 argumenta
271 1929 439 2029 prolerre,
459 1928 585 2030 quihus
603 1930 840 2030 unusquisque
862 1929 1058 2028 singillatim
1078 1955 1174 2003 suam

62 2040 200 2116 adstruit
225 2041 470 2140 expositionem
497 2046 766 2143 contrariamque
791 2059 938 2117 evertere
962 2044 1137 2118 adnititur.

124 2159 282 2231 Attamen
307 2157 431 2231 iuverit
454 2158 644 2257 expendere
669 2158 886 2234 fundamenta
911 2160 1088 2259 utriusque
1116 2159 1170 2233 in·

62 2272 317 2373 terpretationis.
339 2272 382 2346 Ut
406 2289 517 2346 autem
536 2272 579 2346 ah
596 2272 673 2371 Hug
691 2274 925 2374 auspicemur,
948 2275 978 2349 is
997 2274 1073 2349 ideo
1094 2301 1174 2349 een-

61 2389 120 2461 snit
143 2387 263 2462 ldatth.
283 2387 321 2459 V.
344 2389 402 2460 31.
425 2390 484 2460 32.
507 2387 677 2462 Christum
695 2388 828 2464 desolo
851 2391 923 2464 iure
941 2391 1075 2464 iudaieo
1101 2391 1173 2464 dis·

61 2503 219 2591 seruisse,
237 2500 329 2602 quod
344 2500 501 2600 coniugia
515 2503 686 2604 superiore
700 2519 849 2604 tempore
861 2504 944 2578 inita
953 2505 1168 2607 expenderit,

60 2616 279 2718 institeritque
295 2617 400 2692 hlosis
419 2617 604 2707 formulae,
625 2646 727 2719 quam
746 2619 819 2720 ipse
846 2647 905 2720 per
930 2607 1056 2718 λόγον
1087 2643 1173 2721 nop-

61 2720 156 2814 νείας
182 2760 319 2806 consum
335 2734 561 2833 fornicationis
579 2735 742 2835 explicat,
765 2737 902 2836 perinde
920 2763 959 2810 ao
977 2737 1006 2809 si
1024 2737 1166 2810 dixerit:

58 2846 197 2922 divortia
221 2848 311 2921 inter
335 2874 396 2922 vos
422 2847 488 2921 iam
516 2848 607 2924 nullo
632 2850 700 2922 alio
725 2850 797 2923 iure
822 2867 1005 2948 reguntur,
1038 2851 1103 2924 nisi
1135 2867 1173 2924 ut

58 2963 104 3035 rir
128 2962 259 3062 scripto
290 2962 402 3036 oblata
433 2962 576 3037 formula
605 2990 742 3038 uxorem
773 2992 825 3039 res
856 2993 936 3039 suas
963 2965 1088 3038 hahere
1119 2967 1171 3039 iu·

56 3077 128 3153 beat
144 3081 220 3175 (43)
237 3107 246 3167 ;
266 3104 328 3177 ego
345 3104 423 3153 vero
440 3078 536 3152 edico
554 3107 656 3153 unam
679 3097 806 3154 tantum
831 3082 904 3154 dari
931 3080 1063 3181 repudii
1091 3108 1173 3154 cau·

55 3221 143 3282 sam,
164 3193 389 3282 adulterium,
419 3194 503 3268 eitra
528 3223 630 3296 quam
653 3198 746 3270 irrita
764 3197 905 3272 diuortia
930 3213 1042 3272 sunto.
1063 3195 1172 3296 Atque

54 3309 178 3384 ideirco
198 3307 370 3384 Christum
390 3308 459 3382 lere
476 3326 513 3383 ut
530 3311 644 3384 Mosen
663 3312 874 3400 necessitati,
899 3339 1002 3412 quam
1026 3311 1172 3385 anterior

54 3450 162 3498 rerum
190 3439 298 3498 status
323 3424 512 3512 invexerat,
541 3426 711 3515 cessisse,
737 3443 771 3500 et
795 3454 883 3527 quae
907 3426 999 3500 omni
1017 3453 1057 3499 ex
1074 3442 1169 3527 parta

52 3538 200 3614 recusari
228 3538 428 3639 nequibant,
457 3566 533 3613 cum
560 3557 820 3640 temperamento
836 3541 1037 3629 admisisse,
1065 3541 1170 3614 etita

51 3653 209 3752 coniugia
234 3654 410 3754 superiora
436 3653 478 3727 ad
505 3653 721 3754 disciplinam
753 3655 886 3731 civitate
909 3655 1096 3730 christiana
1117 3654 1171 3727 di-

123 3913 178 3976 (ts)
194 3912 290 3963 micuit
301 3912 355 3964 heic
367 3913 479 3964 eruditus
494 3917 579 3965 auctor
591 3913 622 3965 ad
635 3917 756 3966 concisam
774 3917 902 3967 turmulam
920 3916 1014 3980 repudii
1027 3929 1089 3979 quae
1102 3913 1169 3979 apud

54 4008 168 4045 romanos
176 3993 316 4057 obtinebat,
330 4009 416 4058 nempe
426 3999 454 4046 ut
465 4008 518 4045 earn
530 3996 602 4046 reiert
614 3995 718 4047 Pitiseus
728 3997 758 4046 ad
772 4011 856 4047 vocem
864 3998 1019 4060 divortium,
1028 3998 1071 4060 qui
1080 3997 1170 4059 allegat

54 4073 111 4124 baec
122 4074 179 4124 caii
192 4074 268 4124 sorba
278 4073 302 4138 §.
311 4078 397 4124 xxiv.
406 4084 429 4125 t.
440 4084 462 4125 ι.
480 4085 499 4125 ι.
514 4096 525 4118 ιι
537 4078 565 4125 in
576 4077 699 4140 repudiis,
712 4077 737 4127 id
750 4080 786 4127 est
798 4080 997 4127 renunciatione
1010 4075 1169 4139 comprobata

53 4157 109 4205 aunt
126 4155 190 4205 baec
212 4154 302 4205 rerba:
320 4157 389 4205 itaer
405 4168 448 4206 rar
465 4155 514 4206 ttbt
531 4155 649 4207 tremo.»
660 4157 723 4208 iiiuc
738 4155 1166 4221 cieemPniiipp.1i.n.aou§.ns.

54 4235 110 4285 uias
121 4241 161 4287 69,
179 4255 191 4277 ι
201 4234 336 4296 numnius,
349 4234 444 4298 inquit,
456 4235 520 4299 trogi
533 4236 612 4287 iactus
625 4239 674 4300 ost,
691 4238 791 4288 mimam
806 4237 874 4288 iiiam
886 4250 949 4288 suos
960 4234 1063 4287 ressais
1074 4234 1170 4287 bebere

56 4311 121 4364 insat
138 4328 168 4365 en
189 4315 244 4364 xli.
257 4313 364 4364 tabuiisa
382 4315 465 4366 clares
478 4315 586 4377 ademit,
606 4316 709 4379 exegit.»
