2796 5064
182 386 253 436 ear.
269 384 306 434 n.
323 384 364 434 ns
376 382 490 434 morsa.
507 383 603 434 narn.
621 382 654 432 m
667 380 757 432 oros.
773 381 886 433 anons.
902 384 975 434 aar.
993 385 1016 434 r.
1099 366 1169 435 ΠΒ

63 507 128 602 cepit
147 527 310 586 acorem,
339 499 523 573 moechetur
548 501 655 598 inquit
675 497 880 594 (Christus)
905 502 994 595 (30).
1013 530 1031 570 n
1052 501 1171 587 Quoad
1253 505 1257 513 '

59 644 188 692 sensnm
201 642 281 691 vero
295 614 448 689 eamdem
461 614 661 689 sententiam
676 615 800 714 profert
819 614 983 713 Origenes
1000 617 1082 690 dum
1103 620 1168 692 ait:

59 731 380 820 «Quemadmodum
405 746 517 805 autem
548 729 700 804 adultera
724 746 777 804 est
803 758 907 820 uxor,
935 733 1068 806 etiamsi
1099 735 1173 810 viro

56 848 142 923 alteri
170 864 278 947 nupta
300 845 471 934 videatur,
501 845 612 944 priore
629 846 812 919 etiamnum
830 847 928 935 viuo;
950 847 996 922 ita
1013 863 1046 922 et
1061 849 1172 923 vimm

57 963 262 1064 repudiatam
276 960 415 1040 duxere
432 961 565 1048 visum,
587 986 654 1036 non
672 977 737 1035 tem
756 962 866 1063 ipsius
883 962 1053 1052 maritum,
1070 992 1173 1065 quam

57 1079 241 1154 adulterum
266 1103 344 1152 esse
367 1076 548 1151 dicendum
575 1102 596 1151 a
622 1078 795 1152 Servatore
820 1094 933 1154 nostro
965 1079 1174 1155 demonstra·

56 1211 118 1270 tum
143 1210 200 1270 est
227 1196 357 1290 (31).»

118 1313 176 1386 Sic
201 1310 305 1386 etiam
326 1309 469 1383 lammnr
492 1308 660 1383 interdum
687 1334 747 1409 pro
773 1295 806 1377 ei
828 1295 879 1403 pl
908 1297 966 1379 inl
996 1308 1172 1409 πορνείας

56 1455 70 1500 a
92 1427 267 1502 nonnullis
293 1424 461 1500 veteribus
492 1424 577 1497 diei:
615 1410 802 1522 παρεκτὸς
828 1410 959 1525 λόγου
985 1422 1170 1526 πορνείας.

56 1545 167 1618 lerum
195 1543 231 1615 id
244 1541 356 1617 effecit
378 1540 555 1640 utriusque
572 1554 681 1614 textus
698 1538 814 1613 llatth.
836 1541 873 1611 V.
897 1543 955 1615 32.
974 1558 1007 1615 et
1023 1543 1110 1615 xlx.
1134 1546 1168 1616 9.

58 1657 241 1733 similitudo
265 1673 299 1732 et
319 1656 482 1729 identitas
509 1655 709 1753 argumenti.
731 1654 884 1730 Ceterum
901 1657 1095 1730 criticorum
1120 1673 1173 1732 est

58 1800 112 1847 sua
135 1774 264 1872 cuique
289 1771 394 1846 textui
421 1770 524 1844 uerba
552 1770 725 1844 vindicam
749 1785 783 1844 et
811 1771 989 1846 collatione
1017 1773 1171 1872 codicum

59 1906 85 1963 et
107 1889 303 1964 versionum
330 1887 563 1987 antiquarum,
591 1885 862 1986 testimoniisque
885 1903 1032 1961 veterum
1055 1889 1143 1984 (32).

127 2007 163 2078 3.
192 2003 338 2078 Etiamsi
367 2001 597 2075 admitteretur
622 2000 821 2100 particulam
849 2003 1110 2078 conditionalem
1136 1993 1170 2075 εἷ

58 2122 81 2191 ri
97 2120 207 2193 luisse
231 2117 418 2203 adiectam,
446 2114 531 2188 nihil
557 2131 667 2189 tamen
693 2115 807 2215 quoad
833 2143 972 2191 sensum
998 2119 1169 2193 amittere-
1201 2204 1209 2219 ι

59 2252 122 2323 tur,
150 2259 230 2307 cnm
255 2233 384 2330 integer
408 2229 597 2317 subsistat,
619 2230 691 2303 sive
712 2230 772 2304 illa
790 2232 954 2331 particula
978 2234 1174 2310 admittatur

58 2351 119 2424 sive
143 2348 329 2423 reiieiatur.
358 2346 485 2420 Eodem
510 2344 669 2418 nimirum
692 2371 746 2419 res
771 2347 901 2421 recidit.
938 2350 1039 2424 Porro
1067 2376 1107 2423 ex
1132 2377 1172 2425 eo

58 2465 140 2566 quod
166 2465 203 2537 in
227 2461 383 2563 pluribus
408 2460 583 2537 codicibus
608 2460 693 2535 haec
718 2462 882 2561 particula
906 2465 1019 2554 desit,
1057 2493 1173 2541 reeen-

57 2580 150 2655 tiores
168 2577 278 2654 critici
296 2591 517 2677 protestantes
539 2575 574 2647 in
594 2574 667 2649 suis
693 2577 948 2654 recensionibus
973 2579 1172 2682 plerumque

56 2723 122 2770 eam
142 2710 362 2796 expungunt,
388 2707 427 2765 ut
443 2689 704 2778 oriesbaehius,
723 2708 756 2764 et
772 2692 953 2768 Tittmann.
975 2695 1041 2768 Alii
1058 2713 1172 2771 autem

57 2837 122 2884 mm
140 2809 308 2895 retinent,
328 2807 378 2882 uti
395 2805 623 2892 Wetstenius‚
644 2807 692 2879 lo.
714 2805 908 2904 Gregorius,
930 2809 1055 2885 llillius
1076 2814 1166 2907 (33).

56 2925 194 3000 llnrsum
219 2949 241 2998 a
264 2921 436 2997 veteribus
461 2920 644 2995 identidem
674 2947 751 2995 cum
781 2923 998 2998 conditionali
1024 2925 1167 3023 legitur,

56 3059 85 3115 ut
107 3040 201 3143 apud
228 3038 432 3113 Clementem
453 3037 539 3111 alex.
569 3035 721 3136 aliosque
747 3039 895 3138 passim,
924 3040 968 3113 ab
989 3040 1066 3115 aliis
1090 3068 1171 3117 tero

55 3153 336 3255 praetermittitur.
366 3152 461 3239 Quae
485 3175 561 3224 cnm
587 3151 635 3225 ita
659 3150 748 3238 sint,
777 3176 855 3225 cum
886 3153 921 3225 in
956 3157 1171 3253 possessione

54 3274 95 3346 sit
116 3271 257 3369 vulgata
281 3267 410 3355 editio,
439 3267 573 3340 retineri
599 3292 640 3341 ea
664 3266 802 3341 omnino
828 3268 947 3358 debet,
981 3297 1042 3346 nec
1071 3272 1172 3372 quid-

54 3389 142 3486 piam
168 3403 294 3460 temere
320 3382 562 3457 innovandum.

124 3543 353 3611 (³0)1.oc.ell.ed.
365 3545 445 3594 oxon.
462 3541 554 3592 Posteri
567 3545 635 3593 17⁰5.
649 3554 704 3604 pag.
721 3548 775 3593 506.
793 3536 825 3590 '0
846 3539 872 3591 δὲ
885 3537 1085 3612 ἀπολελυμένην
1103 3546 1173 3612 λαμ-

48 3619 126 3683 βάνων
141 3622 269 3690 veseina,
279 3618 411 3690 μοχᾱται,
423 3614 516 3687 φησίν.
532 3622 587 3672 Non
605 3620 679 3671 video
688 3622 743 3685 post
752 3621 827 3684 haee,
841 3626 966 3687 quomodo
980 3629 1013 3679 el.
1026 3627 1181 3692 {Roskorany

48 3710 176 3759 woterrtm
195 3707 271 3757 luerit
289 3718 397 3757 asserem
414 3704 496 3755 solnm
516 3701 598 3766 quoad
610 3715 708 3753 sensum
723 3702 783 3752 haee
793 3703 870 3754 rerba
886 3708 1039 3759 solamente
1050 3709 1169 3761 exhiberi.

124 3785 178 3848 (st)
196 3788 230 3836 ln
246 3785 344 3837 Mottlt.
364 3786 426 3835 tom.
441 3785 506 3833 xlv.
524 3795 549 3831 n.
565 3784 603 3832 nl.
617 3780 657 3831 ed.
669 3781 711 3831 eit.
722 3783 784 3832 tom.
799 3785 842 3832 111.
854 3798 878 3848 p.
892 3790 947 3838 ote.
964 3786 1070 3839 Adnotat
1089 3791 1170 3840 antem

48 3866 225 3918 Griesbaclrlns
249 3866 324 3917 umba
348 3865 409 3917 lieec
435 3865 534 3928 propter
559 3861 757 3933 ὀμοιοτὶλευτον
781 3876 796 3912 a
818 3862 925 3917 librariis
948 3868 1079 3918 inmollis
1101 3867 1171 3918 libris

48 3959 139 3997 omnss
149 3958 212 3996 esse.

125 4027 177 4088 (aa)
195 4023 233 4075 ld.
252 4025 319 4075 enim
340 4025 366 4074 in
385 4038 434 4076 non
453 4026 540 4090 paucis
552 4026 661 4079 textibus
679 4039 695 4077 a
712 4027 779 4078 sanis
799 4025 892 4077 criticis
911 4027 1053 4090 praestitum
1070 4027 1115 4076 est.

123 4107 176 4169 (³³)
192 4105 232 4156 cl.
247 4105 337 4156 iterum
352 4105 554 4158 Lachlsmmnum
573 4108 599 4158 ln
616 4120 671 4171 cap.
688 4108 751 4158 xlx.
768 4115 792 4159 o.
814 4107 901 4158 Matth.
914 4106 940 4156 in
961 4107 1031 4157 calna
1048 4108 1118 4157 testu
1133 4119 1170 4170 gr.

48 4186 148 4250 tantun
168 4178 299 4250 παρεκτὸς
317 4176 400 4248 λόγου
419 4177 554 4251 πορνείας,
571 4199 635 4250 quae
643 4188 761 4240 translata
772 4189 821 4238 nuc
832 4190 890 4238 sunt
901 4200 931 4237 ex
942 4190 1070 4250 capvna.
1084 4187 1114 4236 ln
1127 4198 1170 4236 va·

51 4265 170 4317 monus
195 4265 280 4316 autem
299 4263 422 4315 interdum
438 4262 541 4316 hebetur
557 4261 596 4331 μή
613 4267 737 4320 interdum
750 4259 774 4315 εἷ
786 4261 824 4331 μή
841 4268 865 4317 et
878 4267 904 4316 in
919 4267 1029 4320 senione
1049 4265 1124 4316 veteri
1139 4266 1172 4317 la·

51 4345 100 4396 lina
114 4345 221 4410 legitur:
242 4346 302 4395 not
320 4343 354 4396 od
370 4341 588 4406 sementem.
