2796 5064
234 239 303 313 tte
378 192 1199 312 sn.m.ssca.amsut.nsmnua.nn.anmss.

232 379 401 457 eiusmodi
432 376 584 453 doctrina
608 376 652 450 de
677 374 977 451 indissolubilltate
1008 375 1209 451 omnimoda
1239 379 1345 452 ccuiu·

232 497 322 596 galis
346 494 519 571 societatis
545 491 645 567 talem
661 517 702 566 ac
720 507 848 566 tantam
873 491 1038 566 malorum
1063 493 1261 591 congeriem
1276 518 1346 569 cou-

233 611 371 711 iugihus
392 611 588 707 ingruere,
624 607 750 708 quibus
783 633 900 682 eorum
930 632 989 681 cor
1013 608 1225 709 animusque
1254 608 1346 683 ueluti

234 724 446 802 obruuntur?
463 723 558 810 Quae
576 721 711 796 tandem
727 737 781 796 est
798 749 840 797 ea
855 723 963 796 semea
979 720 1154 811 doctrina,
1176 749 1269 823 quae
1284 749 1348 798 oon-

236 839 332 938 iuges
357 854 455 936 cogat
471 838 514 911 ad
531 837 635 912 vitam
660 853 822 936 perpetuo
847 835 1036 911 ducendam
1062 837 1154 910 inter
1178 837 1349 912 innumera

234 955 385 1056 corporis
407 953 581 1052 animique
599 952 768 1052 pericula,
789 978 877 1052 quae
893 978 935 1026 ex
952 951 1139 1026 acerbitate
1157 954 1347 1052 praesertim

233 1069 360 1144 doloris
374 1083 595 1155 enascuntur,
612 1093 716 1167 quum
729 1065 962 1141 infidelitatem
975 1066 1133 1163 coniugis
1147 1066 1237 1142 alter
1248 1095 1349 1169 expe·

234 1198 289 1259 tus
315 1199 388 1270 ast,
404 1208 454 1256 ac
487 1182 646 1256 iniuriam
678 1181 891 1284 perpessus?
917 1181 1136 1256 Intolerabile
1162 1209 1253 1257 saue
1274 1185 1347 1258 vitae

233 1326 364 1399 genus,
391 1298 483 1399 quod
509 1298 659 1372 humana
684 1297 900 1372 imbecillitas
918 1299 974 1372 vix
994 1313 1053 1371 aut
1073 1323 1119 1370 ne
1138 1299 1198 1372 vix
1221 1299 1347 1399 quideu

235 1414 321 1489 ferre
338 1426 467 1516 ‘potest
490 1413 588 1500 Quod
615 1413 645 1488 si
671 1414 834 1512 coniuges
859 1413 970 1513 quoad
997 1421 1107 1488 torum
1133 1413 1348 1489 cohabitatio·

233 1542 379 1632 nemque
404 1529 549 1604 invicem
574 1530 797 1629 coiungantur
813 1527 857 1602 ad
874 1528 1040 1603 eiusmodi
1062 1527 1158 1605 mala
1180 1529 1344 1617 lenienda,

234 1644 270 1719 in
287 1643 391 1721 alium
404 1644 581 1746 scopulum
594 1644 743 1718 incidere
754 1642 894 1732 debant,
908 1642 1096 1744 profitendo
1111 1644 1347 1720 continentiam

235 1785 276 1835 ae
299 1759 519 1849 caelibatum,
540 1761 595 1835 cui
613 1757 773 1835 secando
790 1785 828 1834 se
845 1759 993 1858 impetus
1016 1759 1191 1849 sentium,
1213 1787 1294 1835 cum
1309 1776 1348 1834 ta

235 1873 279 1948 lis
305 1901 372 1949 nou
398 1873 463 1963 sit,
488 1890 527 1948 ut
548 1874 660 1961 aiunt,
683 1899 797 1949 eorum
822 1873 973 1961 vocatio,
1000 1873 1134 1948 calente
1159 1877 1346 1976 praesertin

237 2004 341 2118 atque
363 1989 601 2066 effervescente
623 1989 760 2063 iuventa
784 1987 885 2063 iniis
907 1988 1051 2064 maxime
1075 1989 1139 2090 qui
1165 1990 1346 2067 lariidionis

235 2102 305 2177 sint
328 2104 469 2202 ingenii.

307 2217 433 2320 Ecquis
459 2244 560 2349 porro
584 2247 651 2296 non
674 2222 790 2298 uideat
812 2221 911 2298 hos
902 2249 937 2297 ιη
956 2237 1109 2324 apertum
1131 2219 1345 2324 delinquendi

235 2333 451 2465 periculum
441 2334 535 2408 tniici
526 2334 639 2409 dura
663 2336 727 2411 hac
751 2336 827 2436 lege
851 2335 1003 2412 detentos
1026 2336 1072 2410 de
1097 2361 1169 2411 uon
1196 2334 1346 2412 iterandit

236 2450 382 2549 nuptiis,
396 2475 472 2523 cum
487 2476 590 2524 sanae
603 2450 730 2525 ethices
743 2451 988 2540 detrimentos
979 2456 1082 2526 immo
1098 2477 1183 2528 vero
1201 2469 1237 2526 et
1254 2453 1346 2524 iactu

236 2563 299 2637 ra?
317 2563 468 2638 Indidem
494 2565 584 2638 enim
609 2565 710 2639 veluti
729 2593 750 2640 a
766 2565 931 2640 foecunda
956 2571 1094 2668 parente
1120 2568 1280 2640 oriuntur
1300 2591 1345 2638 uc·

235 2681 384 2754 cessario
414 2680 653 2767 scortationes,
686 2679 876 2769 adulteria,
909 2679 1043 2780 aliaque
1076 2681 1242 2779 llagitia,
1272 2703 1345 2781 quac

235 2795 336 2870 etium
362 2794 523 2870 scandala
539 2795 836 2897 oblocutionesque
854 2796 1009 2898 publicae
1028 2797 1257 2885 comitantur;
1281 2794 1344 2897 qui·

235 2909 301 2986 bus
318 2912 476 2986 omnihus
494 2911 592 2986 lacile
605 2913 732 2986 occurri
748 2929 862 3013 posset
875 2911 1017 2987 honesto
1034 2911 1219 3010 coniugio?
1232 2911 1344 3013 Ecquis

237 3029 393 3126 componi
420 3053 522 3129 posse
541 3044 692 3101 autumet
716 3028 857 3103 lerneam
875 3027 964 3101 hanc
980 3025 1088 3126 legem
1106 3053 1188 3101 cum
1206 3027 1267 3102 illa
1286 3023 1343 3124 iugi

235 3143 418 3240 evangelici
437 3142 593 3231 lenitate,
614 3143 658 3217 ob
675 3170 777 3245 quam
796 3143 952 3218 Christus
969 3167 1073 3217 suave
1091 3143 1211 3240 iugum
1227 3159 1344 3217 etonus

235 3255 309 3329 leve
326 3259 545 3334 sectatoribus
564 3261 635 3334 suis
654 3286 691 3334 se
710 3260 945 3360 impositurum
968 3257 1212 3358 depraedicat?
1230 3260 1268 3332 ln
1292 3257 1345 3328 hac

237 3370 420 3472 hypothesi
438 3375 553 3472 iugum
573 3375 674 3475 plane
691 3403 757 3450 non
775 3375 949 3449 lerendum
966 3373 1164 3471 coniugium
1185 3373 1342 3449 evaderet.

310 3492 379 3563 Nec
395 3490 490 3564 obest
503 3493 557 3589 agi
570 3492 612 3565 de
625 3510 841 3593 temporanea
856 3506 983 3565 tuntum
998 3491 1233 3589 separatioue;
1252 3487 1346 3590 siqui·

236 3606 314 3678 dem
340 3603 405 3679 hoc
431 3604 543 3705 ipsum
568 3624 636 3695 est,
666 3607 756 3708 quod
782 3607 817 3678 iu
843 3604 1061 3692 moralitatis,
1091 3631 1199 3705 quam
1218 3620 1344 3685 vocant.

235 3719 396 3794 damnum
421 3721 540 3818 vergit.
562 3723 644 3794 Nam
670 3723 699 3795 si
727 3721 818 3794 nixae
843 3746 882 3793 ac
907 3718 1097 3793 discordiae
1120 3732 1344 3818 perseverent,

235 3834 271 3906 in
296 3834 430 3934 longius
456 3852 587 3935 tempus
613 3837 778 3912 eiusmodi
797 3833 1065 3938 protrahendum
1088 3834 1117 3908 si
1138 3861 1268 3909 causae
1289 3834 1349 3907 dis

236 3949 315 4022 sidii
342 3952 447 4025 mutui
475 3953 676 4040 subsistant,
707 3953 778 4026 lieri
806 3952 939 4051 nequit,
968 3964 1005 4021 ut
1030 3950 1097 4023 cito
1122 3952 1232 4024 animi
1250 3947 1348 4025 conci·

236 4063 370 4138 liuntur.
388 4066 485 4152 Quod
499 4068 528 4139 si
543 4067 724 4141 dissidium
738 4093 777 4140 ex
792 4082 905 4165 spreta
918 4063 1057 4139 thalami
1076 4064 1145 4138 lide
1165 4066 1348 4167 proveniat,

235 4179 293 4252 cui
319 4179 427 4256 honor
452 4182 544 4255 cordi
570 4199 638 4269 est,
667 4208 851 4281 numquam
879 4182 911 4254 in
939 4181 1080 4278 gratiam
1104 4180 1351 4284 delinquentem
