2796 5064
230 232 298 303 486
372 253 434 320 nn.
450 249 602 308 rnsncr.
619 250 750 301 aursni.
768 251 807 299 nr
825 248 937 300 nunus.
955 248 1052 299 nuru.
1073 248 1204 301 cunrsr.

229 372 293 446 tior
318 371 412 445 fieret
436 368 488 442 de·
508 367 734 468 profitentium
764 366 935 441 voluntate
959 392 1000 439 ac
1030 366 1284 467 dispositione,
1312 382 1338 438 ut

228 486 336 586 possit
359 485 400 557 iis
426 484 640 583 privilegium
661 511 682 556 a
706 483 840 556 Christo
859 508 1060 557 concessum
1082 481 1212 557 lavere.
1233 482 1281 564 Eo
1297 480 1338 555 vel

228 599 337 696 magis
369 599 458 698 quod
485 597 627 672 ecclesia
651 625 672 671 a
697 597 831 671 Christo
858 613 1057 696 potestatem
1092 596 1287 695 acceperit,
1316 611 1343 667 ut

228 740 292 787 suo
316 713 389 787 loco
414 712 644 799 ostendimus,
674 711 869 785 moderandi
898 727 1107 786 contractum
1141 709 1341 809 coniugalem

228 828 413 900 naturalem
430 828 478 899 uti
497 828 671 900 materiam
689 827 872 925 proximam
891 827 1092 901 sacramenti
1117 826 1340 904 matrimonii,

229 969 268 1016 ac
293 970 453 1043 personas
479 943 572 1041 ipsas
601 940 769 1016 inhabiles
801 941 963 1015 reddendi
993 942 1038 1015 ad
1069 942 1342 1017 contrahendum.

302 1060 402 1133 Hisce
419 1058 630 1145 enucleatis,
659 1085 802 1156 pronum
828 1058 896 1132 iam
921 1074 973 1133 est
998 1058 1188 1158 explanare
1205 1059 1345 1160 proposi·

228 1189 297 1249 tam
322 1174 565 1248 difficultatem.
602 1175 686 1245 Nam
715 1173 850 1247 etiamsi
878 1172 1075 1247 solemnitas
1102 1201 1185 1248 cum
1218 1173 1346 1246 adnexis

227 1287 484 1362 formalitatibns
502 1288 612 1360 serius
632 1313 652 1360 ι
670 1287 742 1360 iure
758 1285 989 1361 ecclesiastico
1009 1288 1153 1361 inducta
1170 1288 1288 1374 suerit,
1308 1303 1346 1358 ta·

226 1428 303 1476 men
318 1427 393 1475 cnm
412 1401 497 1474 haec
510 1400 692 1475 intrinseca
705 1401 749 1473 sit
761 1417 794 1474 et
808 1426 874 1474 non
888 1401 1015 1475 afficiat
1029 1400 1264 1476 substantiam
1281 1427 1346 1500 pro

198 1570 201 1575 -
227 1517 385 1592 fessionis
413 1516 609 1615 religiosae,
638 1517 748 1615 potuit
773 1516 850 1615 ipsa
875 1517 1061 1591 subsistere
1081 1544 1161 1592 cum
1181 1516 1346 1617 privilegiu

226 1659 247 1707 a
268 1633 403 1707 Christo
424 1633 528 1720 lacto,
559 1647 738 1731 antequam
764 1631 822 1704 illa
844 1632 1040 1708 solemnitas
1066 1632 1111 1705 ab
1138 1631 1285 1706 ecclesia
1309 1633 1346 1702 in·

227 1748 433 1821 stitueretur.
466 1747 627 1848 Apprime
652 1762 824 1846 praeterea
850 1746 1048 1844 intelligitur
1074 1746 1252 1847 quomodo
1276 1747 1345 1820 olim

227 1888 289 1961 per
312 1880 389 1938 vota
414 1862 583 1962 simplicia
606 1862 699 1934 irrita
721 1889 787 1935 non
810 1862 928 1936 fierent
951 1862 1130 1959 coniugia,
1166 1889 1258 1962 quae
1282 1878 1347 1961 post

188 2002 190 2018 ²
227 1975 397 2050 inductam
416 1977 661 2050 solemnitatem
683 1977 749 2048 iam
776 1976 869 2050 irrita
894 1976 1051 2050 evadunt.
1082 1975 1289 2074 lntelligitur
1304 1976 1348 2046 in·

226 2117 332 2191 super
356 2091 524 2190 quomodo
550 2092 715 2165 interdum
742 2091 815 2165 sola
840 2092 1005 2191 professio
1031 2107 1220 2191 perpetuae
1245 2090 1347 2181 eonti-

178 2206 181 2212 ’
227 2207 361 2280 nentiae
378 2206 508 2307 absque
528 2223 606 2281 voto
623 2234 781 2308 expresso
797 2208 969 2281 diremerit
986 2205 1162 2281 vinculum
1180 2205 1343 2306 nuptiale,

224 2321 273 2393 nti
299 2322 439 2418 contigit
462 2347 515 2394 ex.
544 2348 594 2419 gr.
629 2322 663 2393 in
693 2349 722 2394 s.
748 2320 892 2409 Thecla,
922 2348 952 2394 s.
981 2319 1151 2407 Caecilia,
1183 2348 1214 2395 s.
1236 2320 1348 2392 Alexio

225 2435 370 2534 aliisque
395 2435 561 2509 eiusmodi
587 2462 608 2507 ι
633 2435 758 2533 quibus
779 2435 921 2508 difficile
945 2434 1083 2508 omnino
1102 2451 1157 2508 est
1175 2433 1348 2508 ostendere

224 2550 386 2623 emissum
413 2548 567 2646 explicite
594 2548 699 2621 luisse
725 2565 838 2622 votum
865 2549 936 2622 sive
962 2547 1147 2634 castitatis,
1179 2549 1254 2622 sive
1279 2547 1347 2620 obe

225 2664 390 2752 dientiae,
420 2665 491 2737 sive
513 2666 741 2763 paupertatis,
771 2691 847 2736 eum
866 2663 1089 2736 nihilominus
1108 2664 1345 2762 perlectionem

225 2779 451 2876 evangelicam
471 2779 594 2852 inirent
607 2780 717 2878 quoad
737 2806 833 2852 suam
848 2779 1091 2865 substantiam,
1113 2806 1229 2878 neque
1248 2777 1347 2851 eccle·

225 2895 276 2966 sia
289 2894 465 2994 quidpiam
481 2894 792 2994 constituissetque
807 2895 1048 2994 impedirentur
1062 2894 1246 2991 privilegio
1261 2891 1347 2965 Chri·

225 3010 266 3081 sti
286 3011 348 3095 uti,
365 3010 444 3083 hinc
463 3010 663 3083 dissolutum
682 3015 831 3110 ipsorum
850 3010 1042 3106 coniugium
1064 3026 1128 3082 est.
1148 3009 1347 3106 intelligitur

225 3124 359 3196 demum
385 3127 553 3223 quomodo
579 3127 757 3223 Gregorius
782 3127 872 3196 lllll.
902 3126 982 3197 dum
1014 3125 1082 3196 vim
1117 3124 1210 3198 banc
1236 3123 1347 3198 tribuit

223 3238 311 3311 votis
325 3238 535 3336 simplicibus
555 3241 836 3313 scholasticorum
856 3266 925 3312 soc.
949 3240 1024 3311 lesu
1044 3238 1259 3313 dissolvendi
1277 3265 1346 3312 con·

224 3355 315 3451 iugia
341 3369 430 3439 rata,
460 3383 527 3454 qua
551 3375 649 3429 antea
671 3357 847 3442 carebant,
878 3358 949 3428 iuro
973 3381 1035 3427 suo
1061 3381 1147 3427 usus
1177 3356 1279 3428 luerit
1302 3380 1347 3426 re

223 3468 384 3541 stituendi
400 3473 578 3567 postremis
594 3471 688 3543 hisce
709 3471 914 3568 temporibus
930 3496 989 3569 pro
1002 3469 1169 3565 singulari
1185 3469 1251 3542 boc
1270 3495 1345 3541 casu

222 3585 313 3682 quod
334 3585 480 3659 obtinuit
506 3587 539 3657 in
560 3588 703 3660 ecclesia
716 3588 816 3683 longo
837 3586 1024 3659 seculorum
1044 3602 1174 3672 tractu,
1199 3610 1345 3684 praeser-

224 3701 281 3772 tim
301 3728 376 3773 cum
396 3719 514 3799 agatur
536 3728 603 3774 non
629 3704 755 3801 iamjde
776 3704 862 3775 uotis
881 3702 1080 3801 simpliciter
1103 3702 1269 3800 privatis,
1290 3699 1344 3772 sed

224 3816 338 3915 aliquo
364 3819 463 3891 modo
490 3818 649 3916 publicis.

176 4013 180 4020 ,
296 3932 390 4017 Quae
416 3961 491 4006 cum
518 3935 564 4005 ita
591 3934 659 4005 sint
678 3933 756 4005 lruic
775 3934 960 4005 sententiae
978 3947 1094 4030 utpote
1114 3932 1288 4016 solidiori,
1307 3955 1343 4001 ac

223 4046 330 4142 magis
357 4047 512 4144 dignitati
532 4047 731 4120 sacramenti
753 4047 968 4145 prospicienti
987 4045 1243 4135 adhaeremus,
1264 4070 1344 4146 quae

225 4186 312 4230 nunc
339 4161 425 4234 inter
452 4163 651 4235 recentiores
674 4162 862 4234 communis
888 4161 1004 4235 effecta
1027 4176 1092 4234 est.
