2796 5064
137 347 203 418 ¹02
278 369 341 418 ΗΒ.
352 367 400 417 tlt.
417 365 504 416 SBCT·
521 364 651 416 manat.
668 365 708 414 ΒΕ
725 362 837 415 innisa.
855 364 951 415 utra.
968 363 1098 415 canisi.

136 488 188 561 dit
210 485 353 561 ecelesia
375 509 512 557 romarm
532 483 577 556 sit
597 482 698 556 etiam
720 480 883 556 articulus
909 480 952 556 de
977 480 1136 555 absoluta
1153 483 1248 556 indis

137 601 342 677 solubilitate
362 598 565 672 matrimonii
591 598 767 672 christiani
793 597 895 671 etiam
915 597 950 669 in
975 624 1060 671 oasu
1079 596 1246 682 adulterii,

137 742 200 791 noe
224 743 301 790 eum
321 716 475 814 ignorare
496 730 586 788 eerte
603 729 741 813 possent
758 713 869 811 graeei
895 710 945 785 illi
963 712 1023 813 qui
1042 713 1250 788 aeecclesiae

137 831 322 906 catholicae
346 829 546 915 univerunt,
579 827 678 929 plane
703 827 921 926 consequitur
946 825 1038 901 baud
1065 827 1181 902 datam
1209 829 1250 902 eis

137 972 214 1020 esse
238 944 424 1018 libertatem
443 942 592 1017 sectandi
612 942 675 1019 boe
694 943 729 1015 in
747 942 888 1017 articulo
906 942 1086 1041 antiquum
1105 942 1191 1018 illud
1207 946 1249 1017 ius

137 1060 350 1135 canonicum.

210 1175 308 1262 Quod
332 1175 361 1248 si
390 1191 466 1274 post
486 1175 643 1247 unionem
663 1173 777 1248 adhue
801 1172 942 1248 inolitus
959 1173 1017 1248 bie
1035 1172 1169 1247 abusus
1187 1199 1248 1272 per-

137 1291 302 1366 severarit
322 1289 530 1364 dissolvendi
557 1306 692 1390 propter
716 1288 919 1362 adulterium
945 1315 985 1363 ae
1011 1288 1180 1389 perfidam
1202 1289 1248 1362 de·

136 1406 315 1480 sartionem
332 1405 545 1500 coniugium,
568 1404 602 1476 id
625 1404 748 1479 laetum
766 1420 818 1478 est
835 1421 950 1478 eontra
967 1403 1138 1479 ecelesiae
1155 1430 1248 1478 rome

137 1547 200 1595 nae
217 1537 375 1594 mentem.
391 1521 624 1593 Verumtamen
637 1509 885 1619 quinquaginta
897 1517 973 1619 plus
987 1519 1106 1593 minus
1125 1518 1248 1592 abhinc

135 1636 236 1709 annis
269 1635 427 1709 firmitate
456 1661 496 1709 ae
528 1634 776 1735 perseverantia
802 1633 1098 1732 Fogarasiensinm
1129 1635 1247 1709 antisti·

132 1766 207 1824 tum
232 1751 399 1825 eiusmodi
424 1750 604 1824 dissolutio
630 1750 775 1825 cessavit
799 1751 888 1846 (st).

211 1866 312 1940 Porro
324 1866 404 1964 quis
417 1891 578 1965 umquam
601 1864 690 1937 dioet
708 1864 892 1938 recensitos
910 1864 1077 1939 haetenus
1096 1867 1248 1966 praetium

136 1978 266 2052 ebusus
291 1979 327 2050 in
352 2004 462 2052 errore
488 1978 665 2052 doctrinali
691 2005 731 2052 ac
756 1977 945 2076 dogmatioo
969 1978 1134 2052 fundari?
1160 1980 1249 2077 Igitur

137 2091 296 2166 resolutio
312 2091 500 2188 coniugalis
518 2092 645 2166 vineuli
665 2093 698 2164 in
717 2118 821 2167 causa
837 2091 993 2166 adulterii
1006 2091 1103 2191 apud
1121 2118 1247 2190 graeons

137 2233 203 2280 non
227 2222 279 2281 est
302 2207 481 2307 repetenda
505 2234 545 2280 ex
564 2233 676 2282 errore
693 2207 810 2308 aliquo
826 2206 1034 2305 dogmatico,
1057 2207 1245 2284 sedendam

136 2320 171 2390 in
196 2344 300 2394 censu
326 2319 481 2394 habenda
506 2339 558 2395 est
582 2348 622 2396 ao
647 2322 847 2409 dissolutio,
875 2348 964 2423 quae
990 2349 1097 2423 penes
1123 2324 1246 2399 eosdem

136 2435 280 2508 invaluit
297 2452 432 2535 propter
449 2437 538 2511 alias
553 2463 676 2511 causas
696 2439 872 2512 manifeste
887 2465 908 2511 a
926 2439 1035 2512 saeris
1057 2439 1200 2528 litteris,
1218 2465 1247 2512 ae

136 2551 314 2625 traditione
331 2553 516 2651 apostoliea
535 2553 761 2653 proscriptas,
778 2579 934 2654 quaeque
951 2579 1018 2626 non
1036 2553 1143 2628 aliam
1163 2556 1247 2629 babet

136 2667 298 2765 originem
323 2695 425 2768 quam
457 2669 546 2765 leges
573 2669 765 2768 imperiales
797 2686 867 2742 tum
897 2670 1004 2742 sacris
1035 2668 1163 2745 litteris
1190 2688 1246 2745 tun

136 2782 340 2881 apostolieae
359 2783 529 2859 traditioni
556 2784 620 2856 bae
646 2785 679 2856 in
706 2813 742 2857 re
762 2785 977 2858 adversantes
996 2784 1039 2858 ab
1060 2787 1194 2884 ignavis
1208 2812 1247 2860 ec·

136 2898 259 2972 clasiae
272 2898 453 2997 photianae
467 2899 682 2997 praesulibus
697 2900 745 2972 uti
758 2900 850 2997 leges
867 2902 1047 2974 canonicas
1066 2902 1243 3002 adoptatas.

209 3015 268 3084 lll.
299 3015 489 3113 Numquam
515 3014 664 3100 destitit,
694 3016 825 3115 quoties
852 3042 927 3089 sese
952 3015 1075 3090 obtulit
1106 3019 1243 3097 occasio,

136 3128 321 3225 apostoliea
339 3129 438 3203 sedes
461 3129 503 3202 ab
538 3131 704 3203 eiusmodi
727 3130 891 3205 abusibus
917 3131 1167 3230 improbandis.
1192 3135 1245 3204 lan

137 3243 309 3317 retulimus
327 3246 496 3344 quomodo
510 3271 547 3318 se
562 3248 705 3342 gesserit
724 3247 896 3343 Eugenius
911 3248 962 3317 lV.
985 3247 1020 3317 in
1038 3248 1183 3322 coneilio
1199 3248 1246 3319 llo

136 3358 284 3446 romine,
306 3361 364 3458 qui
384 3377 556 3458 praeterea
583 3362 616 3432 in
643 3389 706 3435 suo
731 3362 864 3436 decreto
891 3388 951 3460 pro
969 3365 1120 3437 armenis
1136 3364 1245 3461 doetri-

136 3499 213 3544 nam
239 3472 282 3545 de
307 3474 603 3550 indissolubilitate
623 3478 826 3551 matrimonii
851 3477 905 3551 bis
931 3478 1044 3552 verbis
1063 3479 1246 3577 complexus

135 3605 209 3660 est:
242 3617 260 3657 u
276 3588 475 3686 designatur
499 3606 611 3663 autem
637 3591 756 3692 triplex
781 3591 906 3665 bonum
933 3594 1154 3668 matrimonii.
1192 3593 1247 3665 Pri·

135 3729 226 3774 mum
254 3719 305 3776 est
329 3703 439 3805 proles
469 3705 685 3805 suscipienda
712 3723 745 3780 et
768 3705 944 3780 educanda
968 3707 1011 3780 ad
1038 3709 1167 3784 cultum
1184 3710 1244 3783 Dei.

134 3817 324 3890 Secundum
352 3834 403 3892 est
429 3819 535 3905 fides,
565 3847 667 3919 quam
693 3847 781 3894 unus
807 3823 986 3919 coniugum
1010 3823 1108 3897 alteri
1128 3849 1248 3899 servare

213 3999 264 4059 (rt)
281 3999 376 4048 Primus
385 4001 429 4061 qui
445 4000 470 4048 in
482 4014 517 4060 gr.
530 4001 651 4050 mttioliea
665 4002 872 4051 Transitvanienst
883 4002 986 4051 eeclesia
1001 4002 1192 4054 dissolutionem
1207 4017 1247 4052 nu·

136 4075 244 4126 trimonit
261 4078 516 4141 propteradutterium
536 4073 560 4128 el
573 4081 689 4144 pertidum
709 4081 871 4131 desertionem
889 4081 1017 4131 sustulerit
1029 4083 1077 4133 tuit
1094 4083 1249 4146 regemunt

136 4155 265 4220 opiscopus
282 4161 384 4207 loannes
399 4159 483 4220 balab,
496 4160 586 4209 trustra
599 4161 765 4210 obnitentibus
781 4162 847 4211 clero
864 4161 1020 4225 populoque;
1035 4164 1072 4213 uti
1089 4166 1192 4215 testatm
1205 4164 1247 4212 tte

136 4235 227 4285 rander
247 4237 332 4287 steria
352 4238 441 4287 solues
460 4238 716 4303 actualisarebiepiso.
734 4245 759 4290 et
770 4241 924 4305 metropolita
941 4241 1146 4295 Albae-tuliensis
1165 4245 1190 4294 in
1200 4243 1248 4293 scri·

136 4314 183 4376 ptis
202 4314 266 4365 datis
288 4316 361 4366 Blasii
380 4319 403 4366 in
426 4319 596 4369 Tranailvania
617 4319 657 4370 die
678 4328 717 4372 ³0.
731 4320 857 4372 novembr.
874 4328 940 4373 tabo.
