2796 5064
200 374 315 429 carm.
330 373 455 426 sacru
473 372 742 425 remurmurans.
755 371 1135 431 sancrmunnrosrrsorr.
1174 349 1243 420 iii

131 493 348 570 artheman
371 508 405 567 et
429 491 629 567 tradendum
651 504 763 566 corani
791 489 930 565 testibus
949 490 984 562 in
1010 516 1113 564 mauu
1131 491 1246 564 uxoris

131 608 362 711 repudiandae
375 607 641 708 requirebantur.
663 606 713 681 Eo
731 605 888 680 nimimm
901 604 1049 686 'consilio
1066 621 1115 679 tot
1130 605 1247 679 condi-

125 725 238 802 tiones
263 725 440 827 appositae
461 741 576 813 erant,
603 740 641 798 ut
664 723 805 797 maritus
829 749 897 797 non
927 749 968 797 ex
994 722 1102 823 primo
1120 721 1248 822 impetu

129 856 257 940 ageret,
286 841 349 915 sed
378 839 422 914 ad
439 840 576 915 saniora
597 838 743 914 consilia
768 865 806 913 se
831 838 978 940 recipere
1004 854 1138 937 posset,
1166 838 1247 912 dum

128 957 291 1058 temporis
316 982 411 1030 mora
435 956 519 1031 satia
538 956 641 1052 longa
659 955 902 1042 insumeretur,
918 953 1144 1029 utiuridicae
1166 980 1248 1029 con·

129 1073 279 1147 ditiones
302 1098 423 1146 ornnes
440 1071 655 1171 explerentur
680 1073 794 1167 (iiiii).
819 1071 961 1144 Demum
988 1096 1029 1142 ex
1050 1079 1098 1143 'eo
1124 1071 1250 1169 pariter

134 1203 287 1273 constat,
321 1186 413 1286 quod
439 1185 502 1260 soii
528 1186 601 1260 viro
623 1185 823 1259 tribueretur
853 1184 996 1258 facultas
1017 1185 1124 1258 dandi
1153 1184 1249 1259 fibel-

133 1301 194 1376 inm
219 1301 379 1402 repudii,
410 1300 542 1375 mulieri
569 1318 680 1375 autem
714 1299 798 1373 baec
827 1301 1068 1397 denegaretur,
1096 1301 1180 1374 adeo
1214 1319 1250 1374 ut

136 1418 268 1493 nonnisi
287 1416 353 1492 sub
370 1417 530 1490 extremis
548 1416 753 1516 reipublicae
769 1415 976 1516 temporibus
993 1415 1151 1490 effrontes
1177 1443 1250 1490 mu-

202 1744 273 1807 (ioo)
289 1743 431 1794 Formuiarn
441 1743 627 1808 penesiudaees
642 1747 776 1810 receptam,
787 1748 812 1797 et
827 1760 885 1809 qua,
902 1746 943 1796 ubi
964 1745 1023 1810 ipsis
1038 1742 1177 1794 divortium
1199 1757 1251 1806 per·

135 1824 249 1886 mittitur,
263 1823 348 1874 adbuc
370 1826 489 1887 utuntur,
503 1822 567 1876 inter
587 1827 680 1876 ceteros
702 1826 800 1877 exhibet
822 1827 962 1877 Bonirerius
979 1826 1018 1876 his
1035 1838 1174 1889 expressam
1198 1839 1249 1875 ser·

128 1892 180 1956 bis:
198 1925 211 1950 ι
223 1907 253 1954 in
267 1904 358 1967 quarto
376 1904 486 1967 sabbati,
499 1905 524 1954 in
545 1905 690 1956 duodecima
705 1907 796 1957 mensis
813 1906 891 1970 Tisri,
907 1920 1000 1957 annos
1019 1907 1142 1956 creatione
1159 1906 1246 1955 rnundi

132 1984 352 2049 munitissimo
365 1984 498 2036 ominium
520 1986 610 2047 tertio,
626 1986 650 2036 in
666 1987 727 2037 urbe
744 1988 888 2051 itabyienis,
906 2001 950 2050 ego
968 1985 1045 2039 tiabbi
1064 1987 1162 2036 simeon
1183 1985 1248 2036 fliius

136 2062 210 2115 iiabbi
226 2062 319 2126 sadoc,
332 2061 376 2113 itit
389 2063 468 2135 Rabbi
479 2064 628 2127 amam-iiiii
650 2066 728 2116 Rabiri
750 2068 855 2128 Daniel,
873 2070 960 2132 sponte
975 2080 1042 2129 mea,
1059 2069 1084 2118 et
1102 2080 1133 2117 ex
1154 2066 1247 2128 auimo,

131 2138 191 2194 dira
220 2142 301 2192 utiam
315 2142 512 2207 scardonem,a
532 2148 571 2194 nie
591 2142 735 2195 dimittere
754 2145 856 2209 repudio
878 2146 968 2197 iiacirei
991 2144 1068 2196 tiiiarn
1086 2143 1164 2196 Rabbi
1175 2144 1250 2195 Abra-

133 2221 202 2287 ιιι,
218 2222 265 2273 atii
279 2221 358 2272 iiabbi
374 2223 476 2286 iosepb,
488 2222 533 2273 iiiii
552 2223 630 2275 Rabiri
647 2224 799 2288 sunnonis,
811 2228 837 2276 et
852 2224 960 2277 eonardo
979 2224 1002 2276 ei
1021 2224 1146 2275 ibenium
1161 2227 1187 2275 et
1205 2239 1247 2289 pa·

135 2302 260 2362 taam,
275 2302 304 2350 ui
325 2313 370 2364 pre
391 2298 461 2352 iibito
474 2315 519 2352 suo
537 2301 608 2354 abeat
624 2317 674 2367 quo
696 2302 816 2367 roiuerit,
838 2304 945 2368 ducique
959 2305 1036 2366 possit
1052 2304 1084 2355 ab
1098 2304 1167 2355 omui
1185 2304 1249 2366 riro,

133 2391 160 2451 ae
178 2392 238 2432 earn
256 2379 389 2443 miscuata
404 2377 532 2444 probibere
548 2385 696 2444 praesumat.
718 2385 747 2433 in
765 2384 835 2433 cuius
847 2383 881 2433 rei
899 2382 1066 2434 testimonium
1081 2383 1170 2434 dedici
1182 2384 1248 2434 bunc

132 2458 224 2511 diram
244 2457 359 2523 repudii,
374 2461 400 2510 et
418 2458 533 2511 scbedam
550 2459 701 2513 dimissionis
720 2465 794 2525 atque
811 2462 964 2526 signaculum
985 2461 1086 2514 divortii
1105 2463 1175 2513 iusta
1194 2476 1250 2514 con·

131 2541 286 2593 mitam
302 2537 385 2602 iioysf
400 2542 425 2590 et
443 2540 529 2604 iamet,
548 2543 714 2605 praesentibus
730 2543 832 2593 testibus
848 2544 912 2594 inira
927 2544 1033 2608 scriptia
1047 2564 1059 2588 r

207 2621 397 2682 neeeuporro
417 2623 487 2671 erant
508 2622 674 2672 caeremoniae
696 2612 733 2672 in¹
748 2623 795 2674 iroc
812 2623 909 2686 negotio
928 2622 1070 2675 armandae.
1094 2633 1117 2674 t.
1135 2626 1169 2675 iit
1189 2639 1252 2674 uror

135 2697 404 2766 mmdbeederet
423 2699 471 2750 nisi
488 2699 586 2751 rotenia
602 2701 691 2751 marito
706 2704 731 2752 et
746 2704 845 2765 accepta
856 2701 888 2753 ab
903 2716 933 2754 eo
949 2704 1081 2766 peream
1094 2714 1170 2765 quam
1185 2704 1251 2766 pote·

133 2781 221 2853 statana
231 2779 339 2830 maritus
347 2790 375 2829 sa
383 2778 463 2830 iacere
471 2780 545 2831 eiiam
556 2779 582 2831 in
593 2780 677 2831 iibeiio
685 2782 845 2845 suprimebat3
856 2790 880 2834 t.
893 2785 922 2833 ut
937 2782 1035 2833 iibeitus
1045 2783 1070 2832 iu
1083 2794 1158 2831 manu
1169 2781 1253 2831 aroris

134 2859 283 2920 baderetnr3
296 2862 320 2908 a.
330 2859 358 2907 ut
372 2856 569 2910 adscriberentur
585 2862 614 2910 ut
634 2860 764 2910 minimum
776 2861 882 2911 duorum
900 2862 999 2911 testium
1011 2860 1118 2922 nomios;
1133 2864 1156 2911 t.
1168 2861 1198 2909 ut
1207 2873 1247 2910 es·

131 2938 300 3003 primoeeatrrr
315 2939 366 2988 tres
383 2940 551 3001 generationes
567 2939 614 2989 riri
624 2939 777 3003 totidemque
787 2940 911 3004 mutieris,
924 2943 953 2991 ut
963 2941 988 2990 in
1000 2939 1076 2991 iibeiii
1094 2938 1198 2990 iorrnuia
1212 2953 1253 2989 er-

133 3031 247 3083 presrum
266 3018 315 3079 esi,
338 3017 398 3068 boet
411 3017 452 3068 aiii
469 3019 547 3069 veiint
562 3018 704 3070 sardiceresi
716 3032 764 3070 noa
781 3019 838 3070 irinc
854 3019 912 3070 inde
927 3020 1051 3083 generatio
1066 3019 1253 3084 exprimentia

135 3101 195 3149 aut
204 3095 355 3147 scriberetur
369 3096 467 3148 libellus
482 3098 595 3149 rotundis
607 3099 709 3161 titteris,
722 3099 858 3163 distinctis,
873 3102 946 3164 atque
959 3099 1101 3163 perspicuis,
1113 3100 1147 3149 ita
1163 3102 1191 3149 ut
1206 3112 1255 3149 una

135 3176 206 3228 Μ
231 3188 283 3225 noa
302 3175 444 3238 attingeret,
458 3189 489 3227 ne
509 3176 577 3240 quod
595 3178 734 3241 scripturae
756 3178 843 3228 sitium
859 3178 987 3242 irreperet;
1000 3185 1024 3229 a.
1041 3180 1069 3227 ut
1084 3179 1105 3228 si
1121 3179 1184 3228 inter
1199 3179 1255 3229 scri·

130 3253 242 3308 mum
257 3253 343 3318 atiquo
359 3256 416 3305 actu
441 3257 571 3307 atramenti
587 3256 613 3307 in
628 3256 795 3307 membranam
815 3257 949 3308 decidisset
972 3257 1080 3320 gabuta,
1098 3256 1196 3309 iibeiins
1212 3272 1253 3311 au·

134 3335 274 3386 doriutern
290 3346 339 3383 non
350 3334 464 3399 baberet,
477 3335 590 3400 aliasque
601 3336 682 3387 denuo
696 3337 852 3400 scriberetur,
866 3341 890 3388 7.
907 3341 935 3388 ut
946 3337 971 3386 in
983 3336 1065 3388 iibeiio
1077 3337 1172 3389 nulium
1189 3351 1255 3390 rasu-

136 3426 174 3467 rae
183 3413 326 3477 uestigium
348 3419 488 3478 appareret,
500 3428 531 3466 ne
542 3418 668 3481 suspectus
681 3412 748 3467 esset
762 3417 829 3481 sitii,
843 3425 866 3468 a.
883 3421 912 3467 ut
926 3417 1067 3467 membrana
1082 3417 1178 3480 longor
1192 3421 1255 3468 esset

135 3508 209 3560 qnam
235 3495 310 3544 iatior
326 3502 350 3546 s.
364 3499 392 3546 ut
403 3509 489 3547 omnes
499 3498 573 3547 testes
586 3497 630 3559 qui
644 3496 745 3547 aderaut
757 3510 832 3548 suum
850 3498 1074 3561 qabquesigiiium
1094 3498 1252 3561 imprimeret,

137 3583 171 3629 tt.
184 3579 215 3627 at
225 3573 332 3625 maritus
340 3573 439 3632 diceret:
450 3579 542 3641 Accipe
554 3575 674 3628 libellum
686 3577 790 3642 repudii
803 3580 829 3628 et
843 3581 897 3628 esto
912 3590 981 3630 ome
990 3577 1093 3631 eterra
1101 3581 1126 3627 et
1138 3581 1253 3628 cuicum·

136 3668 183 3720 gse
203 3656 306 3705 merito
319 3659 457 3718 permisso.
1165 3648 1168 3711 s

202 3734 246 3786 ct.
261 3735 338 3785 diam
359 3736 406 3786 hoc
421 3735 453 3786 de
468 3740 611 3801 argumento
629 3739 746 3788 iirouwer
762 3741 800 3789 De
816 3740 878 3789 iare
893 3737 1107 3789 commeminit.
1123 3751 1145 3787 c.
1158 3744 1196 3788 to.
1211 3737 1255 3799 qai

134 3813 262 3866 mais
276 3813 461 3866 conditionibus
474 3817 551 3868 addit:
566 3837 579 3862 a
590 3820 656 3869 iiaec
668 3821 693 3868 et
710 3818 759 3869 aiis
775 3819 848 3881 pirna
860 3818 992 3870 divertenti
1004 3816 1256 3877 iudaaoobaerranda

137 3894 212 3957 isere,
225 3907 291 3958 quae
303 3895 387 3944 omnia
402 3895 424 3945 si
438 3897 584 3948 recensenda
601 3899 689 3960 forent,
700 3900 822 3962 integrum
840 3902 990 3962 occuparent
1006 3898 1112 3960 tibrum,
1126 3896 1254 3967 discribit

135 3973 465 4026 &immeditatem
478 3975 593 4027 minimas
601 3976 633 4027 ob
645 3989 732 4026 causas
742 3977 849 4027 divortia
859 3977 1011 4039 admiserint,
1024 3976 1111 4026 modus
1122 3975 1253 4026 terrendi·
1282 3975 1284 3980 '
1344 3982 1347 3987 ’

142 4054 249 4106 rertendi
266 4053 330 4105 adeo
346 4053 472 4106 diiticiiem
483 4057 615 4106 roiuemnt
634 4056 750 4119 tiabbini,
762 4060 790 4106 nt
802 4058 833 4107 ab
850 4057 880 4107 iis
891 4058 924 4107 ob
938 4071 1028 4120 moras,
1041 4056 1175 4117 ructamine,
1189 4066 1255 4107 sum·

139 4137 192 4199 abra
205 4139 231 4187 et
242 4134 403 4186 difficultates
416 4135 597 4187 deterrerentur
615 4136 704 4200 mariti;
722 4136 845 4201 simulque
859 4136 919 4187 durn
932 4136 1091 4187 haecomnia
1107 4135 1153 4185 rite
1167 4145 1252 4197 perau-

142 4218 187 4280 trr,
206 4220 234 4268 nt
247 4216 343 4267 interea
354 4228 385 4265 er
404 4215 538 4267 amicorum
559 4216 741 4280 intercessione,
751 4215 888 4267 subsideret
897 4218 922 4267 et
937 4215 1089 4278 mitigaretur
1105 4214 1188 4265 mariti
1206 4214 1253 4272 ira·

141 4296 241 4361 cmdia,
259 4299 285 4349 ei
304 4295 405 4346 dirortii
425 4296 480 4348 loeo
493 4299 635 4360 sequmetur
653 4296 734 4362 potius
753 4295 927 4361 redintegratio
945 4295 1080 4358 coniugalis
1098 4292 1221 4347 amoris.»
