2796 5064
152 368 222 440 190
272 388 334 440 ιιι.
354 388 404 440 ιιι.
425 386 512 439 sacr.
533 387 664 438 sarm.
680 387 722 439 nr
743 387 856 439 urnas.
877 386 1117 443 urracam.

225 509 261 580 h.
289 506 475 581 desumunt
491 505 609 580 morali
634 505 700 605 legi
727 505 869 580 dissolui
890 505 1088 605 coniugium
1102 505 1150 582 cb
1167 507 1257 583 lomi·

149 623 315 697 sationem
340 621 476 696 aliudve
500 621 688 720 flagitium,
716 622 808 722 quod
832 621 916 695 illud
942 623 1185 721 praecesserit,
1204 624 1257 696 mi·

150 738 242 811 nime
265 763 345 812 vero
358 736 399 811 'si
426 737 627 811 adulterium
654 754 713 812 aut
736 737 831 810 aliud
860 738 986 811 crimen
1017 737 1257 813 matrimonium

150 852 396 953 subsequatur;
417 868 563 927 attamen
580 853 633 926 vel
650 852 726 952 ipso
743 851 886 927 naturali
906 850 1034 926 lumine
1058 869 1257 954 compertum

147 983 201 1041 est
223 968 322 1067 longe
347 968 483 1067 gravius
513 995 590 1043 esse
619 968 775 1042 adulterii
801 994 904 1067 quam
929 966 1097 1066 simplicis
1123 967 1257 1043 fornica

148 1082 250 1158 tionis
268 1083 393 1157 odmen
415 1084 591 1183 magisque
617 1083 735 1158 momli
761 1083 826 1182 legi
853 1081 938 1157 illud
963 1109 1066 1184 quam
1088 1082 1181 1157 istud
1207 1083 1257 1158 ad·

148 1198 288 1272 versari.
304 1200 373 1272 lam
398 1226 478 1273 vero
504 1200 590 1301 ipsis
616 1200 819 1288 latentibus,
841 1200 876 1272 in
893 1200 967 1298 lege
987 1199 1178 1274 christiana
1199 1224 1257 1276 nou

147 1311 343 1387 dissolvitur
360 1315 565 1389 matrimonii
584 1314 756 1389 vinculum
774 1331 910 1416 propter
927 1313 1148 1402 adulterium
1166 1314 1257 1413 igitur

147 1428 179 1501 si
203 1455 317 1503 secum
344 1431 411 1532 ipsi
436 1431 616 1506 cohaerere
643 1431 766 1519 velint,
790 1431 958 1505 fateantur
979 1455 1119 1504 necesse
1136 1447 1257 1505 estuat

147 1543 288 1619 dissolvi
314 1562 449 1647 propter
467 1547 734 1632 fornicationem,
755 1573 844 1647 quae
866 1546 1001 1646 nuptias
1022 1546 1257 1645 praecesserit⁴

146 1685 379 1760 quaecumque
404 1661 538 1735 demum
565 1662 629 1736 hac
654 1689 757 1762 super
782 1689 817 1736 re
842 1661 942 1734 luerit
966 1659 1168 1735 iudaeorum
1193 1686 1257 1734 seu

146 1775 250 1849 tiendi
277 1768 381 1867 ratio,
408 1777 499 1879 quod
525 1777 673 1865 scilicet,
695 1777 888 1852 censuerint
913 1776 1005 1850 iuxta
1029 1774 1257 1859 adversarios,

145 1916 292 1966 errorem
317 1908 376 1966 aut
400 1895 622 1991 ignorantiam
645 1893 734 1967 circa
760 1891 985 1966 innocentiam
1003 1906 1037 1963 et
1053 1889 1257 1964 honestatem

145 2004 266 2081 ductae
279 2009 411 2096 uxoris,
432 2035 535 2109 quam
550 2026 665 2109 postea
683 2028 742 2081 aut
760 2006 990 2093 fornicariam,
1011 2020 1070 2078 aut
1086 2003 1159 2078 alio
1173 2003 1257 2102 gran

145 2120 267 2196 delicto
298 2122 465 2197 foedatam
495 2125 602 2199 luisse
631 2123 929 2224 deprehenderint.
959 2120 1056 2208 Quod
1081 2137 1175 2194 carto
1199 2117 1257 2220 ipsi

78 2227 80 2230 ’
145 2236 289 2336 probare
313 2254 503 2338 nequeunt,
532 2240 592 2314 sed
618 2239 722 2338 gratis
747 2252 937 2314 assumunt.
962 2234 1124 2336 Adeoque
1142 2260 1207 2310 nec
1228 2234 1257 2308 iu

145 2349 211 2425 hac
234 2351 416 2452 hypothesi
438 2352 604 2428 eiusmodi
631 2354 796 2453 expositio
814 2350 946 2426 admitti
967 2365 1090 2450 potest.

218 2464 314 2552 Quae
336 2492 412 2539 cum
438 2466 484 2540 ita
511 2493 549 2541 se
574 2467 744 2555 habeant,
771 2494 812 2540 ex
837 2493 875 2540 se
899 2464 1083 2540 concidunt
1106 2462 1257 2564 quaeah

144 2578 200 2653 his
229 2581 466 2682 interpretibus
496 2584 682 2681 excogitata
708 2599 787 2657 sunt
814 2598 884 2656 tum
911 2581 954 2653 de
981 2581 1077 2653 litera
1093 2596 1128 2653 et
1145 2582 1257 2680 spiritu

143 2695 328 2770 sententiae
353 2697 500 2785 Christi,
521 2700 580 2798 qui
599 2698 706 2772 noluit
722 2714 760 2771 ut
774 2691 1012 2798 vpermanerent
1031 2695 1257 2781 matrimonia,

142 2810 267 2911 quibus
293 2812 469 2887 fornicatio
495 2813 696 2913 pmeiverit3
725 2829 796 2887 tum
821 2813 865 2885 dc
887 2810 1081 2896 Matthaec,
1110 2809 1174 2911 qui
1205 2835 1257 2911 pm

142 2922 475 3000 iudaea-christianis
502 2927 691 3028 scripserit,
712 2953 753 3000 ac
771 2926 814 3000 de
831 2951 893 3000 auo
919 2923 1108 2999 clausulam
1134 2927 1205 2999 aiei
1225 2923 1257 2998 cl

141 3039 387 3139 fornicationem
412 3042 446 3113 in
472 3068 548 3115 eum
576 3042 675 3115 linem
701 3040 877 3128 adiecerit,
899 3054 937 3113 ut
953 3037 1175 3139 persuaderet
1191 3039 1254 3126 eis,

142 3153 255 3230 adhuc
279 3183 494 3254 perseverare
522 3156 732 3230 dissolvendi
760 3157 917 3255 coniugia
942 3155 1135 3231 facultatem
1162 3155 1256 3231 etiam

140 3271 253 3368 quoad
265 3270 436 3345 vinculum
450 3330 458 3358 ,
474 3288 544 3344 tum
557 3271 705 3371 denique
723 3272 766 3346 de
784 3273 905 3372 spiritu
923 3271 1096 3345 doctrinae
1113 3269 1256 3345 biblicae

141 3383 234 3455 iuxta
258 3411 358 3484 quem
385 3387 470 3485 parti
493 3387 661 3460 innocenti
681 3389 734 3462 ius
752 3387 903 3463 solvendi
922 3385 1071 3483 coniugii
1091 3385 1253 3485 integrum

140 3515 285 3574 maneat.
308 3502 402 3589 Quae
428 3505 564 3604 quidem
589 3506 702 3578 omnia
726 3505 841 3593 salsis,
866 3531 955 3605 quae
971 3517 1109 3589 vocant,
1131 3527 1253 3604 suppo-

140 3616 216 3690 sitis
230 3643 269 3691 ιο
282 3618 429 3692 liberiori
444 3622 576 3720 exegesi
595 3622 799 3710 innituntur,
821 3648 908 3723 quae
923 3621 1112 3695 doctrinam
1130 3618 1250 3695 Christi

139 3731 280 3832 eiusque
298 3735 331 3806 in
350 3762 435 3812 nova
453 3737 526 3836 lege
543 3739 771 3813 oeconomiam
790 3763 929 3838 prorsus
947 3736 1160 3811 subvertunt.
