2796 5064
346 408 414 460 our.
431 410 464 458 r.
484 409 523 459 os
541 408 649 459 sonus.
667 410 794 459 rursus.
812 410 906 459 uurn.
921 411 990 459 tur.
1008 411 1042 459 n.
1185 389 1252 458 iot

133 555 271 630 quam,
304 527 415 601 iubeo.
446 527 554 601 Nolite
584 528 674 600 viros
704 544 833 600 vestros
863 528 1052 625 permittere
1083 528 1250 601 fornicari.

138 642 352 744 luter-pellois
376 659 492 718 contra
518 642 594 717 illos
620 644 810 717 ecclesiam.
832 645 904 717 Non
923 643 1018 730 dico,
1041 644 1169 717 iudices
1193 670 1255 742 pu-

139 759 264 845 blicos,
296 784 364 833 non
394 758 644 858 proconsulem,
671 784 737 832 non
766 758 946 843 vicarium,
980 785 1060 832 non
1081 760 1253 844 comitem,

138 899 206 948 non
232 875 486 976 imperatorem
508 875 568 948 sed
593 875 777 947 Christum.
799 876 836 946 ln
855 876 995 948 caeteris
1013 874 1171 949 omuibus
1198 900 1258 948 an-

136 990 240 1064 cillae
263 1006 372 1065 estote
395 991 544 1066 virorum
570 1007 776 1076 vestrorum,
806 989 962 1063 subditas
979 991 1022 1062 ad
1041 990 1254 1090 obsequium.

139 1105 242 1179 llulla
267 1105 369 1179 sitin
393 1105 490 1181 uobis
515 1106 736 1206 protervitas,
765 1105 857 1178 nulla
884 1106 1061 1206 superbia,
1088 1131 1155 1179 non
1172 1115 1261 1180 'eon-

139 1220 321 1295 tumeliosa
345 1221 473 1308 ceruix,
501 1247 568 1296 non
595 1221 711 1322 eliqua
737 1221 981 1296 inobedientia:
1004 1248 1142 1322 prorsus
1176 1237 1260 1295 mm-

138 1361 245 1436 quam
266 1335 409 1410 ancillae
430 1337 563 1410 servite.
586 1337 650 1410 Sed
674 1337 734 1410 ubi
760 1353 896 1411 ventum
914 1337 1016 1411 luerit
1034 1337 1076 1410 ad
1095 1336 1180 1409 illud
1202 1363 1260 1410 ne-

138 1451 288 1548 gotium,
307 1451 367 1524 nbi
385 1478 447 1526 vos
468 1452 588 1527 beatus
605 1453 786 1553 Apostolus
804 1454 979 1554 aequavit,
998 1452 1131 1527 dicens:
1157 1452 1264 1526 Uuori

138 1566 196 1637 oir
211 1563 356 1637 delitum
372 1566 506 1651 reddet,
523 1568 676 1639 similiter
692 1583 723 1639 et
742 1591 827 1640 umor
843 1570 915 1639 ciro
927 1595 945 1638 .·⁴
956 1566 1156 1640 subintulit:
1176 1593 1262 1640 neor

139 1705 209 1752 non
234 1681 329 1754 babet
349 1696 539 1780 potestatem
563 1685 705 1780 corporis
729 1686 785 1755 sui
795 1738 803 1767 ,
831 1682 889 1756 sed
905 1684 970 1755 vir.
993 1682 1082 1769 Quid
1105 1698 1137 1756 te
1158 1681 1263 1756 extol-

141 1793 212 1869 iis?
229 1794 317 1867 audi
344 1796 436 1896 quod
460 1797 631 1898 sequitur:
651 1797 813 1869 Similiter
837 1812 868 1869 et
884 1798 939 1869 vir
954 1824 1018 1869 nnn
1036 1797 1131 1870 lebet
1153 1822 1263 1895 corpo-

138 1912 192 1983 n's
216 1912 273 1982 sui
290 1925 499 2008 potestatem,
528 1912 584 1984 sed
608 1912 736 1983 mulier.
759 1910 820 1984 Ubi
841 1913 884 1986 ad
903 1912 967 1986 boc
983 1927 1122 1986 ventum
1143 1912 1259 1998 luerit,

140 2025 287 2100 damete
304 2050 365 2124 pro
384 2027 703 2100 novatianorum
722 2042 815 2098 tuum
834 2027 949 2100 vendit
966 2027 1107 2102 maritus
1126 2051 1186 2128 pro
1204 2052 1263 2098 ne-

138 2139 302 2214 cessitate
318 2167 398 2214 sua:
418 2141 501 2214 serto
515 2141 672 2226 foemina,
686 2141 770 2215 lerto
783 2140 918 2215 ancilla.
929 2202 935 2213 .
945 2141 1139 2215 tentemus
1151 2142 1264 2216 omnia

142 2268 284 2352 propter
309 2279 455 2328 amorem
480 2255 544 2328 viri
571 2255 632 2327 tui.
654 2254 718 2328 Sed
744 2271 874 2329 castum
900 2271 995 2357 opta,
1025 2282 1086 2356 pro
1111 2256 1264 2330 castitate

141 2368 253 2466 litiga.
276 2369 443 2443 Patienter
468 2385 584 2469 pereat
607 2369 688 2444 villa
713 2387 789 2458 tua,
810 2397 877 2445 non
895 2373 1009 2445 anima
1026 2371 1136 2472 ipsius
1155 2386 1187 2444 te
1204 2397 1265 2470 pa-

141 2485 248 2558 tiente
272 2500 386 2585 pereat
407 2485 652 2581 (38).nl⁷erum
671 2486 772 2559 etiam
792 2483 849 2559 hic
866 2512 989 2583 magua
1007 2511 1094 2584 opus
1111 2500 1163 2559 est
1184 2511 1265 2584 pru-

139 2598 271 2685 dentia,
289 2624 332 2673 ne
343 2599 483 2699 proinde
500 2616 624 2673 temere
641 2624 679 2672 se
696 2614 827 2695 gerant,
845 2598 1088 2698 exquirendum
1101 2598 1189 2697 ipsis
1202 2598 1266 2672 erit

140 2713 232 2787 docti
258 2715 322 2788 viri
353 2715 554 2802 consilium,
583 2715 643 2814 qui
677 2739 735 2813 pro
766 2740 876 2786 rerum
908 2712 1079 2786 adiunctis
1109 2728 1266 2810 suggeret

142 2829 231 2930 qnid
257 2828 450 2904 laciendum
478 2830 523 2903 sit
543 2832 634 2926 (39).

220 2944 319 3032 Quod
346 2960 514 3045 postremo
540 2944 612 3018 loco
630 2944 753 3018 obiecit
772 2943 950 3032 Erasmus,
971 2970 1038 3019 non
1055 2968 1133 3018 esse
1150 2941 1267 3014 timen-

145 3058 248 3146 dum,
278 3087 320 3133 ne
345 3058 631 3135 dissolutionibus
657 3062 828 3160 perpetuis
854 3059 1040 3159 periculum
1070 3057 1264 3144 immineat,

146 3174 296 3249 adducto
320 3175 474 3275 exemplo
498 3175 711 3250 ethnicorum
737 3200 841 3275 penes
868 3201 954 3275 quos
980 3200 1065 3248 suus
1091 3173 1268 3249 constabat

147 3292 363 3366 matrimonio
393 3291 519 3380 bonos,
547 3293 704 3393 quamvis
737 3291 828 3391 apud
859 3293 953 3390 ipsos
983 3306 1138 3396 mutuum
1168 3288 1270 3363 luerit

142 3406 283 3480 divortii
320 3409 403 3494 ius,
448 3407 570 3482 lalsum
603 3434 678 3481 esse
712 3423 781 3479 tum
818 3407 979 3480 historice
1014 3422 1084 3479 turn
1123 3405 1269 3506 practice

145 3538 253 3621 patet.
275 3523 410 3597 Falsum
440 3521 578 3624 quidem
604 3523 781 3608 historice,
809 3523 892 3623 quia
922 3539 1128 3624 compertum
1152 3536 1205 3594 est
1229 3547 1269 3593 ex

141 3638 297 3711 omnium
331 3640 481 3737 gentium
507 3641 747 3740 antiquarum,
781 3640 810 3712 si
844 3666 948 3713 unarn
982 3637 1066 3713 forte
1099 3636 1152 3712 vel
1187 3635 1270 3709 alte-

143 3779 218 3827 ram
235 3755 384 3854 excipias
402 3755 437 3826 in
456 3781 519 3838 sua
537 3754 650 3828 adhuc
667 3755 810 3828 infantia
835 3755 1012 3852 degentes,
1038 3752 1265 3836 documentis,

142 3866 223 3939 ideo
252 3867 305 3940 vel
340 3870 485 3942 maxime
518 3870 793 3970 corruptissimus
823 3870 974 3944 extitisse
1006 3868 1098 3969 quod
1128 3863 1269 3966 repudia

141 3984 277 4081 praeter
294 3982 431 4057 modum
445 3984 697 4084 frequentarent
709 3984 799 4081 (li).
813 3986 950 4059 Possem
973 3982 1173 4057 documenta
1185 3981 1270 4055 haec

223 4201 274 4262 (ts)
290 4202 366 4251 serm.
379 4202 517 4252 cccxcii.
528 4215 583 4264 esp.
592 4205 634 4251 lv.
646 4205 709 4266 opp.
722 4201 761 4252 od.
775 4205 852 4252 Maur.
863 4204 924 4252 tom.
934 4203 965 4250 V.
979 4200 1027 4251 col.
1041 4205 1110 4252 15⁰5.

223 4282 275 4344 (³9)
292 4282 331 4333 ci.
342 4282 476 4332 Trcmbelli
495 4286 532 4332 Dc
549 4285 665 4332 matrim.
676 4284 737 4332 tom.
749 4285 780 4332 ll.
793 4283 854 4333 diss.
864 4285 918 4332 Vll.
928 4282 1053 4332 Bononiae
1065 4285 1132 4332 tiit.

221 4363 273 4423 (to)
290 4361 407 4412 sitisset
422 4362 460 4411 vel
479 4362 563 4411 leuiter
582 4375 737 4426 percurrere,
759 4375 822 4424 quoe
840 4363 871 4412 de
889 4361 1008 4413 facilitate
1024 4361 1187 4412 divortiorum
1198 4370 1272 4424 penes
