2796 5064
140 346 183 414 ῃ
304 370 363 417 tlu.
386 370 432 416 lll.
455 369 540 417 SEGT.
565 372 587 417 l.
611 371 648 417 uu
674 371 768 418 lldlll.
785 371 908 421 (llllllST.
927 371 1072 420 unitus.

140 479 230 572 rent;
256 505 371 559 contra
397 511 475 559 uero
503 489 550 559 uti
578 487 682 559 lutum
713 486 895 587 platearum
923 489 999 560 illas
1024 515 1141 560 omnes
1174 515 1253 562 con-

140 603 240 673 temni
262 618 295 673 et
315 603 489 700 despectui
511 602 625 675 haberi
652 630 739 701 quae
766 604 965 677 contrariam
988 604 1076 675 viam
1100 603 1249 675 inierint.

140 718 176 787 ln
199 744 267 816 qua
288 718 452 790 sententia
480 719 700 815 perditissimi
727 720 827 790 ctiam
852 718 1007 791 homines
1035 737 1250 817 permanent,

138 836 196 931 qui
224 832 292 904 illis
317 860 418 933 prave
443 833 626 906 abutuntur
643 861 769 932 easque
788 832 971 920 seducunt,
993 852 1031 906 ut
1047 836 1254 933 experientia

140 949 335 1046 quotidiana
361 949 531 1047 patefacit,

204 1065 310 1139 Velint
323 1067 424 1163 igitur
437 1066 543 1139 nolint
557 1068 800 1141 sansimoniani
815 1085 849 1140 et
860 1067 1104 1142 communistae
1117 1094 1249 1153 omnes,

140 1206 205 1252 non
232 1179 299 1254 alia
323 1182 492 1279 dignitas,
519 1209 584 1255 non
611 1182 678 1254 alia
704 1183 885 1279 excogitari
917 1182 1054 1254 libertas
1086 1181 1254 1254 foeminae

142 1312 251 1393 potest
278 1313 505 1396 praeteream
532 1324 632 1399 quam
660 1298 885 1371 sanctissimis
911 1298 984 1369 suis
1009 1296 1141 1394 legibus
1165 1298 1253 1369 chri-

140 1413 249 1485 stiana
274 1413 390 1510 religio
408 1416 437 1487 ei
457 1415 665 1514 comparavit
681 1433 714 1487 et
731 1413 883 1487 contulit.
906 1414 997 1485 Haec
1018 1411 1091 1485 sola
1108 1411 1254 1508 fulgente

140 1527 274 1600 aureola
305 1530 378 1602 eius
410 1529 550 1602 lrontem
582 1530 713 1603 ornavit
738 1554 826 1628 quae
855 1527 1028 1600 mulierem
1058 1526 1253 1599 christianis

141 1642 334 1716 bominibus
355 1644 653 1716 commendabilem
681 1643 838 1715 reddidit.
862 1645 953 1715 Haec
980 1642 1052 1715 sola
1074 1641 1253 1714 foeminam

140 1785 160 1830 a
185 1759 310 1831 misera
334 1758 392 1831 illa
418 1760 604 1832 deiectione
628 1762 734 1832 erexit
759 1760 794 1830 in
819 1785 921 1859 quam
948 1757 1196 1857 polytbeismus
1216 1782 1254 1829 ac

140 1873 245 1947 falsae
278 1874 455 1971 religiones
483 1875 635 1948 eamdem
671 1877 903 1961 coniecerant,
933 1892 965 1947 et
989 1876 1023 1946 in
1049 1900 1118 1972 qua
1143 1873 1254 1945 adhuc

139 2008 316 2063 versantur
341 1991 431 2089 apud
456 1991 600 2090 populos
626 2017 766 2076 omnes,
796 1992 852 2090 qui
888 1989 1037 2064 nondum
1062 1988 1255 2085 evangeliea

140 2105 213 2177 luce
237 2104 420 2178 collustrati
447 2122 546 2192 sunt,
570 2124 607 2179 ut
632 2133 754 2206 nempe
781 2106 938 2179 mulieres
965 2104 1170 2190 habeantur,
1201 2119 1257 2175 aut

139 2219 240 2292 reluti
274 2221 458 2293 animantia
486 2221 585 2294 bruta
612 2223 654 2294 ad
683 2248 785 2294 onera
811 2220 948 2294 lerenda
972 2221 1140 2292 destinata
1166 2217 1256 2317 apud

141 2334 322 2420 barbaros,
343 2352 401 2408 aut
417 2337 519 2409 veluti
546 2338 768 2410 instrumenta
794 2336 1000 2434 voluptatum
1020 2361 1122 2435 penes
1140 2349 1257 2430 gentes

140 2450 289 2523 excultas
306 2454 395 2545 (43).

206 2567 292 2638 Hinc
304 2567 478 2641 verissime
493 2569 634 2642 illustris
649 2588 764 2642 auctor
776 2569 956 2642 affirmavit
968 2565 1256 2639 christianismum

141 2682 317 2754 foeminam
338 2683 526 2756 reddidisse
544 2711 603 2757 ens
622 2684 871 2783 quodammodo
889 2682 1154 2781 supernaturale,
1177 2681 1258 2779 quia

140 2824 213 2869 eam
227 2823 330 2897 supra
342 2798 566 2873 conditionem
585 2827 686 2900 quam
706 2799 869 2872 naturalis
884 2799 958 2872 eius
972 2811 1123 2898 posceret
1140 2796 1258 2869 condi-

141 2914 187 2986 tio
208 2916 317 2988 evexit
332 2918 421 3010 (ll).
440 2916 571 3003 Quibus
593 2917 718 2990 addere
735 2943 918 3017 possumus
942 2941 1045 2988 novas
1066 2914 1128 2986 has
1147 2931 1257 2987 sectas

84 3083 87 3087 -
142 3030 318 3102 foeminam
346 3030 433 3103 inlra
463 3033 648 3106 naturalem
681 3032 907 3105 conditionem
933 3057 1071 3131 prorsus
1097 3029 1255 3102 deiicere.

214 3146 255 3216 Ut
272 3147 373 3242 igitur
390 3149 478 3246 quod
498 3150 746 3248 assumpsimus
769 3147 1028 3233 concludamus,
1051 3172 1113 3218 nec
1130 3144 1258 3217 diutius

142 3261 256 3332 hocin
275 3278 469 3358 argumento
491 3289 681 3349 versemur,
711 3279 842 3336 constat
868 3261 1123 3362 polyandrium,
1155 3260 1259 3334 multo

213 3447 263 3508 (tt)
280 3449 346 3497 Inter
354 3448 437 3511 phares
448 3461 511 3509 qnos
522 3461 645 3499 recensere
655 3461 750 3512 possem
763 3449 836 3498 huius
847 3451 978 3498 assertores
988 3424 1100 3496 irritatis
1112 3459 1188 3495 unum
1201 3446 1258 3496 alle·

143 3539 194 3575 rem
205 3527 348 3589 Bucnanan,
360 3527 403 3589 qui
413 3527 598 3578 animadvertit:
608 3532 693 3578 «Dana
700 3529 757 3578 tous
768 3529 803 3578 les
812 3541 870 3592 pays
879 3528 912 3577 ou
922 3527 946 3577 le
956 3526 1134 3576 christianismo
1144 3538 1176 3576 ne
1187 3526 1259 3588 regne

65 3642 68 3649 ι
141 3619 197 3669 pas,
214 3619 246 3656 on
263 3608 366 3657 observo
377 3620 425 3657 une
435 3609 542 3658 certainc
559 3607 702 3659 tendencea
713 3610 737 3659 la
747 3608 906 3671 degradatlon
917 3607 960 3658 des
973 3607 1099 3656 summes.»
1112 3605 1255 3656 cernuae.

143 3685 297 3736 Rerenrchea
308 3689 334 3735 tn
345 3690 407 3736 Astu
417 3689 465 3737 etc.
477 3687 507 3750 by
519 3689 560 3737 ttrc
571 3702 621 3736 rev.
633 3688 753 3738 Claudius
765 3685 1049 3738 bisunianensem.
1062 3693 1129 3734 teta.
1143 3699 1167 3747 p.
1178 3693 1216 3736 56.

214 3768 263 3826 (tt)
279 3769 368 3817 comes
386 3767 416 3817 de
435 3768 534 3817 Maistre
556 3769 580 3817 in
603 3783 643 3832 op.
662 3772 702 3818 Du
720 3772 804 3832 Pone,
824 3768 879 3817 tirr.
893 3769 936 3815 ΙΙΙ.
948 3767 987 3814 cb.
1002 3765 1188 3815 [cunevethe
1200 3766 1258 3815 hacc

142 3848 214 3895 sonti:
232 3846 314 3896 «c’est
323 3845 353 3897 de
366 3847 400 3896 lul
412 3847 421 3908 (
431 3847 627 3910 christianismo)
637 3849 727 3911 qu’elte
741 3849 803 3898 tient
816 3850 885 3897 toute
900 3860 926 3895 sa
940 3846 1040 3908 dignito.
1049 3849 1084 3896 La
1096 3846 1185 3895 femme
1195 3847 1260 3895 chre·

142 3925 223 3974 tienne
242 3929 279 3975 est
296 3927 417 3977 vraiment
434 3939 466 3976 uu
486 3930 538 3977 ttre
552 3929 722 3992 seruatum,
741 3928 887 3993 puisqu’elle
905 3929 942 3977 est
960 3927 1073 3977 soulero'c
1085 3930 1110 3976 ct
1121 3927 1260 3976 rnaintenur·

143 4020 186 4069 par
207 4007 241 4055 tut
257 4006 355 4069 juequ'a
373 4021 406 4056 un
422 4007 488 4068 etat,
508 4008 550 4070 qui
567 4022 597 4058 ne
611 4008 647 4059 lui
659 4013 695 4059 est
707 4023 751 4074 pas
762 4007 896 4058 maturet.»

214 4087 349 4137 Nonnullae
365 4088 438 4137 attam
450 4089 537 4138 haedo
550 4102 576 4138 re
586 4091 802 4140 commentationes
819 4088 852 4138 cl.
864 4088 930 4152 apud
945 4088 978 4138 el.
989 4087 1098 4138 Tullium
1110 4087 1225 4136 Dandolo
1234 4086 1259 4136 in

143 4165 246 4228 01).ch
262 4167 452 4217 crtsttonestmo
467 4171 589 4218 noscente
601 4168 643 4218 ubl
654 4170 704 4232 agit
715 4168 746 4219 da
757 4171 785 4219 B.
794 4168 909 4231 Virgine,
923 4167 990 4231 quod
1008 4171 1082 4230 caput
1098 4166 1260 4230 praemissum

142 4248 179 4294 ret
197 4245 266 4296 alteri
287 4245 396 4296 eiusdem
416 4248 523 4297 auctoris
541 4249 607 4312 operi
627 4249 804 4298 L'tnrttastonr
815 4246 842 4297 dt
854 4249 920 4299 Genu
935 4249 1027 4298 cristo.
1039 4259 1151 4295 recursum
1164 4245 1255 4295 Media·

144 4324 192 4373 tani
206 4329 271 4375 tant.
285 4338 339 4388 pap
351 4330 389 4376 ⁶7.
