2796 5064
193 417 262 483 car.
278 415 315 466 rr.
332 415 373 466 orr
386 416 498 468 rxurss.
514 417 611 468 narn.
628 417 660 467 ru
674 416 764 467 crus.
781 415 892 466 nourr.
910 417 981 467 rar.
999 418 1034 468 rr.
1113 398 1182 468 tra

79 535 106 605 in
124 534 196 631 lege
220 533 371 609 mosaica
391 532 650 608 invalescentem
667 551 701 608 et
719 535 888 633 primevae
907 533 1109 610 institutioni
1127 563 1183 612 so-

74 649 196 724 rietatis
208 648 397 748 coniugalis
409 649 642 724 adversantem
655 649 855 747 castigasse,
868 675 984 723 verum
997 651 1097 724 etiam
1111 678 1185 726 nor·
1222 742 1226 753 α

69 792 149 838 mam
176 765 374 840 exhibuisse
392 765 435 840 ad
461 792 564 866 quam
587 765 801 840 matrimonia
823 792 961 839 suorum
982 783 1184 842 sectatorum

67 880 223 981 deinceps
249 880 415 980 exigenda
440 882 529 970 sint,
557 908 597 956 ao
623 881 765 983 proinde
789 882 880 955 hunc
904 881 1014 956 locum
1043 882 1076 956 ri
1102 883 1185 957 obli-

63 997 160 1094 gandi
188 1024 252 1097 pro
272 998 491 1073 sectatoribus
512 1000 588 1073 lesu
607 998 797 1098 praeditum
817 1023 912 1085 esse;
934 997 968 1070 in
987 998 1054 1073 alio
1071 1016 1183 1074 autern

62 1111 150 1200 loco,
176 1140 240 1188 seu
256 1141 332 1217 cap.
353 1116 390 1189 V.
413 1117 524 1190 lesum
544 1115 678 1189 nonnisi
698 1115 947 1188 matrimonium
970 1116 1181 1214 superiorum

60 1243 246 1327 temporum
270 1229 512 1329 expendentem
537 1229 640 1303 llosis
673 1228 835 1303 lormulae
866 1229 1056 1315 institisse,
1090 1257 1183 1303 eanr-

58 1369 119 1442 que
145 1343 374 1442 explicuisse,
402 1360 434 1419 et
457 1346 609 1434 dixisse,
637 1373 739 1418 unam
765 1361 893 1418 tantum
919 1344 992 1417 dari
1022 1349 1067 1440 (e
1095 1344 1181 1442 legis

60 1458 229 1532 mosaicae
246 1460 389 1559 spiritu)
408 1460 539 1560 repudii
554 1487 705 1546 oausam,
724 1486 845 1559 nempe
863 1459 1075 1546 adulterium,
1097 1460 1182 1532 citra

57 1599 154 1672 quam
173 1573 321 1648 divortia
340 1575 409 1648 sint
430 1576 542 1662 irrita;
571 1575 663 1649 hune
684 1576 788 1672 igitur
808 1575 916 1648 locum
937 1573 980 1646 ad
1003 1573 1179 1647 ecclesiam

58 1687 258 1762 catholicam
273 1716 340 1764 non
358 1691 524 1790 pertinere
544 1694 633 1788 (37).
653 1721 671 1760 u
692 1690 912 1764 Contra'uero
930 1690 978 1761 lo.
992 1687 1068 1760 Ant.
1083 1690 1181 1786 lager

59 1819 171 1877 oenset
195 1803 290 1878 locos
311 1806 427 1878 Matth.
448 1807 535 1878 xlx.
563 1820 596 1879 et
619 1807 657 1878 V.
687 1807 720 1877 in
746 1832 786 1879 eo
812 1805 945 1878 realiter
969 1804 1011 1876 ab
1038 1804 1180 1877 invicem

61 1919 214 2008 differre,
244 1921 336 2021 quod
362 1923 396 1994 in
423 1923 526 2023 priori
554 1949 626 1996 seu.
654 1923 743 1994 xlx.
774 1923 868 1995 lesus
894 1921 1028 1994 nonnisi
1055 1920 1180 1993 mosai-
1276 1927 1280 1939 '

57 2061 122 2108 cam
146 2036 258 2135 legem
283 2036 327 2110 de
344 2037 496 2113 divortiis
522 2039 667 2138 explicet
686 2054 719 2111 et
742 2037 907 2124 declaret,
937 2037 970 2108 in
997 2036 1175 2135 posteriori

58 2168 190 2237 autem,
222 2177 344 2252 nempe
361 2153 399 2226 V.
429 2154 496 2226 iam
521 2153 647 2227 directe
672 2169 797 2228 statuat
816 2153 908 2252 quod
933 2151 996 2226 suh
1019 2151 1176 2249 analoga

56 2267 93 2340 de
116 2267 257 2343 vinculo
280 2269 484 2342 matrimonii
510 2268 680 2343 observari
706 2268 812 2342 voluit
840 2270 928 2364 (38).

124 2386 159 2456 l.
189 2384 256 2457 Alii
282 2385 529 2482 distinguentes
556 2384 642 2460 inter
665 2369 841 2481 πορνείαν
858 2398 893 2455 et
906 2367 1091 2478 μοιχείαν
1118 2407 1174 2454 ar-

54 2493 160 2570 bitrati
181 2514 263 2571 sunt
284 2525 401 2574 rocem
425 2487 584 2598 πορνεία
610 2499 700 2600 apud
718 2499 921 2572 Matthaeum
941 2524 1008 2571 non
1025 2523 1102 2570 esse
1119 2497 1172 2569 in·

51 2612 265 2712 telligendam
282 2615 325 2689 da
342 2616 503 2689 odulterr'o
516 2616 575 2690 sod
589 2619 632 2689 de
644 2617 858 2716 fornicatione
878 2640 994 2713 presse
1012 2627 1168 2711 sumpta,

50 2743 216 2827 quatenus
240 2728 284 2801 ab
308 2729 472 2804 adulterio
497 2730 736 2828 distinguitur,
762 2744 795 2803 et
820 2744 895 2802 onte
919 2726 1170 2800 matrimonium

51 2859 220 2939 patratum
249 2843 334 2919 adeo
358 2862 396 2919 ut
421 2872 545 2920 sensus
563 2847 624 2933 sit,
647 2873 713 2920 non
732 2870 834 2945 posse
855 2841 1028 2915 mulierem
1047 2840 1169 2913 dimitti

50 2957 112 3032 nisi
131 2958 365 3036 fornicationis
383 2988 506 3048 oausa;
529 2961 659 3036 scilicet
676 2961 742 3034 nisi
759 2961 811 3033 vir·
828 2958 977 3032 inueniat
993 2955 1168 3029 mulierem

49 3071 152 3149 luisse
175 3074 271 3174 prius
289 3076 333 3149 ab
349 3076 415 3150 alio
436 3077 614 3165 uiolatam,
641 3076 692 3150 vel
720 3074 837 3150 saltem
865 3071 999 3147 loedurn
1027 3069 1166 3169 aliquod

48 3188 211 3288 flagitium
236 3208 447 3292 perpetrasse
472 3209 550 3267 ante
575 3193 693 3266 initum
723 3188 992 3265 matrimonium:
1022 3213 1101 3258 nam
1132 3186 1169 3258 hi

46 3307 231 3380 extendunt
256 3307 536 3406 significationem
562 3309 655 3382 vocis
680 3291 840 3407 πορνεία
866 3305 909 3379 ad
936 3303 1079 3406 quodvis
1101 3303 1170 3376 loe-

47 3420 124 3494 dum
157 3422 322 3519 flagitium
357 3440 434 3498 ante
467 3425 740 3511 matrimonium,
770 3423 848 3497 licet
878 3437 1000 3520 negent
1033 3418 1167 3493 extendi

46 3538 209 3635 possein
235 3537 290 3612 his
315 3539 399 3614 locis
426 3540 582 3613 Matthaei
609 3540 652 3613 ad
678 3538 877 3612 adulterium
896 3541 986 3633 (39).

118 3657 154 3725 5.
183 3653 325 3727 Demum
345 3656 544 3730 recentiores
562 3655 669 3755 aliqui
689 3655 814 3728 nullam
835 3679 973 3754 prorsus
993 3653 1026 3723 in
1045 3650 1166 3724 horum

122 3824 175 3884 (³7)
191 3825 229 3874 De
242 3826 358 3887 contrait
366 3823 507 3874 cdrtsttaat
519 3823 626 3874 utnonto
642 3821 820 3874 tndtssotudtlt
831 3822 1014 3873 commentatio
1024 3820 1165 3881 erepetica.

44 3901 166 3964 friburgii
186 3909 253 3952 tattt.
271 3901 295 3965 §.
308 3906 331 3952 4,

120 3983 174 4046 (aa)
189 3984 218 4032 tn
234 3997 276 4048 op.
289 3997 365 4046 germ.
381 3986 553 4048 tnrmttpotto
565 3982 592 4034 ln
611 3986 803 4049 qaaesttonem,
821 3986 914 4033 tttrrtm
925 3980 1071 4031 diuortium
1087 3979 1165 4026 tusto

41 4061 194 4114 doctrinam
207 4066 358 4128 scrtptnrue
368 4066 394 4114 ct
405 4066 617 4129 antiquisstmnm
627 4063 765 4114 lrtstorr'om
785 4060 926 4112 ecckmost.
940 4061 1050 4110 trrttrtm
1068 4059 1103 4106 stt
1117 4067 1163 4105 nec

40 4155 72 4193 tre
90 4146 160 4194 18⁰4.
173 4154 229 4206 pag.
243 4150 282 4193 to.
296 4141 386 4192 Eodem
398 4143 518 4193 sententia
528 4142 559 4192 ab
571 4142 627 4192 altis
640 4141 757 4205 adoptata
773 4140 828 4190 luit.

111 4220 166 4284 (att)
181 4224 261 4279 Quam
279 4222 424 4273 sententiam
441 4235 472 4272 ex
492 4222 670 4273 recentioribus
686 4219 876 4285 pmtestantibus
891 4219 969 4268 tuitus
980 4219 1017 4267 est
1031 4213 1161 4266 Pauloaius

41 4302 257 4366 treutrtbergemis
268 4302 294 4352 in
305 4317 347 4367 op.
357 4304 416 4354 Vtto
424 4306 500 4366 lan,
512 4317 558 4354 nec
569 4316 617 4354 non
627 4303 652 4353 in
664 4303 707 4353 cit.
715 4316 754 4365 op,
765 4302 939 4352 commentar.
948 4295 1161 4362 ptrtlotomcocr'a

40 4384 85 4433 tte.
97 4385 126 4434 rt
139 4381 256 4435 aurun.
267 4386 295 4434 tn
308 4385 414 4435 Novam
430 4384 574 4435 momen.
1039 4455 1061 4496 ᾖ
