2796 5064
280 400 565 453 coruscantum
579 404 671 454 runo.
683 404 747 456 cru.
761 405 873 455 ruorss.
885 408 979 456 ιιιιι.
993 409 1064 458 ιιι.
1077 409 1100 458 ι.
1189 388 1260 459 263

142 517 234 617 quod
264 518 397 619 Moyses
423 537 657 609 concesserat,
687 523 816 597 scilicet
841 523 1025 622 perlectum
1060 526 1259 624 repudium;

141 658 223 730 ergo
252 659 314 733 pro
338 651 428 709 certo
456 634 575 709 babuit
600 637 784 711 doctrinam
812 638 900 713 banc
924 640 967 712 ab
989 640 1129 716 ecclesie
1150 642 1265 717 catha

143 747 207 821 lica
226 750 335 824 teneri
353 775 394 823 ιο
411 750 543 839 doceri;
565 777 664 826 secus
682 752 771 826 enim
790 781 974 853 numquam
994 755 1160 854 potuisset
1177 756 1264 829 inter

145 892 183 937 se
205 864 380 939 Christum
398 881 431 939 et
448 868 595 966 lloysem
615 869 841 956 committere,
864 869 1035 969 siquidem
1055 871 1154 944 umba
1177 898 1266 946 eam-

143 979 219 1053 dem
246 980 439 1055 facultatem
464 982 526 1056 Dei
551 982 737 1057 cultoribus
768 984 967 1072 dedissent,
1005 986 1134 1060 scilicet
1163 987 1264 1060 aliam

145 1113 221 1195 post
247 1096 430 1169 divortium
457 1097 602 1172 ducendi
629 1124 786 1185 uxorem,
813 1098 925 1198 priore
947 1099 1090 1174 dimissa
1107 1100 1150 1174 ob
1168 1101 1265 1173 adul-

145 1211 217 1285 terii
239 1237 397 1302 eausam;
418 1213 487 1288 imo
504 1213 603 1312 longe
616 1214 724 1312 magis
738 1240 939 1312 progressus
953 1214 1073 1289 suisset
1086 1214 1260 1302 Christus,

145 1326 202 1426 qui
228 1325 289 1400 illo
311 1326 346 1399 in
371 1353 454 1401 casu
472 1328 682 1429 permisisset
698 1329 901 1417 divortium,
923 1329 957 1400 in
975 1356 1043 1428 quo
1060 1331 1152 1402 iuxta
1172 1330 1266 1430 bloy-

145 1468 213 1515 sem
238 1441 385 1517 luissent
410 1459 516 1518 morte
540 1443 725 1518 mulctandi
752 1443 997 1543 delinquentes.

648 1614 685 1712 p.
715 1613 751 1684 ι.

524 1747 560 1794 De
575 1744 701 1796 clemente
715 1743 883 1795 alexandrino.

212 1876 395 1950 Doctrinae
417 1877 604 1951 catholicae
628 1892 827 1952 assertorem
855 1876 1047 1976 pariterue
1078 1891 1197 1950 testem
1227 1903 1266 1951 se

144 1990 281 2090 praebet
307 1990 462 2067 Clemens
491 1992 578 2067 alex.
603 1993 661 2093 qui
688 2019 825 2068 sensum
848 1993 985 2095 exponit
1013 1991 1184 2066 clausulae
1211 2018 1265 2066 ex·

140 2106 343 2209 ceptionalis
365 2108 457 2207 apud
485 2109 710 2196 Matthaeum,
739 2110 820 2182 dum
847 2137 921 2182 eam
948 2109 990 2182 ad
1017 2109 1265 2208 separationem

140 2237 290 2295 coarctat
314 2222 427 2324 quoad
454 2240 560 2296 torum
583 2223 626 2297 ob
651 2223 807 2297 adulterii
836 2223 1000 2322 flagitium
1036 2220 1264 2296 indissolubili

141 2353 362 2435 permanente
395 2338 541 2437 coniugii
576 2339 726 2413 viuculo.
757 2340 812 2413 Sic
843 2339 932 2412 enim
969 2337 1086 2412 scribit
1122 2335 1181 2408 lib.
1216 2338 1260 2409 ll.

139 2452 298 2524 Stromat.
320 2479 396 2552 cap.
416 2454 535 2526 lllllll.
554 2453 676 2540 «Quod
696 2471 807 2527 autem
826 2455 972 2528 consulit
989 2453 1160 2554 Scriptura
1182 2478 1265 2526 uxo-

140 2591 210 2637 rem
229 2565 367 2654 ducere,
387 2584 420 2640 et
437 2593 499 2641 nec
519 2595 539 2640 a
559 2568 716 2666 coniugio
735 2596 890 2667 umquam
901 2570 1064 2671 permittit
1081 2565 1260 2650 discedere,

140 2677 252 2778 legem
274 2697 389 2781 aperte
407 2681 598 2756 constituit:
619 2682 694 2756 Non
715 2683 857 2755 dimittes
881 2710 1015 2754 umorem
1038 2695 1267 2780 praeterquam

135 2810 273 2893 propter
282 2795 529 2894 fornicationem
545 2797 634 2892 (42).
652 2795 861 2870 Adulterium
875 2813 986 2869 autem
1001 2794 1172 2868 existimat
1185 2820 1267 2866 con·

140 2908 238 3007 iungi
264 2909 499 2998 matrimonio,
530 2911 608 2986 vivo
632 2912 737 2986 altero
761 2940 801 2985 ex
832 2909 1131 3012 separatis....Qui
1154 2923 1266 2982 autem

140 3023 321 3099 dimissam
343 3025 467 3125 accipit
488 3053 625 3100 uxorem
644 3026 858 3115 moechatur,
876 3027 1006 3127 iuquit:
1031 3027 1063 3097 si
1084 3027 1157 3122 qais
1182 3024 1269 3095 enim

138 3139 306 3213 dimiserit
331 3169 486 3228 oaorem,
516 3143 703 3216 moechatur
727 3146 855 3243 ipsam,
886 3142 950 3216 hoc
972 3160 1043 3229 est,
1078 3140 1169 3239 cogit
1192 3165 1268 3212 eam

140 3255 327 3331 moechari.
349 3259 422 3332 Non
449 3258 559 3332 solum
582 3277 693 3332 autem
720 3259 780 3361 qui
806 3258 957 3346 dimisit,
986 3274 1037 3331 est
1054 3257 1128 3329 eius
1146 3280 1265 3342 causa,

141 3372 202 3446 sed
239 3370 342 3445 etiam
367 3373 524 3472 quicum
552 3374 721 3474 suscepit,
753 3374 917 3474 praebens
943 3372 1075 3446 mulieri
1103 3370 1268 3471 peccandi

139 3487 375 3562 occasionem:
397 3489 426 3562 si
454 3489 544 3562 enim
568 3518 634 3563 non
660 3489 842 3590 suscipiat,
872 3504 1053 3563 revertetur
1077 3488 1119 3560 ad
1143 3487 1266 3560 virum.

140 3601 235 3689 Quid
260 3628 340 3676 vero
367 3603 456 3677 lex?
475 3623 511 3678 ut
532 3605 692 3704 reprimat
708 3604 752 3678 ad
770 3605 853 3677 vitia
871 3604 1153 3704 propensionem,
1178 3602 1273 3676 iubet

140 3717 184 3791 de
218 3717 333 3792 medio
361 3718 430 3793 tolli
458 3747 554 3807 eam,
584 3747 674 3820 quae
705 3719 913 3807 adulterata,
939 3737 971 3793 et
992 3718 1146 3792 adulterii
1173 3717 1273 3792 luerit

139 3832 318 3907 convicta:
348 3832 402 3906 sin
434 3851 548 3908 autem
575 3834 675 3909 luerit
707 3861 791 3908 uxor
826 3834 1033 3923 sacerdotis,
1069 3833 1162 3906 iubet
1195 3858 1271 3905 eam

141 3947 212 4047 igni
236 3947 336 4022 tradi.
359 3946 522 4024 Obruitur
546 3967 659 4025 autem
683 3949 816 4024 adulter
832 3977 969 4052 quoque
987 3948 1185 4050 lapidibus,
1212 3947 1273 4020 sed

211 4201 263 4260 (ta)
280 4191 337 4248 Ou'tt
349 4191 497 4255 ἀπολύσεις
511 4194 629 4265 γυναῖκα
644 4198 711 4256 πλήν
733 4193 757 4250 ri
775 4197 813 4266 μή
834 4193 878 4248 r’rri
897 4193 969 4264 λόγῳ
990 4188 1225 4262 acrisiae-Quibus
1235 4207 1275 4258 pa·

144 4278 338 4329 uectemmtem
351 4278 468 4342 allegasse
477 4280 569 4333 curtati
580 4281 654 4334 verba
664 4295 721 4333 cum
736 4281 857 4347 particula
877 4269 901 4328 ti
920 4292 992 4332 secus
1009 4291 1038 4328 uc
1055 4276 1146 4328 vellent
1161 4273 1273 4325 nonnulli

142 4358 221 4410 critici
240 4358 325 4411 biblici
347 4360 502 4411 reoeutr'mes.
