2796 5064
213 383 282 435 aar.
294 383 320 434 ι
334 382 374 434 44
393 379 507 434 morsa.
520 382 616 436 uara.
629 380 735 432 saror.
749 381 822 434 4444
840 383 997 435 4444444
1010 384 1118 436 rara
1181 364 1248 437 444

152 502 229 574 enim
254 501 413 576 dedecori
439 499 678 575 habebatur
651 528 681 576 st
706 528 774 602 qua
791 528 875 576 uror
891 500 1047 576 maritum
1068 500 1248 581 desereret.

150 617 225 692 llinc
255 616 373 691 Medea
403 617 619 717 conqueritur
649 618 692 691 de
721 619 806 690 dura
839 618 1016 692 mulierum
1041 616 1247 709 conditione,

146 733 263 832 quihus
291 730 419 807 nullum
439 730 622 806 remedium
640 749 712 806 erat
729 735 890 809 aduersus
907 736 1054 808 virorum
1073 733 1254 812 inclemen-

146 847 235 936 tiam,
264 848 328 922 sed
353 849 462 948 primo
486 845 624 924 maritos
650 848 807 922 maximis
832 850 952 950 opibus
977 877 1172 950 comparare
1197 878 1254 927 co·

143 963 318 1061 gehantur,
334 966 458 1040 deinde
473 993 553 1041 uero
569 967 691 1040 malam
709 967 752 1039 ab
770 968 856 1066 ipsis
874 969 1105 1042 tractationem
1119 965 1250 1058 subire,

143 1081 227 1155 nulla
245 1102 309 1182 spe
327 1083 457 1183 reliqua
472 1075 517 1157 de
534 1083 603 1156 illis
620 1084 861 1170 emendandis,
888 1076 1172 1183 quemadmodum
1198 1110 1255 1160 oa·

142 1200 181 1271 nit
198 1198 384 1299 Euripides
401 1202 489 1297 (44).
506 1200 729 1275 Athenienses
748 1217 859 1273 tamen
877 1200 1038 1275 uxoribus
1057 1219 1254 1303 potestatem

141 1312 260 1388 dabant
287 1315 425 1390 maritos
456 1316 556 1390 iustis
583 1317 627 1391 de
652 1316 766 1390 causis
791 1317 1025 1416 relinquendi;
1057 1317 1254 1391 tenebantur

141 1453 209 1504 tero
237 1431 336 1530 prius
362 1429 534 1531 appellare
552 1430 604 1515 ad
630 1430 852 1517 Archontem,
880 1431 980 1531 eique
1004 1431 1125 1503 ollerre
1156 1426 1253 1505 libel·

142 1543 199 1618 lum
227 1547 452 1635 iniuriarum,
480 1574 567 1647 quas
593 1564 688 1620 erant
712 1572 914 1647 perpessae,
935 1563 973 1619 ut
989 1562 1081 1646 patet
1101 1547 1253 1646 exemplo

141 1661 338 1762 Hipparetes
363 1662 548 1736 Alcibiadis
574 1665 688 1737 uxoris
718 1665 809 1761 apud
836 1662 1052 1737 Plutarchum
1073 1664 1162 1759 (44).
1184 1663 1254 1736 lla

91 1763 94 1770 ¹
141 1776 281 1851 trimonii
312 1776 483 1851 vinculum
514 1778 650 1877 saepius
676 1777 869 1851 solvebatur
891 1802 1058 1887 consensu
1086 1770 1250 1876 partium,

140 1892 257 1990 quibus
275 1917 383 1967 novas
400 1894 537 1993 nuptias
555 1894 641 1967 inire
658 1892 793 1979 licebat,
814 1883 911 1966 cuius
929 1882 977 1966 rei
996 1894 1122 1993 pariter
1141 1918 1253 1965 exem·

140 2007 224 2106 plum
249 2008 349 2082 nohis
376 2009 575 2084 Plutarchus
600 2009 827 2108 suppeditat
818 2036 853 2081 m
879 2010 1005 2082 Pericle
1026 2011 1115 2106 (.48)

203 2127 328 2201 Notum
358 2141 411 2200 est
441 2127 532 2226 apud
565 2124 721 2200 romanos
754 2126 932 2199 Romulum
966 2153 1033 2201 non
1068 2125 1167 2199 modo
1199 2126 1252 2199 ius

139 2240 213 2314 uiris
232 2240 373 2315 dedisse
390 2234 568 2315 divortium
587 2241 733 2315 faciendi
751 2241 795 2314 ab
815 2241 997 2330 uxoribus,
1017 2236 1132 2315 rerum
1151 2241 1252 2315 etiam

138 2381 188 2429 eas
215 2357 441 2430 interficiendi
461 2358 494 2428 in
514 2358 686 2430 nonnullis
705 2357 861 2446 casibus,
882 2358 934 2430 lae
952 2358 1128 2445 adulterii,
1148 2357 1253 2431 ebrie·

139 2472 207 2545 tatis
227 2488 292 2546 etc.
312 2474 411 2567 (49);
432 2472 569 2571 dempta
593 2472 750 2545 facultate
768 2473 862 2544 uxori
881 2473 1070 2545 dimittendi
1095 2474 1251 2546 maritum

139 2603 314 2687 utcumque
338 2589 429 2662 vitiis
459 2588 635 2661 irretitum.
665 2588 763 2660 Sexto
793 2586 836 2659 ab
862 2586 950 2661 Urbe
976 2588 1111 2661 condita
1137 2589 1251 2662 seculo

137 2726 171 2773 ea
193 2701 249 2775 lex
274 2701 387 2775 adhuc
413 2701 666 2802 perseverabat,
695 2719 780 2775 teste
805 2701 939 2789 Plauto,
968 2702 1026 2802 qui
1051 2703 1166 2776 ssornit
1190 2730 1245 2776 an.

139 2819 223 2905 5533
256 2818 315 2916 qui
342 2819 443 2890 etiam
470 2817 600 2889 inducit
626 2818 745 2916 Syram
771 2835 1029 2917 conquerentem
1056 2815 1098 2890 de
1122 2818 1248 2891 iniusta

138 2933 301 3009 eiusmodi
320 2933 557 3032 inaequalitate
574 2932 716 3004 aedera
742 2935 808 3032 leqe
829 2936 918 3029 (444)).
935 2933 1092 3032 Attamen
1115 2950 1152 3007 ut
1174 2934 1249 3033 plus

200 3138 252 3205 (46)
268 3137 401 3191 Medeon.
414 3144 488 3190 tto.¹

226 3222 343 3270 omnium
357 3221 458 3280 autem,
474 3231 644 3282 quaecumque
659 3221 717 3267 sunt
732 3218 862 3280 animatu,
872 3219 897 3267 et
913 3218 1019 3268 mentem
1034 3214 1139 3299 habent,

226 3303 278 3352 4444
293 3300 409 3350 44444444
425 3312 526 3361 sarnus,
543 3296 681 3349 miserrima
697 3311 821 3362 propago,

228 3384 297 3439 Quas
312 3394 340 3443 pr
342 3380 419 3429 imum
435 3378 536 3442 quidem
552 3392 613 3441 opo.
614 3379 649 3427 tet
665 3378 779 3426 maximis
795 3391 833 3440 op
830 3376 884 3426 'bus

226 3464 378 3523 comparare
393 3459 526 3521 auritum,
542 3458 720 3520 dominumque
736 3457 847 3520 corporis

227 3545 355 3607 Accipere·
374 3543 418 3593 4414
431 3542 497 3592 enim
512 3538 577 3590 malo
593 3538 640 3589 hoc
655 3538 727 3601 longe
742 3538 854 3602 gravius,

227 3627 260 3674 Et
274 3625 300 3673 in
316 3624 363 3673 hoc
379 3622 514 3671 maximum
531 3619 681 3684 periculum,
698 3621 742 3668 aut
758 3620 849 3668 malum
866 3619 990 3684 accipere,

228 3707 278 3755 Aut
291 3703 399 3752 bonurn:
416 3715 467 3752 non
483 3702 553 3751 cutm
569 3699 679 3750 honesta
693 3700 784 3762 (4444)
801 3699 918 3750 divortio

227 3782 403 3843 4444444444,
421 3795 504 3846 tueque
520 3781 582 3830 44444
597 3780 722 3831 abdicare
738 3784 874 3841 mortium,

201 3867 252 3930 (47)
270 3869 298 3916 44
314 3865 450 3916 Alcibiade.

202 3946 254 4009 (44)
268 3946 307 3996 cl.
322 3947 393 4009 plura
409 3945 543 3996 haedere
559 3945 623 4010 apud
641 3948 677 3994 44.
694 3946 820 3994 l’otterum
837 3941 1005 4004 Archaeoloq.
1026 3952 1113 4004 oreon.
1136 3941 1196 3988 lom.
1209 3942 1241 3988 44.

136 4024 175 4077 144.
183 4029 225 4077 lv
237 4039 291 4090 esp.
305 4033 343 4076 12.
355 4028 441 4076 venet.
453 4029 521 4077 4744.
535 4026 748 4076 necuoulleursil
763 4020 1081 4075 Themidemotttcomlib
1094 4022 1125 4070 11.
1136 4030 1190 4083 cap
1206 4025 1242 4069 44

202 4109 252 4171 (44)
267 4107 628 4171 04444446411444444444.
643 4108 722 4159 44444
735 4106 819 4156 1le
832 4118 855 4156 4
867 4111 905 4156 24

203 4187 253 4250 (54)
269 4186 394 4237 Plautus
387 4200 412 4236 m
422 4189 576 4237 4444444444
583 4189 637 4237 Act
642 4188 684 4235 lv.
695 4197 720 4235 r.
731 4189 785 4236 744.
794 4185 829 4236 lta
838 4197 912 4234 anum
924 4180 1160 4275 Syremlosuentem
1171 4176 1242 4228 4444·

139 4263 302 4317 dtetrecens
314 4267 336 4314 1.
348 4267 379 4315 44
392 4265 517 4317 44444444.
526 4266 626 4316 Tauria.
638 4258 706 4315 4444

290 4348 392 4397 Ecastor
408 4345 464 4410 4444
479 4344 551 4397 dura
566 4345 654 4396 vivunt
669 4343 783 4396 mulieres
1149 4416 1171 4460 'k
