2796 5064
265 375 336 426 ιιι.
354 375 739 428 u.nrurnrss.unrn.1u
757 376 848 428 urus.
868 377 979 429 nnuur.
993 378 1064 429 rar.
1077 378 1114 431 ιι.
1189 358 1256 430 tot

645 557 682 658 p.
712 557 749 631 v.

208 726 336 777 smum
347 725 448 778 tttcrnun
458 727 597 789 acutttrr,
613 726 657 790 qui
671 726 840 779 tomicnttonis
855 739 940 778 rorum
955 738 1004 777 non
1015 725 1047 777 dc
1057 725 1191 788 adulterio,
1208 736 1211 743 ¹

364 806 408 857 scd
419 806 451 858 dc
460 808 527 858 stuta
538 806 672 857 torulcmto
685 809 710 858 et
725 806 889 857 concubinatu
901 809 1037 870 exponunt.

211 937 307 1013 llaec
331 941 513 1029 sententia,
542 966 644 1041 quam
670 956 839 1040 postremo
863 938 937 1013 loco
961 940 1048 1013 inter
1073 940 1259 1037 exegeticus

147 1055 432 1155 interpretationes
464 1071 610 1129 textuum
641 1055 935 1153 evangelicorum,
964 1054 1157 1154 dequibus
1187 1055 1260 1154 agi-

145 1197 234 1259 mus,
252 1171 543 1259 enumeravimus,
560 1171 774 1270 aliquatenus
792 1171 947 1245 convenit
962 1197 1038 1245 cum
1056 1170 1136 1259 illa,
1156 1197 1258 1269 quam

145 1312 249 1384 nuper
272 1284 497 1385 expendimus
524 1310 563 1358 ac
588 1286 767 1360 reiecimus
791 1313 812 1358 a
838 1284 1101 1386 protestantibus
1126 1285 1259 1383 excogi-

145 1415 241 1473 tatam
254 1415 289 1473 et
301 1425 322 1472 a
335 1398 507 1473 nonnullis
525 1399 741 1474 liberioribus
758 1399 933 1474 catholicis
946 1400 1148 1487 admissam,
1164 1400 1257 1499 quod

142 1541 259 1614 nempe
275 1513 432 1589 Christus
449 1516 614 1589 Dominus
639 1515 730 1615 apud
751 1515 954 1588 Matthaeum
976 1514 1107 1588 locutus
1126 1530 1253 1589 tantum

144 1630 238 1704 berit
263 1630 309 1704 de
332 1630 553 1705 fornicatione
578 1657 638 1706 seu
663 1631 706 1704 de
730 1632 859 1729 flagitio
884 1646 960 1704 ante
990 1631 1109 1703 initum
1141 1630 1258 1704 eoniu-

146 1746 232 1842 gium
262 1761 409 1844 patrato.
432 1744 495 1819 Ast
519 1746 554 1818 in
580 1773 620 1821 eo
645 1746 828 1834 disserunt,
856 1746 947 1847 quod
972 1745 1021 1818 illi
1047 1747 1091 1820 do
1115 1745 1259 1820 fornica·

146 1861 229 1934 tione
256 1859 430 1933 disserant
452 1888 554 1961 quam
580 1861 664 1935 alter
689 1863 869 1960 coniugum
895 1877 972 1935 anto
997 1862 1115 1934 initum
1141 1861 1256 1934 matri-

144 1976 291 2050 monium
319 1975 388 2050 alio
412 1977 521 2051 inscio
546 1979 776 2066 commiserit,
805 1978 840 2050 hi
870 2003 949 2051 vero
973 1975 1016 2049 de
1040 1976 1258 2050 fornicatione

145 2092 278 2191 utrique
302 2092 492 2179 communi;
522 2107 693 2191 praeterea
714 2091 763 2165 illi
782 2093 940 2166 videntur
964 2091 1064 2166 locuti
1091 2090 1134 2165 dc
1157 2091 1257 2165 lomi-

144 2207 294 2294 oatione,
321 2222 360 2279 ut
383 2205 430 2280 ita
454 2206 583 2296 dicam,
613 2222 829 2296 transeunte,
859 2207 902 2280 de
930 2232 999 2280 uno
1022 2205 1180 2280 uidelicet
1207 2205 1257 2279 al·

144 2336 250 2397 tamve
267 2320 417 2419 flagitio,
438 2320 604 2395 hiantem
627 2321 816 2419 intelligunt
839 2321 963 2395 Christi
990 2320 1090 2394 affata
1107 2320 1150 2393 de
1166 2336 1256 2395 statu

143 2437 254 2538 aliquo
280 2452 519 2538 permanente,
547 2462 609 2511 seu
634 2453 672 2510 ut
696 2437 762 2536 ipsi
788 2437 990 2537 loquuntur,
1011 2436 1054 2511 de
1070 2451 1159 2510 statu
1176 2461 1256 2510 con-

143 2555 340 2642 cubinatus,
368 2581 468 2655 quem
496 2553 633 2654 quidem
659 2579 726 2627 uon
750 2552 859 2628 solum
879 2580 975 2653 posse
999 2553 1065 2626 imo
1088 2569 1121 2627 et
1143 2551 1255 2626 debere

143 2668 280 2744 dissolvi
305 2695 403 2743 nemo
427 2668 572 2768 ignorat.

208 2785 335 2858 Verum
352 2784 521 2859 enimvero
538 2783 602 2857 etsi
619 2781 718 2857 valde
734 2781 1022 2857 commendandus
1039 2781 1085 2856 sit
1102 2782 1254 2880 ipsorum

141 2916 279 2975 conatus
303 2899 348 2973 ud
372 2925 447 2975 eam
469 2898 738 3000 persuadendam
755 2914 792 2972 ut
809 2923 933 2973 causac
949 2895 1134 2972 catholicae
1146 2896 1254 2970 inser·

142 3015 254 3102 aaut,
274 3039 318 3088 ne
335 3029 446 3088 tamen
463 3040 538 3088 eam
555 3012 736 3114 probemus
754 3029 788 3087 et
804 3011 1044 3112 amplectamur
1060 3011 1158 3111 plura
1174 3025 1256 3085 sunt

140 3156 224 3231 quae
249 3130 397 3206 obstant.

211 3247 263 3319 Ac
294 3247 329 3319 1.
359 3245 469 3321 obstat
497 3272 619 3321 sensus
648 3246 769 3321 obvius
798 3263 830 3320 et
859 3244 1022 3319 naturalis
1056 3242 1251 3318 acmmdem

138 3378 312 3437 textuum:
335 3362 504 3463 siquidem
524 3362 642 3436 llatth.
659 3362 696 3435 V.
721 3364 779 3436 at.
798 3365 857 3435 32.
881 3361 965 3436 dicit
981 3359 1256 3435 Christuszulli·

139 3494 228 3551 ctum
249 3493 302 3552 est
319 3494 451 3552 autem:
473 3478 685 3579 Quicumque
702 3479 868 3551 dimiserit
892 3504 1029 3552 uxorem
1054 3503 1173 3563 suam,
1198 3475 1256 3550 det

138 3594 167 3668 ei
192 3593 347 3666 libellum
374 3594 518 3694 repudii.
548 3595 620 3692 Ego
644 3610 756 3667 autem
784 3594 861 3668 dico
893 3594 1010 3667 vobis:
1038 3593 1119 3693 quia
1142 3591 1253 3666 omnis

137 3709 194 3808 qui
222 3708 393 3782 dimiserit
416 3736 553 3783 uxorem
580 3736 698 3796 suam,
719 3726 856 3809 excepta
874 3710 1106 3790 fornicationis
1128 3734 1250 3793 causa,

138 3823 217 3897 lacit
244 3849 318 3896 eam
338 3825 528 3912 moechari,
549 3842 583 3898 et
598 3825 657 3925 qui
675 3825 852 3899 dimissam
877 3825 1027 3911 duxerit,
1049 3823 1250 3897 adulterat.»

138 3938 271 4025 Quibus
289 3939 402 4013 verbis
415 3939 535 4014 alludit
547 3940 701 4014 Christus
717 3957 830 4041 aperte
845 3939 887 4013 ad
902 3940 1010 4013 locum
1023 3942 1120 4012 Deut.
1137 3938 1249 4009 XXIV.

138 4055 170 4127 in
195 4082 268 4156 quo
292 4056 402 4130 bloses
429 4058 590 4157 permittit
614 4057 696 4130 dare
722 4058 870 4131 libellum
904 4056 1037 4156 repudii
1069 4057 1186 4137 uxori,
1217 4054 1250 4125 in

139 4171 276 4271 quauir
294 4172 452 4274 repererit
469 4173 667 4273 foeditatem,
686 4200 752 4248 nou
770 4190 881 4248 autem
898 4175 1104 4256 concubinae,
1121 4170 1252 4243 locutus

142 4287 280 4384 proinde
306 4303 359 4362 est
385 4287 542 4364 Christus
568 4288 612 4362 de
635 4315 713 4363 vero
736 4316 855 4374 uxore,
885 4315 951 4363 uon
976 4304 1086 4364 autem
1110 4284 1153 4357 de
1184 4283 1254 4383 pel-
