2796 5064
139 352 207 425 tto
258 376 319 428 sm.
341 375 389 429 ιιι.
410 376 497 428 secr.
514 374 648 427 ursui.
670 375 710 425 ns
727 374 839 427 raons.
861 374 957 427 sura.
973 375 1099 427 caum.

137 517 213 593 esp.
228 491 312 566 xvi.
329 493 470 566 Domum
482 518 523 565 ex
540 491 691 566 doctrina
709 491 852 591 apostoli
871 491 965 564 Pauli
983 507 1055 565 tum
1068 491 1237 566 llamlll.

138 622 209 680 tum
235 610 269 678 1.
290 605 354 681 Gor
369 607 440 677 llll.
461 607 520 706 qui
545 604 692 678 affirmat
706 631 866 705 expressa
882 603 956 679 sola
971 605 1130 703 coniugis
1145 622 1241 678 morte

140 720 343 795 matrimonii
368 719 538 794 uinculum
563 718 668 806 solvi,
688 719 814 817 quibus
840 720 874 791 in
899 718 996 806 locis,
1016 718 1156 809 nonnisi
1180 720 1241 791 vim

138 836 310 912 inserendo
328 836 484 922 textibus,
505 835 639 909 obtrudi
657 851 768 935 potest
785 834 1015 910 fornicationis
1031 834 1186 934 exceptio
1208 859 1242 906 ex

138 966 379 1052 praeconcepta
396 951 664 1025 adversariorum
681 950 864 1038 sententis,
880 949 971 1050 qnod
984 949 1145 1023 Christus
1161 948 1242 1048 apud

138 1065 341 1140 llatthaeum
365 1066 497 1140 locutus
514 1064 613 1140 luerit
628 1064 672 1138 de
694 1065 820 1139 vinculi
838 1064 1017 1139 solutions.
1035 1066 1157 1165 ltaque
1170 1065 1241 1161 dep

138 1180 261 1254 metica
284 1179 448 1254 eeclesiae
473 1178 702 1279 interpretatio
727 1179 899 1254 doctrinae
918 1178 1067 1255 biblicae
1083 1179 1129 1252 de
1146 1179 1242 1251 indis·

139 1292 343 1368 solubilitate
359 1295 504 1392 coniugii
521 1320 562 1367 ea
578 1310 641 1380 est,
653 1320 741 1394 quae
757 1295 940 1368 scientifice
948 1293 1160 1392 argumentis
1176 1292 1240 1366 ber·

139 1410 336 1484 menanticis
361 1410 617 1484 demonstratur.

212 1524 274 1599 llis
295 1526 325 1599 si
350 1525 495 1601 addatur
519 1552 640 1599 sensus
666 1525 889 1600 traditionalis
912 1542 947 1600 at
969 1541 1134 1600 constans
1149 1522 1237 1598 eccle

138 1639 211 1712 siae
238 1639 372 1738 praxis,
398 1639 528 1726 omnis,
561 1640 591 1713 si
624 1665 691 1738 qna
716 1640 799 1713 lorte
822 1664 1002 1739 superesse
1028 1654 1161 1739 posset,
1188 1637 1235 1709 de

140 1752 277 1853 pellitur
306 1752 488 1840 dubitatio;
523 1753 557 1825 id
590 1779 669 1827 vero
702 1769 754 1827 est
786 1754 877 1854 quod
911 1754 1025 1853 capite
1059 1751 1231 1853 insequenti

141 1866 318 1940 ostendere
342 1866 568 1965 aggredimur.

554 2123 717 2184 011111·
739 2125 819 2181 11¹.

154 2353 192 2403 ll!
218 2352 315 2405 sensu
340 2354 556 2406 tammonem
581 2354 672 2406 amca
696 2352 1026 2406 multsowmmrss!
1051 2350 1220 2406 umora

245 2468 420 2521 enatorum
445 2470 480 2522 m
504 2470 602 2521 CAUSA
627 2470 791 2521 naumann
817 2466 909 2521 lom
935 2468 1153 2521 statuamus!

449 2584 487 2636 ΕΤ
512 2584 722 2636 arosrouclrt
748 2584 938 2636 sacramen.

212 2792 339 2864 Sensus
357 2791 591 2877 traditionalis,
612 2791 670 2890 qni
689 2789 887 2863 determinet
903 2815 970 2890 qua
988 2790 1119 2862 ratione
1142 2800 1230 2861 textus

143 2905 258 2979 biblici
285 2907 391 3007 accipi
423 2906 584 2992 debeant,
605 2905 634 2978 si
653 2932 720 3005 qua
739 2906 821 2979 sorte
838 2903 1021 2977 difficultas
1039 2919 1189 2978 occurrat
1201 2895 1231 2973 ad

138 3046 252 3096 veram
277 3049 393 3097 eorum
424 3021 678 3118 intelligentiam
703 3020 948 3120 arripiendam,
986 3019 1122 3094 desumi
1153 3016 1233 3090 debet

142 3153 210 3209 tum
235 3164 276 3210 ex
302 3137 467 3237 patribus,
489 3138 547 3237 qui
572 3163 612 3209 ea
634 3135 676 3209 de
703 3162 739 3208 re
764 3152 922 3232 egerunt,
952 3150 1022 3207 tum
1045 3161 1086 3207 ex
1109 3129 1234 3206 decretis

140 3251 375 3338 conciliorum,
393 3276 671 3349 romanorumque
684 3251 891 3349 pontificum,
908 3266 978 3322 tum
992 3275 1033 3321 ex
1052 3252 1148 3349 praxi
1165 3266 1235 3346 quse

141 3363 261 3460 iugiter
278 3365 312 3436 in
331 3365 475 3439 ecclesia
492 3365 646 3439 obtinuit.
667 3366 701 3436 Si
728 3365 831 3461 igitur
853 3363 1103 3437 ostenderimus
1125 3379 1234 3463 patras,

139 3479 281 3552 concilia
307 3504 532 3579 romanosque
560 3479 750 3581 praesules,
775 3479 833 3578 qui
859 3479 1022 3552 ecclesiae
1047 3477 1178 3551 clavum
1201 3493 1237 3547 te

140 3609 303 3679 nuerunt,
326 3620 387 3667 nee
416 3621 481 3667 non
508 3595 619 3693 iugem
653 3594 815 3667 ecclesiae
841 3594 970 3693 praxim
999 3593 1097 3665 inid
1124 3589 1238 3689 conspi-

142 3734 232 3795 rare,
249 3724 286 3780 ut
303 3735 364 3783 nos
386 3710 528 3784 doceant
552 3710 587 3781 in
611 3710 795 3783 christiana
815 3707 889 3805 lege
910 3709 1057 3806 coniugii
1083 3706 1237 3782 vinculum

140 3840 276 3922 propter
301 3823 491 3897 alterutrius
517 3825 671 3922 coniugis
697 3824 897 3896 adulterium
924 3823 1063 3896 minime
1089 3819 1235 3897 dissolri.

139 3938 277 4013 omnino
294 3939 420 4038 patebit
440 3940 666 4038 evangelicam
692 3955 725 4013 et
745 3940 962 4040 apostolicam
981 3937 1168 4013 doctrinam
1185 3958 1235 4007 nou

139 4052 239 4127 aliam
269 4081 345 4128 esse
371 4072 502 4153 praeter
525 4083 598 4129 eam
614 4114 621 4143 ‚
638 4083 739 4155 quam
763 4055 1023 4129 hermeneuticis
1046 4048 1234 4153 argumentis

141 4168 326 4244 scientifice
338 4170 579 4259 adstruximus,
592 4172 884 4272 propugnandoex
894 4168 1012 4244 Bibliis
1025 4166 1231 4244 omnimodam

140 4283 286 4379 coniugii
312 4284 487 4357 christiani
515 4284 858 4358 indissolubilitatem.
944 4296 946 4299 ’
