2842 5056
103 327 173 401 trs
247 348 309 402 ιιι.
322 346 372 401 ιιι.
387 344 475 399 srnr.
491 346 624 399 ιιιιιι.
639 346 681 399 ιι
697 344 811 399 rmus.
826 344 929 398 ιιιι.
947 342 1087 397 emur.

101 466 194 541 illam
210 463 335 541 Christi
353 464 578 551 sententiam,
597 480 636 539 ut
651 462 731 539 inde
747 462 870 539 inferat
889 486 956 537 eos
974 458 1023 537 nh
1041 458 1233 558 evangelica

100 581 276 657 discedere
304 578 477 667 doctrine,
504 580 564 681 qui
590 579 705 681 plures
729 578 774 655 ob
798 604 923 655 causas
951 592 1097 653 retento
1125 577 1233 651 conin-

100 697 170 797 geli
194 694 345 782 vinculo,
369 694 491 771 docent
513 695 657 773 divortio
677 694 791 797 quoad
812 710 924 769 torum
950 708 990 769 et
1013 691 1233 769 cohabitatio

103 837 180 888 nem
206 811 279 885 lieri
300 837 415 911 posse.

175 926 231 1001 Sic
254 928 354 1001 etiam
379 953 555 1029 perperam
580 927 669 1002 idem
686 942 802 1003 auctor
823 926 1078 1027 prosequitur:
1109 926 1233 1025 «Sepe-

102 1041 286 1131 rationem,
316 1068 404 1143 quae
432 1047 463 1117 l.
485 1044 561 1119 Cor.
578 1044 648 1116 Vll.
669 1070 703 1119 v.
726 1046 785 1115 11.
808 1058 903 1117 extra
918 1068 1077 1116 cansam
1096 1040 1233 1117 fornice·

102 1158 204 1231 tionis
230 1158 453 1247 describitur,
481 1158 606 1233 Paulus
633 1186 701 1234 non
727 1157 847 1235 suadet
871 1154 937 1233 nec
965 1156 1155 1243 decernit,
1180 1154 1233 1231 sed

101 1272 200 1348 docet
221 1300 296 1349 enm
322 1302 471 1375 pugnare
496 1301 573 1349 cum
600 1291 776 1375 praecepto
800 1273 955 1361 Domini,
985 1273 1051 1373 qui
1076 1270 1235 1373 praecipit

102 1416 169 1465 non
182 1390 357 1465 discedere
374 1420 380 1463 :
403 1390 634 1493 quandovero
650 1391 809 1489 coniuges
826 1405 946 1465 contra
964 1388 1072 1463 illam
1090 1386 1234 1490 Apostoli

101 1504 288 1579 doctrinam
321 1505 452 1604 privata
481 1506 691 1581 contumacia
716 1532 754 1579 se
779 1519 965 1605 separant,
1000 1520 1082 1577 tum
1118 1502 1236 1579 Paulus

102 1619 224 1693 suadet
243 1621 571 1708 reconciliationem,
591 1638 650 1695 ant
667 1621 698 1695 si
715 1620 781 1695 hoc
803 1620 928 1707 nolint,
956 1620 1236 1721 pronuntiatem

102 1735 227 1811 debere
243 1737 318 1811 eine
340 1738 483 1835 coniuge
501 1764 648 1811 manere.
674 1738 739 1812 Sed
757 1753 895 1813 octavus
914 1735 975 1811 hic
1000 1764 1123 1812 canon
1139 1736 1236 1821 dicit,

102 1849 213 1950 ipsam
236 1850 414 1925 ecclesiam
434 1852 478 1927 ob
497 1852 620 1927 multas
640 1878 779 1938 causas,
799 1867 933 1952 praeter
951 1849 1236 1935 fornicationem,

101 1964 282 2041 decernere
305 1994 406 2066 pesse
422 1969 714 2068 separationem.»
735 1970 930 2041 Praeterea:
957 1966 1154 2041 «Christus
1167 1966 1239 2039 llat-

102 2079 153 2153 th.
174 2080 211 2153 V.
239 2081 475 2157 dimissionem
497 2110 559 2157 sen
582 2084 827 2185 separationem
852 2080 1077 2181 coniugum,
1101 2080 1240 2183 quaelit

103 2208 236 2293 praeter
258 2221 395 2269 causam
421 2196 671 2287 fornicationis,
700 2198 775 2272 ideo
792 2195 987 2295 improbat,
1019 2198 1114 2297 quia
1130 2194 1241 2271 obiicit

103 2308 263 2409 periculis
288 2309 432 2384 ustionis
462 2311 693 2387 fornicationis
714 2328 747 2387 et
767 2311 937 2385 adulterii.
959 2312 1087 2397 Facit,
1110 2312 1239 2413 inquit,

102 2423 198 2495 illam
227 2424 399 2497 moechari.
429 2426 494 2501 Sed
520 2426 564 2501 de
592 2426 648 2501 his
675 2425 833 2528 periculis
861 2425 1036 2525 pontificii
1071 2454 1146 2502 non
1168 2440 1242 2501 snat

103 2535 260 2626 solliciti,
289 2538 393 2614 libere
417 2541 507 2613 enim
532 2542 717 2615 decernunt
745 2539 1000 2639 separationem
1033 2541 1085 2614 ad
1118 2558 1243 2617 certum

103 2654 307 2729 incertumve
331 2672 463 2755 tempus
489 2660 614 2751 (28).»

176 2771 295 2843 Verum
321 2771 400 2844 dum
427 2773 571 2871 primum
597 2769 714 2845 obiicit
744 2769 957 2843 Chcmnitius
985 2771 1025 2843 in
1056 2772 1153 2847 falsa
1179 2796 1244 2845 ver·

103 2902 198 2960 satur
223 2886 423 2987 hypothesi,
451 2915 552 2988 quam
585 2886 686 2986 paulo
715 2904 792 2960 ante
820 2884 1038 2973 refellimus;
1081 2889 1244 2961 nimirum

103 3001 299 3100 Apostolum
321 3030 353 3075 v.
376 3006 435 3076 ll.
463 3003 630 3076 disserere
654 3002 841 3075 dciniusta
861 3003 1119 3097 separatione,
1141 3028 1244 3103 quum

103 3131 215 3189 tamm
229 3116 271 3191 de
291 3119 501 3215 separatione
514 3133 547 3190 ct
560 3143 663 3190 causa
677 3117 765 3188 iusta
779 3115 957 3214 loquatur,
976 3136 1244 3220 propterquam

104 3230 180 3327 ipse
205 3230 263 3302 dat
287 3232 455 3329 optionem
488 3232 688 3328 coniugibus
718 3231 858 3303 invicem
885 3233 1064 3328 separatis
1092 3236 1171 3309 sive
1196 3260 1246 3307 re-

103 3341 346 3437 dintegrandae
375 3346 643 3429 coniunctionis,
677 3346 749 3417 sive
779 3344 938 3415 manendi
968 3346 1051 3419 sine
1080 3350 1243 3447 coniuge.

104 3455 199 3541 Quae
216 3455 351 3553 quidem
370 3460 489 3553 agendi
508 3460 599 3558 optio
620 3457 692 3529 dari
717 3483 782 3530 non
802 3457 971 3556 potuisset
990 3460 1039 3532 ab
1059 3462 1243 3564 Apostolo,

105 3570 135 3643 si
160 3583 274 3641 contra
299 3590 512 3669 praeceptum
537 3573 670 3645 Domini
698 3572 783 3645 facta
808 3572 927 3644 luisset
949 3580 1154 3672 separatio.
1178 3580 1249 3653 Hac

103 3708 184 3756 vero
202 3683 381 3782 hypothesi
400 3686 560 3784 depulsa,
581 3704 691 3759 cetera
710 3713 751 3759 ex
768 3712 805 3757 se
830 3685 1033 3762 concidunt.
1058 3693 1142 3765 Nisi
1163 3692 1249 3767 velis

104 3813 321 3896 pracceptum
336 3799 468 3872 Domini
488 3802 530 3872 ad
547 3801 636 3899 quod
657 3799 780 3872 Paulus
798 3799 948 3898 appellat
971 3803 1250 3904 intelligendum

103 3935 182 3983 esse
195 3910 238 3983 de
248 3932 425 4013 praecepto
440 3943 505 3988 non
522 3915 729 3988 dissolvendi
744 3915 952 4011 coniugium,
970 3940 1128 4021 excepta
1143 3948 1250 3997 causa

107 4023 337 4101 fornicationis
355 4044 524 4130 tamqnam
545 4030 700 4130 pmpria‚
717 4029 900 4103 intrinseca
918 4046 1027 4131 atque
1051 4056 1248 4139 perpetuo,

186 4286 237 4347 (ts)
255 4290 311 4339 Loc.
325 4293 367 4343 cit.
