2796 5064
234 387 309 439 ear.
326 388 362 438 ιι.
381 388 420 438 ιιι
433 387 551 439 runrss.
570 387 669 439 rara.
685 388 945 439 incrusurum.
1098 368 1166 439 ill

352 617 355 624 -
480 579 687 637 All'l'lCULUS
708 579 744 635 ll.

168 764 211 826 De
229 765 405 844 quibasdam
426 740 584 844 exegeticis
604 768 888 844 interpretationibus
909 775 1041 829 textuum

455 864 562 926 Matth.
584 864 622 926 V.
644 871 674 925 et
691 864 772 925 XIX.

561 1049 600 1147 p.
630 1051 657 1120 1.

237 1251 377 1303 Nonnullae
391 1252 528 1317 exegeticae
544 1265 628 1303 eorum
645 1254 759 1303 textuum
774 1252 985 1317 interpretationes

461 1330 578 1381 hlumrioe
601 1333 765 1395 exponuntur.

126 1517 210 1590 Tum
235 1515 411 1590 authentia
433 1532 502 1590 tum
525 1517 712 1615 integritate
737 1516 878 1591 duorum
897 1532 1046 1590 textuum
1066 1517 1173 1590 vindi-

64 1648 147 1717 eata,
169 1645 320 1732 praestat
340 1630 427 1718 iam,
447 1632 613 1706 utrarios
631 1630 838 1718 eurumdem,
859 1648 917 1705 eut
934 1631 1051 1705 saltem
1076 1659 1174 1731 prae·

64 1745 174 1844 cipuas
199 1743 431 1844 expendamus
455 1746 643 1843 exegeticus
668 1746 971 1851 interpretationes.

133 1861 368 1960 Interpretatio
398 1861 485 1934 inter
514 1878 736 1962 protestantes
761 1864 949 1936 communis
975 1879 1026 1936 est
1052 1864 1098 1953 ita
1123 1865 1175 1935 in·

64 1975 258 2075 telligeudas
281 2003 359 2051 esse
383 1977 555 2052 clausulas
572 1994 707 2077 eccepto
728 1979 954 2077 fornicatiouis
977 2005 1096 2065 ceusu,
1118 1994 1176 2052 aut

62 2093 121 2163 uisi
139 2092 180 2164 ob
206 2092 477 2191 fornicationem,
502 2106 540 2165 ut
557 2091 798 2166 interveniente
823 2093 986 2167 adulterio
1004 2093 1176 2166 matrimo-

62 2207 147 2279 nium
171 2205 315 2281 dissolvi
342 2208 451 2306 possit
475 2207 587 2306 quoad
612 2207 807 2296 vinculum,
833 2234 872 2282 ac
897 2209 1009 2283 datam
1034 2209 1177 2308 proinde

62 2346 130 2396 esse
151 2322 243 2421 parti
263 2321 433 2396 innocenti
460 2321 648 2396 facultatem
675 2322 812 2396 alteram
831 2351 968 2398 uxorem
993 2342 1051 2398 aut
1075 2324 1177 2398 mari-

62 2453 122 2510 tum
149 2435 293 2510 alterum
326 2437 491 2525 ducendi,
521 2438 589 2512 imo
619 2454 723 2526 sunt,
759 2441 819 2538 qui
854 2466 969 2515 vocem
1003 2435 1177 2538 πορνείας

59 2577 113 2626 seu
137 2554 368 2653 [micetiout's
385 2551 573 2651 intelligant
590 2554 633 2627 de
650 2556 770 2653 quouis
793 2557 934 2653 flagitio.
956 2556 1079 2629 Contra
1095 2582 1176 2630 vero

59 2683 216 2742 constans
240 2665 404 2741 ecclesiae
428 2667 614 2742 catholicae
648 2669 877 2769 interpretatio
901 2685 978 2756 est,
1011 2696 1071 2768 per
1096 2669 1172 2743 illas

58 2782 225 2857 ohusulas
242 2808 310 2857 non
325 2809 426 2882 posse
443 2782 600 2857 adulterii
614 2809 718 2858 causa
736 2784 877 2859 dissolvi
895 2783 1087 2882 coniugium
1106 2784 1172 2858 nisi

58 2897 166 2998 quoad
194 2912 304 2971 torum
335 2912 368 2972 et
396 2896 664 2985 habitationem,
688 2897 822 2971 vinculo
848 2897 1075 2972 indissolubili
1101 2924 1176 2997 per-

57 3029 231 3101 manente,
251 3038 314 3086 uec
331 3012 374 3086 ob
391 3012 546 3087 adulterii
566 3013 691 3087 crimen
710 3013 872 3112 aliudque
888 3012 1054 3110 flagitium
1067 3013 1176 3111 quud-

57 3154 221 3230 cumque,
249 3128 383 3203 vivente
408 3128 511 3203 altero
537 3129 696 3226 coniuge,
726 3155 826 3227 posse
851 3128 1044 3227 quempiam
1070 3154 1175 3203 nouas

56 3245 192 3344 nuptias
217 3243 316 3318 inire.
346 3243 462 3318 Graeci
485 3243 601 3318 saltem
620 3244 656 3315 in
676 3244 770 3343 praxi
791 3244 892 3343 priori
910 3243 1173 3343 interpretationi

55 3360 260 3447 adhaerent,
286 3358 370 3458 quin
396 3375 507 3434 tamen
533 3359 639 3433 salsae
664 3375 724 3433 aut
750 3376 985 3462 praeposterae
1003 3359 1175 3434 doctrinae

55 3472 195 3549 latinam
220 3472 398 3547 ecclesiam
424 3473 599 3560 incusant,
628 3500 727 3548 secus
753 3500 792 3547 ac
818 3474 963 3548 sentiant
987 3490 1175 3573 protestan-

56 3604 116 3663 tes.
149 3589 270 3661 Vernm
296 3585 338 3660 de
363 3586 418 3681 his
444 3605 590 3662 recurret
610 3616 720 3663 sermo
741 3616 817 3662 curn
839 3615 977 3687 agemus
994 3590 1036 3663 de
1054 3590 1174 3664 hurum

56 3720 208 3777 textuum
235 3702 425 3801 dogmatica
451 3703 737 3803 interpretatione.

128 3820 227 3891 Nunc
252 3818 470 3917 exponendae
497 3818 711 3920 potissimum
730 3836 809 3892 sunt
830 3819 1010 3894 nonnullae
1034 3818 1174 3893 catholi-

56 3959 172 4007 corum
197 3932 386 4030 exegeticae
411 3932 720 4033 interpretationes,
755 3933 879 4033 quibus
905 3934 1089 4008 scientifice
1113 3934 1175 4005 do-

56 4048 199 4121 ctrinam
224 4045 387 4120 ecclesiae
411 4046 497 4119 tueri
515 4062 616 4146 atquo
633 4073 654 4120 a
670 4047 926 4122 difficultatibus
944 4047 1101 4147 expedire
1118 4072 1175 4119 co-

57 4177 192 4234 nantur.
221 4161 306 4235 Cum
331 4160 421 4233 enim
446 4160 533 4234 duae
563 4160 640 4234 illae
671 4161 844 4236 clausulae
872 4163 993 4261 iugiter
1018 4161 1174 4234 torserint

57 4275 232 4350 doctorum
256 4275 405 4349 virorum
432 4274 567 4371 ingenia
591 4275 634 4351 ob
660 4275 889 4352 difficultatem
917 4302 1019 4376 quam
1044 4299 1174 4375 praese

120 4418 162 4473 ιιι
1058 4422 1089 4472 rr
1126 4466 1137 4485 ,
