2796 5064
330 407 397 456 car.
412 408 434 454 r.
452 407 491 454 ns
509 405 683 456 rouretum
700 405 906 455 summum.
925 405 994 455 tar.
1013 406 1054 459 u.‚
1198 384 1240 454 ΞΕ

144 541 387 623 praeceptorum
412 550 520 621 genus
550 523 585 594 in
616 522 752 594 materia
777 521 820 595 de
843 547 911 620 qua
942 522 1073 618 agimus
1106 521 1244 594 refertur

143 640 349 740 polyandria,
378 666 465 738 quae
490 638 647 739 primario
672 638 817 734 coniugii
847 639 925 724 lini,
953 655 990 710 ut
1012 637 1241 724 ostendimus,

141 757 347 840 adversatum
365 756 407 827 ad
422 755 605 829 secundum
626 755 767 852 pertinet
783 754 994 855 polygamia,
1017 770 1104 854 q'uae
1129 755 1245 854 utique

139 899 209 943 cum
229 872 297 944 fine
315 871 372 943 ille
391 888 499 970 potest
516 873 710 945 consistere.

204 989 311 1073 Sane,
335 989 363 1059 si
389 1015 428 1061 ex
455 987 621 1061 communi
648 987 811 1059 sententia
837 987 1016 1084 primarius
1042 987 1243 1060 matrimonii

139 1103 211 1174 finis
238 1120 292 1174 cst
315 1103 418 1200 prolis
443 1103 643 1200 procreatio,
664 1129 761 1175 nemo
780 1119 831 1175 est
851 1103 908 1202 qui
928 1128 993 1174 nou
1014 1103 1128 1176 videat
1145 1105 1244 1178 finem

138 1219 224 1290 bunc
239 1218 398 1304 obtineri,
417 1220 445 1291 si
459 1219 510 1290 vir
524 1245 611 1290 unus
626 1217 777 1317 pluribus
792 1218 836 1290 sit
849 1218 1008 1290 uxoribus
1026 1218 1242 1307 coniunctus,

138 1332 223 1430 quod
253 1349 286 1404 et
311 1332 516 1430 experientia
541 1333 629 1428 iugis
655 1331 812 1405 ostendit.
843 1333 891 1405 Eo
915 1358 994 1404 vero
1029 1333 1135 1429 magis
1169 1334 1246 1407 finis

139 1446 189 1520 bic
214 1448 252 1518 in
278 1447 436 1544 coniugio
462 1447 609 1519 intentus
637 1445 834 1532 habebitur,
856 1446 883 1519 si
904 1445 993 1545 prior
1016 1472 1098 1519 uxor
1124 1446 1247 1520 sterilis

141 1561 247 1633 luerit.
277 1561 349 1634 Hoc
372 1588 469 1658 porro
494 1561 646 1647 obtento,
670 1561 859 1633 secundarii
879 1561 962 1633 fines
981 1559 1148 1647 absolute,
1172 1559 1248 1634 licet

141 1704 253 1774 aegre,
275 1676 419 1750 obtineri
439 1693 601 1775 possunt;
623 1702 662 1750 ac
685 1694 772 1750 certe
789 1677 860 1749 viro
877 1676 1024 1750 officium
1044 1676 1249 1752 incumberet

141 1810 173 1863 ut
188 1810 358 1890 satageret
376 1793 484 1866 modis
503 1793 657 1866 omnibus
676 1820 751 1865 cum
770 1779 842 1866 line
855 1793 1014 1891 primario
1031 1817 1245 1891 componere,

143 1907 483 2005 proutapatriarchis
509 1906 577 1980 illis
604 1908 828 1981 sanctissimis
851 1908 973 1980 lactum
999 1905 1139 2003 legimus
1156 1909 1244 2002 (ld).

209 2022 323 2107 Quum
340 2021 478 2120 proinde
494 2022 686 2121 polygamia
704 2022 860 2122 primario
879 2023 963 2094 iuris
980 2021 1143 2100 naturalis
1162 2022 1250 2119 prin-

142 2138 225 2234 cipio
251 2164 319 2209 non
342 2154 522 2236 repugnet,
544 2164 584 2210 ac
603 2138 786 2237 peripsam
807 2138 987 2237 primarius
1005 2137 1152 2235 coniugii
1171 2137 1249 2212 finis

144 2250 346 2337 obtineatur,
372 2279 512 2350 pronum
531 2269 581 2325 est
599 2253 738 2338 inferre,
759 2279 832 2326 eam
851 2277 912 2325 nec
929 2253 1110 2327 intrinsece
1127 2253 1249 2326 malam

143 2393 232 2452 esse,
256 2394 322 2441 nec
344 2368 450 2440 Deum
469 2369 512 2440 ab
530 2396 568 2441 ea
586 2369 783 2467 dispensare
809 2395 876 2441 non
902 2369 1073 2468 potuisse,
1094 2395 1250 2445 secusne

143 2480 299 2555 Calvinus
330 2484 492 2569 senserit,
522 2484 578 2583 qui
606 2484 736 2556 crimini
772 2500 945 2582 propterea
974 2501 1103 2559 vertere
1136 2484 1251 2558 debuit

145 2597 268 2668 sanctis
286 2597 368 2668 viris
387 2597 609 2697 pluralitatem
628 2623 767 2671 uxorum
785 2614 901 2670 contra
918 2614 1066 2696 apertam
1080 2614 1250 2672 'sacrarum

144 2711 386 2810 Scripturarum
413 2714 653 2785 auctoritatem.
1185 2697 1187 2701 Α

212 2828 283 2898 lam
307 2827 349 2899 ad
376 2826 512 2900 alteram
538 2829 698 2929 propositi
725 2845 851 2928 partem
876 2830 1074 2902 accedamus
1100 2844 1248 2927 oportet,

144 2969 179 3014 ac
204 2941 431 3042 polygamiam
459 2945 569 3017 minus
595 2971 671 3018 esse
698 2944 840 3016 naturali
859 2945 922 3015 iuri
941 2945 1163 3029 conformem,
1185 2945 1251 3018 imo

145 3056 188 3128 illi
213 3058 463 3156 quodammodo
488 3060 657 3132 adversari
683 3060 964 3132 demonstremus.

213 3171 317 3245 Paulo
339 3172 513 3271 implerier
530 3190 581 3247 est
598 3174 749 3272 quaestio
774 3200 874 3272 quam
896 3174 1126 3248 excutiendam
1145 3175 1253 3249 susci-

145 3289 252 3384 pimus
267 3288 310 3361 ob
325 3288 553 3362 difficultatem
573 3290 638 3388 ipsi
658 3290 793 3362 insitam
808 3306 840 3362 et
853 3289 896 3361 ob
909 3290 1139 3389 discrepantes
1160 3291 1253 3364 theo-

144 3402 291 3500 logorum
315 3405 509 3477 sententias.

213 3519 403 3592 Difficultas
429 3521 515 3592 enim
538 3521 615 3593 inde
637 3539 708 3594 orta
725 3539 795 3607 est,
817 3522 905 3621 quod
920 3580 927 3607 ,
943 3547 977 3594 re
991 3522 1025 3592 in
1039 3547 1076 3593 se
1089 3537 1249 3622 spectata,

144 3659 200 3705 seu
227 3633 438 3732 praecisione
472 3633 556 3706 lacta
581 3663 600 3706 a
626 3635 740 3708 divina
773 3635 983 3709 institutione
1007 3651 1039 3707 et
1064 3635 1249 3722 mandato,

144 3775 206 3820 non
232 3748 387 3820 rideatur
412 3749 604 3846 polygamia
629 3750 742 3849 aliqua
766 3752 892 3822 ratione
907 3777 926 3822 a
939 3767 1077 3822 naturae
1095 3748 1167 3846 lege
1184 3749 1254 3822 dis-

144 3864 287 3944 sentire,
318 3890 392 3936 cum
419 3891 458 3936 ex
483 3892 550 3937 una
579 3884 689 3963 parte,
719 3866 898 3938 latentibus
925 3864 1102 3952 omnibus,
1132 3865 1255 3964 prima-

144 3979 211 4051 rius
236 3980 384 4075 coniugii
413 3981 489 4052 linis
517 3981 657 4055 obtineri
686 3982 814 4082 possit,
842 3981 1044 4080 quandoque
1067 3981 1166 4054 etiam
1186 4007 1255 4052 me-

144 4092 227 4179 lius,
248 4121 289 4166 ex
308 4094 410 4166 altera
435 4122 513 4169 vero
540 4096 692 4170 absolute
718 4099 802 4170 fines
830 4098 1039 4182 secundarii,
1066 4094 1254 4169 cuiusmodi

144 4226 219 4281 sunt
247 4225 336 4282 reeta
364 4211 465 4308 prolis
494 4211 677 4297 institutio,
706 4212 891 4287 domestica
910 4239 992 4309 pax,
1015 4209 1254 4309 concupiscen-

213 4348 263 4406 (ts)
280 4347 318 4395 ct.
336 4345 476 4395 Bettarmtn.
490 4359 534 4408 cap
545 4349 584 4396 x.
599 4351 673 4410 t’rop.
686 4347 809 4397 secundo.
