2796 5064
249 351 293 424 ss
415 375 476 425 nm.
498 373 547 426 ιιι.
567 374 654 425 srcr.
674 373 698 425 ι.
714 375 754 426 nn
770 376 866 426 sirm
882 374 1003 427 csarsr.
1020 376 1164 429 urrrrtrs.

246 508 350 569 teram
374 493 520 567 ducendi
542 517 698 580 uxorem,
727 493 827 567 simui
852 518 892 567 ec
914 494 1094 570 divortium
1118 523 1140 569 e
1165 496 1279 595 priore
1306 494 1392 570 ier

245 608 398 706 gitimnm
418 606 606 682 declaratur
620 611 733 703 (iso).

319 724 419 798 Porro
431 723 461 807 si
475 736 549 823 post
563 722 661 797 civile
673 723 852 797 diuortium
869 722 937 797 aiio
953 726 1096 798 ducatur
1108 751 1205 810 uxor,
1223 725 1392 825 absque

244 837 348 913 dubio
372 837 583 939 polygamiae
608 855 719 912 reatus
741 838 910 912 inducitur
925 840 1103 914 damnatus
1120 867 1141 913 e
1157 839 1235 937 lege
1250 866 1392 913 eran-

246 952 353 1052 geiioa
379 971 414 1027 et
435 953 621 1053 apostolica
645 970 745 1054 etque
766 981 787 1027 a
807 956 971 1029 constanti
997 956 1173 1030 traditione
1192 971 1229 1030 et
1249 981 1361 1029 sense

242 1067 420 1142 ecciesiae.
435 1068 472 1140 Si
490 1068 579 1142 enim
598 1069 660 1142 rite
681 1068 909 1167 expendantur
929 1095 1016 1169 quae
1035 1096 1074 1143 ιι
1087 1069 1293 1166 Erangeiio‚
1312 1095 1351 1143 ex

241 1183 425 1284 Apostoio,
446 1210 488 1257 ex
507 1184 679 1283 patribus,
702 1184 873 1272 conciliis,
899 1185 1113 1285 romanisque
1132 1184 1352 1284 pontificibus

244 1298 446 1373 adduximus
476 1299 702 1386 documenta,
736 1300 863 1400 patebit
887 1327 927 1373 ea
951 1301 1064 1375 omnin
1087 1300 1196 1397 magis
1227 1300 1351 1373 directe

160 1479 164 1485 .
243 1413 333 1488 irene
356 1413 525 1488 mcundee
549 1415 674 1515 speciei
700 1414 924 1515 polygamiem
946 1415 1122 1514 respicere.
1151 1412 1353 1487 Constanter

242 1529 337 1604 enim
358 1530 427 1604 iere
450 1528 632 1629 loquuntur
655 1529 701 1602 de
722 1529 783 1617 iis,
806 1530 865 1629 qui
889 1527 1003 1603 inlicta
1023 1545 1081 1602 aut
1098 1528 1228 1602 abiecta
1247 1527 1350 1627 priori

242 1671 357 1734 uxore,
370 1645 508 1719 aiteram
521 1645 687 1718 (ὶιιιιιιιιι.
699 1645 864 1730 Quocirca
877 1669 992 1717 omnes
1005 1643 1196 1717 istiusmodi
1213 1642 1349 1716 citerio-

243 1785 297 1836 res
310 1760 447 1861 nuptiae
459 1759 595 1834 totidem
607 1775 686 1833 suut
698 1758 851 1832 adulterii
863 1759 1015 1846 crimine,
1031 1774 1145 1856 utpote
1159 1758 1263 1831 initae
1272 1783 1347 1831 cum

244 1875 482 1976 impedimento
499 1875 674 1948 dirimente
692 1876 877 1972 lipomioie,
897 1872 1049 1972 adeoque
1065 1873 1191 1946 nuliius
1207 1871 1345 1946 valoris.

317 1989 414 2076 Quod
437 2014 516 2063 vem
540 1989 715 2088 speciatim
740 1988 857 2061 attinet
881 1989 924 2060 ad
946 1987 1183 2072 mormonitas,
1209 2013 1287 2061 cum
1312 2010 1348 2059 se

239 2104 444 2179 christianos
476 2105 692 2202 profiteantur
715 2130 755 2178 eo
780 2104 872 2203 quod
903 2103 1042 2176 credent
1070 2102 1105 2174 in
1129 2101 1347 2200 Evangelium

242 2232 276 2291 et
288 2219 324 2290 in
335 2217 511 2292 ecclesiam
529 2218 749 2316 primitivam,
770 2218 805 2290 in
823 2233 973 2317 pastores
990 2233 1024 2290 et
1039 2216 1212 2302 doctores,
1228 2214 1347 2288 saitem

241 2349 280 2407 ut
301 2332 369 2432 ipsi
394 2332 564 2405 niiirmant
584 2334 695 2428 (tsi),
712 2347 781 2405 tum
799 2332 841 2406 ab
855 2331 1036 2428 Evangelio
1048 2345 1117 2403 tum
1129 2318 1174 2402 ab
1185 2328 1348 2404 eeclesiae

241 2447 429 2546 primitivae
446 2473 549 2522 sensu
567 2472 607 2521 ac
624 2448 717 2547 praxi
735 2447 869 2521 abunde
887 2446 1099 2534 refelluntur,
1117 2460 1187 2518 tum
1201 2471 1223 2518 a
1235 2459 1350 2544 pasto-

241 2561 336 2638 ribus
349 2587 390 2636 ιι
402 2562 594 2637 doctoribus
615 2563 796 2637 uniuersis.
817 2562 882 2636 Sed
902 2563 985 2635 heco
1009 2575 1208 2659 argumente
1228 2584 1347 2659 parum

312 2805 378 2867 (ise)
394 2807 430 2855 De
445 2804 531 2868 Anglii
546 2817 583 2854 res
596 2805 633 2854 est
646 2804 775 2866 espiorata,
788 2805 843 2866 post
855 2816 929 2866 qoem
943 2802 1075 2852 diroriinm
1086 2814 1230 2853 comm
1240 2805 1288 2853 eei.

310 2885 319 2942 i
325 2884 377 2946 157)
393 2886 456 2933 Sene
467 2884 585 2948 Iosephus
594 2882 672 2933 Smitir
683 2884 769 2933 auctor
781 2884 859 2931 sectae
873 2881 936 2930 inter
948 2880 1064 2930 articulos
1079 2878 1170 2943 quibus
1181 2879 1346 2929 mormonicee

239 2959 295 3014 fidei
305 2964 477 3027 professionem
488 2962 595 3026 exhibet,
607 2960 687 3026 primo
697 2961 752 3011 ioco
762 2960 856 3024 posuit:
868 2962 921 3011 iios
929 2958 1060 3009 credimur
1068 2962 1094 3008 tn
1103 2961 1186 3008 Derim
1191 2960 1348 3019 Petreium!

238 3045 267 3094 te
278 3042 380 3094 Filium
389 3046 446 3094 mss
458 3045 547 3093 ierom
559 3041 692 3092 dimotum
707 3043 733 3090 et
746 3044 774 3090 in
790 3043 917 3103 spiritum
928 3042 1063 3090 sonetum.
1072 3064 1081 3076 ·
1090 3037 1183 3089 Deinde
1195 3051 1256 3089 rere
1267 3042 1314 3089 nrt
1323 3046 1346 3088 s.

241 3142 253 3164 ι
267 3124 320 3172 Νοι
329 3121 460 3174 credimus
470 3122 534 3173 doec
546 3122 674 3173 divinitus
688 3133 741 3171 esse
752 3122 872 3183 imposita
887 3119 921 3168 oi
935 3118 1095 3182 annoeiio:
1115 3127 1136 3168 ι.
1146 3118 1242 3169 Fidem
1257 3121 1287 3170 in
1300 3121 1347 3170 De·

238 3200 341 3251 minem
354 3204 442 3251 iesum
460 3202 601 3254 christum.
616 3206 1032 3266 2.Poerritentiom.s.13optismo
1048 3215 1097 3266 per
1112 3204 1306 3253 immersionem
1320 3203 1346 3250 ie

238 3283 414 3332 mueronem
427 3285 750 3346 marmaricenus
758 3282 888 3333 credimus
896 3287 925 3333 in
935 3281 1044 3333 eosdem
1054 3284 1346 3347 constitutionemque

237 3361 327 3411 estitit
340 3364 368 3410 in
382 3363 521 3424 primitiva
535 3361 657 3423 ecclesio,
673 3361 704 3413 td
717 3365 755 3413 est
771 3363 917 3427 apostolos,
931 3362 1087 3427 prophetas,
1101 3364 1240 3425 pastores,
1259 3362 1345 3415 decio·

238 3450 293 3498 res,
313 3438 496 3501 eoonqelistos.
516 3441 568 3488 Ari.
586 3446 608 3489 s.
622 3442 675 3489 iios
695 3439 824 3491 credimus
839 3441 928 3490 Bidiia
945 3454 997 3490 esse
1014 3441 1124 3490 verdum
1136 3443 1306 3505 Deimprout
1320 3443 1345 3489 ei

237 3515 368 3569 credimus
384 3515 483 3568 librum
494 3520 636 3569 Memnonis
646 3531 699 3570 erse
708 3519 816 3570 vedum
832 3523 884 3570 Dei.
895 3523 944 3570 Nos
959 3520 1081 3570 oredimus
1095 3517 1221 3583 quidquid
1232 3522 1300 3571 ῠιιιι
1312 3530 1346 3570 re

240 3596 347 3656 scierit,
361 3599 386 3646 et
394 3595 515 3660 quidquid
533 3597 607 3648 modo
622 3598 726 3661 rereint,
742 3599 913 3662 credimusque
931 3612 987 3649 enm
1004 3599 1051 3649 niis
1071 3599 1141 3661 piore
1158 3611 1213 3650 esse
1228 3601 1347 3652 revehen-

239 3688 292 3725 rom
310 3675 381 3724 mciii
397 3677 531 3739 momenti,
551 3689 614 3740 qnae
632 3676 663 3728 ad
682 3678 727 3727 Dei
747 3691 845 3740 regnum
865 3679 992 3742 pertinent.
1009 3677 1139 3728 credimus
1154 3679 1207 3728 iore
1227 3681 1255 3728 nt
1272 3679 1346 3729 lsraei

237 3754 364 3806 iitemiiter
382 3758 554 3818 congregetur,
574 3754 707 3819 decemque
725 3756 803 3807 tribus
819 3757 1002 3819 instaurentur,
1019 3761 1043 3807 et
1060 3758 1117 3806 Sion
1138 3757 1164 3806 in
1183 3759 1231 3808 hec
1250 3759 1348 3823 regione

239 3838 338 3900 (sempe
347 3835 373 3886 in
383 3836 494 3886 Amerioe
505 3836 703 3899 septmuionsii)
712 3835 864 3900 eedidcetur,
876 3841 901 3887 et
912 3839 1023 3888 Christus
1032 3838 1192 3901 personeiiier
1199 3838 1227 3888 io
1234 3841 1302 3890 tem
1311 3849 1347 3890 re·

237 3919 301 3979 gnei
312 3917 354 3964 lus
367 3914 437 3966 nobis
452 3916 583 3967 asserimus
598 3915 715 3966 adorandi
731 3917 921 3980 omnipotentem
934 3920 1012 3967 Βιιιιι
1023 3918 1092 3968 iuxta
1105 3920 1215 3968 nostram
1226 3920 1349 3972 seneen

237 3993 430 4058 semidiemque
440 3994 716 4058 pririieqinmomnibus
726 3995 882 4045 concedimus
892 3996 1192 4060 quidquid,etquomodo
1202 4010 1232 4048 oc
1241 3996 1350 4049 obicum

237 4088 286 4139 qne
295 4073 376 4125 coiere
385 4074 595 4124 vestrissimum
603 4075 806 4124 conciuditriiiei
814 4077 892 4138 petest
900 4089 944 4125 nos
952 4076 1020 4138 sequi
1031 4077 1099 4126 Pauli
1111 4077 1251 4140 monitum,
1264 4078 1351 4128 omnin

236 4155 371 4216 credimus,
386 4153 470 4204 omnin
486 4167 619 4218 speremus.
633 4158 686 4205 «An
697 4154 811 4217 ertqinoi
827 4154 931 4219 hortere
942 4158 990 4205 ete.
1001 4169 1026 4219 p.
1038 4161 1108 4207 itis·
1120 4159 1151 4206 in
1163 4159 1210 4208 inc
1222 4157 1281 4208 iidei
1293 4173 1348 4222 pro·

238 4226 342 4286 ¹sessione
353 4246 383 4285 ne
406 4233 508 4283 verbum
527 4233 626 4297 quidem
641 4232 710 4284 adest
725 4234 757 4284 de
769 4234 952 4297 polygamiarii
962 4235 1064 4286 solemni
1075 4236 1146 4298 praxi
1156 4237 1184 4288 id
1193 4241 1280 4303 postea
1290 4238 1349 4290 imi

237 4318 293 4365 srrut
309 4315 477 4366 huiusmrnodi
488 4316 575 4365 sensti
587 4314 654 4377 quod
666 4314 697 4364 sb
709 4315 779 4367 initio
789 4315 869 4366 verbis
881 4315 989 4379 profiteri
1000 4329 1050 4368 nen
1063 4316 1195 4369 audebant.
