2796 5064
151 352 220 425 m
298 372 360 424 ιιι.
376 371 424 423 m.
439 370 527 423 sior.
547 370 678 421 sarran
699 369 739 420 ιι
752 368 864 421 muros.
880 369 981 421 mm.
1002 369 1128 422 csmsr.

149 517 260 592 possa.
282 490 426 565 lstomm
443 488 619 562 andaciam
642 488 740 585 fregit
761 487 940 562 oonoilinm
965 487 1202 574 tridentinum,
1217 506 1248 562 nt

148 604 450 682 moxnidsbimus.

221 718 425 805 lanseniani,
442 719 500 818 qni
513 718 767 819 protestantium
780 719 922 816 vestigia
935 743 1090 818 premere
1104 718 1173 792 sibi
1190 745 1252 820 pro

149 850 357 936 posuerunt,
386 833 540 908 eamdam
570 833 761 907 instaurare
788 833 975 908 doctrinam
1005 836 1164 932 aggressi
1189 853 1254 908 sunt

149 951 385 1052 impugnantes
410 948 642 1024 definitionem
666 949 801 1024 concilii
822 950 1016 1037 tridentini,
1037 975 1079 1024 ao
1097 950 1129 1024 si
1150 950 1256 1024 adrer-

149 1079 281 1140 sanetur
303 1065 495 1166 Scripturas
515 1081 549 1138 ot
570 1065 754 1139 traditioni.
776 1064 866 1138 Inter
889 1090 977 1166 quos
1002 1065 1159 1140 eminent
1180 1065 1257 1139 Lori-

149 1180 596 1277 dant(3)‚1’ild(d),inxta
619 1206 721 1281 quem
748 1179 833 1254 fides
858 1181 948 1255 eirca
974 1181 1186 1256 matrimonii
1214 1182 1257 1253 in-

149 1293 442 1370 dissolubilitatsm
467 1295 629 1369 asnonio
662 1295 862 1370 duodecimo
893 1294 1076 1370 obscurata
1113 1311 1192 1383 est,
1223 1321 1257 1368 ao

150 1409 281 1484 irritum
297 1424 350 1484 est
366 1408 557 1485 habendum
576 1409 748 1484 tridentini
772 1411 907 1494 oonsilii
932 1411 1126 1500 decretum,
1152 1428 1191 1484 nt
1211 1413 1256 1485 eui

149 1524 294 1599 doinsrm
317 1524 512 1599 necessaris
541 1523 690 1599 libertas.
721 1525 791 1600 Hos
814 1540 962 1600 sectatus
985 1542 1040 1600 est
1064 1524 1256 1609 sanamur,

150 1639 209 1740 qui
235 1666 295 1715 eos
319 1640 424 1714 [arms
451 1639 628 1727 sxsoribit,
659 1654 776 1740 utpote
800 1639 921 1715 iisdem
948 1641 1134 1741 principiis
1162 1641 1259 1714 imbu-

23 1764 26 1771 ’
150 1757 286 1852 roto).

223 1870 445 1947 Nullasntem
464 1871 592 1946 rstion'e
609 1871 686 1946 ferri
699 1887 826 1972 potest,
842 1870 933 1971 quod
946 1869 1087 1970 scripsit
1098 1872 1260 1946 liuldona

151 2002 206 2060 tus
226 2011 288 2061 sen
304 1987 416 2086 potius
434 2003 550 2062 auctor
564 2013 622 2088 op.
637 1987 687 2061 Dr
701 1989 914 2061 momentis
932 1986 1007 2061 eius
1032 1972 1175 2062 nomine
1194 1986 1260 2061 rul-

150 2099 219 2196 gati
236 2102 284 2195 (6)
297 2100 341 2173 de
352 2099 417 2175 hoo
429 2117 645 2198 argument03
661 2126 738 2175 enm
756 2100 845 2174 onim
864 2100 1013 2201 quinqua
1033 2103 1259 2201 praemisisset

150 2212 366 2288 difficultates
399 2214 524 2315 quibus
557 2231 695 2313 urgetur
725 2215 876 2291 doctrina
909 2215 1077 2290 catholiea
1101 2216 1149 2291 de
1177 2216 1259 2291 solu·

151 2327 243 2402 tione
267 2328 470 2403 matrimonii
493 2330 556 2405 rati
579 2347 613 2404 et
636 2357 703 2406 non
728 2331 968 2419 eonsummati,
994 2331 1131 2406 subdit:
1152 2332 1259 2405 «Haeo

151 2460 349 2542 argumenta
364 2444 521 2520 videntur
537 2445 620 2519 mihi
639 2445 766 2521 habere
784 2473 850 2521 non
869 2472 971 2547 posse
992 2444 1099 2521 ullam
1127 2475 1259 2549 respon·

151 2560 299 2649 sionem,
317 2562 383 2635 nisi
402 2578 459 2635 ant
477 2563 716 2648 concedamus,
737 2564 984 2638 matrimonium
1003 2580 1116 2638 ratum
1136 2580 1170 2639 et
1186 2590 1259 2639 non·

151 2675 232 2750 dum
250 2693 517 2751 consummatum
533 2703 599 2750 non
613 2703 691 2751 esse
702 2704 817 2750 rernm
831 2677 1083 2751 matrimonium
1100 2696 1259 2753 atrorum

152 2806 419 2877 sacramentnm,
447 2806 506 2864 ant
529 2807 617 2864 oerte
648 2789 823 2864 ecclesiam
850 2793 899 2863 ito
922 2793 1156 2877 eristimosso,
1190 2818 1258 2866 cum

151 2905 298 2980 decrerit
323 2904 424 2979 licere
449 2922 525 3006 post
554 2906 802 2980 matrimonium
828 2922 955 2992 ratum,
986 2907 1143 2982 conferre
1165 2935 1201 2981 sa
1222 2905 1259 2978 ad

152 3021 365 3119 religionem,
385 3021 490 3096 altero
507 3022 648 3119 coniuge
662 3022 779 3108 invito,
795 3038 828 3095 at
840 3020 940 3094 licere
953 3019 1048 3093 alteri
1069 3022 1168 3096 adire
1183 3023 1259 3096 alias

152 3136 300 3234 nuptias.
327 3135 425 3223 Quod
450 3152 560 3210 antem
586 3137 651 3210 hoo
676 3162 779 3210 sensu
805 3135 947 3210 ecclesia
978 3134 1171 3224 definierit,
1199 3162 1259 3210 ma·

153 3250 311 3323 nitestum
337 3268 452 3325 estex
478 3251 547 3325 illis
572 3253 729 3326 omnibus
755 3252 941 3326 canonibus
974 3251 1103 3351 quibus
1138 3253 1257 3327 statuit.

152 3365 234 3436 Nam
261 3364 295 3436 in
321 3364 390 3438 illis
416 3367 573 3441 omnibns
598 3367 749 3440 nominat
771 3392 924 3466 sponsum
948 3381 981 3439 et
1005 3394 1164 3465 sponsam
1187 3394 1259 3451 sos,

152 3478 210 3578 qni
242 3479 410 3552 coniuncti
441 3497 521 3554 sunt
550 3481 762 3555 matrimonio
798 3499 889 3568 rato,
920 3507 985 3555 non
1017 3501 1258 3567 consummato.

152 3595 324 3693 Nusquam
343 3611 453 3669 autom
472 3596 619 3698 appellat
636 3598 813 3696 coningos,
832 3623 943 3698 neque
959 3597 1139 3686 maritum,
1162 3622 1262 3698 nsque

152 3734 300 3783 uxorem.
318 3709 413 3785 Adde
434 3711 525 3811 qnod
548 3712 584 3785 in
605 3712 775 3786 nonnullis
802 3713 903 3786 etiam
928 3738 969 3785 ex
994 3711 1065 3787 illis
1091 3715 1264 3789 manifeste

222 3973 257 4034 (ο)
274 3974 394 4024 Examen
410 3972 443 4022 de
457 3971 529 4024 deus
545 3978 676 4039 questions
691 3987 739 4025 sur
755 3974 779 4024 lo
793 3977 925 4037 orariope,
943 3986 998 4036 pag.
1008 3976 1055 4024 458
1067 3987 1141 4038 seqq.

224 4052 260 4113 (4)
277 4054 385 4103 υἰιιονί.
395 4054 447 4102 Sur
461 4052 633 4104 lindissolub.
645 4052 754 4104 absolue
769 4053 806 4104 du
824 4052 876 4103 lien
893 4052 1027 4115 conjuoal.
1040 4061 1064 4103 2.
1077 4055 1218 4106 sotio-1².

224 4131 259 4192 (ο)
278 4133 411 4196 Principes
428 4134 477 4184 etc.
491 4131 535 4182 ud.
548 4141 629 4198 apag.
640 4135 772 4183 xxxvssl.
784 4136 809 4184 ot
826 4146 881 4198 pag.
892 4140 937 4185 aas
951 4145 1004 4196 sou.
1013 4134 1039 4184 et
1052 4134 1147 4185 iterum
1160 4148 1214 4200 pap
1226 4139 1263 4184 stt

152 4224 204 4274 seq.
215 4211 239 4261 in
252 4224 316 4262 nora
331 4214 413 4263 autern
429 4212 468 4263 ed.
480 4226 534 4278 pag.
548 4221 590 4264 ιιι
604 4227 673 4277 seqq.
686 4215 724 4265 ct.
735 4228 774 4279 ap.
788 4214 899 4265 carrisro
910 4217 969 4264 tom.
982 4217 1002 4263 Ι.
1012 4227 1037 4263 n.
1051 4220 1109 4267 sot.

225 4289 259 4350 (ο)
274 4290 314 4340 ct.
327 4288 458 4354 Alegamb‘e
472 4290 497 4341 in
513 4291 628 4342 Bibliottr.
640 4305 690 4342 soc.
703 4295 766 4343 tiso.
