2842 5056
220 349 290 419 828
364 368 426 419 urs.
437 367 485 420 ru.
501 369 587 419 arur.
605 366 735 419 rursm.
752 366 792 419 os
808 367 922 420 mursa.
940 369 1034 419 urrn.
1053 367 1177 421 eumer.

218 488 344 575 ditem,
372 503 405 560 et
429 487 473 560 ab
497 512 537 560 eo
563 486 616 561 cui
643 485 765 560 tradita
789 485 917 575 fluerat,
941 487 1028 586 patri
1053 487 1342 576 commendatam,

219 605 326 678 donec
351 617 476 677 statuta
500 601 557 674 die
582 602 615 673 in
642 601 780 676 domum
810 627 907 675 suam
938 599 995 675 ille
1026 600 1243 676 traduceret:
1270 602 1345 677 dieo

218 719 309 820 qnod
336 717 482 815 legitimo
499 742 668 791 consensu
686 716 947 801 interveniente,
966 714 1008 790 ex
1031 740 1073 791 eo
1090 715 1207 791 statim
1224 711 1343 790 coniux

220 833 338 918 luerit,
358 831 450 931 quod
468 847 654 931 spontanea
679 830 849 904 voluntate
875 855 951 903 sese
975 829 1153 927 coniugem
1171 854 1251 904 esse
1268 856 1344 905 con·

221 945 379 1032 senserit,
411 973 477 1019 non
505 947 594 1018 enim
621 945 770 1019 futurum
795 943 1068 1044 promittebatur,
1090 943 1158 1018 ¹sed
1185 971 1343 1044 praesens

221 1060 492 1135 confirmabatur.
523 1060 733 1162 Quapropter
757 1059 924 1160 quidquid
949 1084 1027 1133 cum
1044 1058 1112 1133 aliu
1130 1061 1341 1160 postmodum

221 1177 343 1250 lactum
358 1193 409 1250 est
426 1176 460 1248 in
478 1175 568 1249 coitu
586 1176 658 1249 sive
682 1176 717 1249 in
741 1175 958 1274 generatione
974 1174 1101 1275 prolis,
1122 1191 1216 1249 tauto
1234 1201 1341 1276 repre·

220 1292 424 1366 heneibilius
435 1308 488 1364 est
500 1291 705 1380 secundum,
721 1306 848 1392 quanto
860 1291 973 1364 verius
987 1292 1146 1390 primum.
1162 1290 1342 1366 Constante

220 1408 310 1480 enim
336 1407 464 1507 primo,
492 1423 618 1506 quanto
643 1406 789 1507 amplius
815 1407 850 1478 in
867 1408 974 1480 Deum
996 1405 1235 1497 committitur,
1257 1424 1342 1481 tanto

220 1523 329 1620 magis
352 1523 451 1624 culpa
476 1539 627 1620 augetur.
658 1520 719 1594 llis
745 1547 824 1618 ergo
849 1520 1013 1617 cognitis,
1034 1519 1133 1594 facile
1153 1521 1218 1595 erit
1245 1546 1342 1620 nego-

221 1640 304 1713 tium
323 1642 549 1738 praesentium
572 1639 688 1713 latoris
707 1655 784 1712 tuae
800 1636 994 1712 discretioni
1013 1635 1126 1710 debito
1145 1636 1214 1711 fine
1232 1639 1341 1711 termi-

224 1781 304 1828 nare
324 1757 472 1850 tlon.»

297 1869 386 1956 Quid
412 1896 511 1970 porro
536 1870 685 1944 decernit
711 1870 745 1942 in
776 1869 839 1943 boc
869 1868 1070 1944 documento
1101 1869 1341 1944 lnnocentiusl

222 1987 294 2061 Non
321 2012 423 2086 posse
456 2013 516 2086 per
548 1986 796 2059 matrimonium
827 2002 1095 2059 consummatum
1126 1983 1337 2086 subsequens

221 2101 334 2174 dirimi
367 2101 615 2175 matrimonium
651 2118 775 2188 ratum,
803 2100 893 2200 quod
925 2126 1023 2175 nemo
1058 2101 1245 2198 negaverit.
1275 2101 1339 2172 lam

221 2216 409 2315 veroquid
436 2216 500 2289 hoc
529 2243 706 2290 commune
735 2216 837 2289 babet
872 2243 947 2289 cum
973 2217 1174 2316 quaestione
1205 2213 1339 2290 nostra?

222 2330 314 2402 Nihil
341 2357 490 2430 prorsus.

296 2448 509 2549 Quapropter
532 2467 565 2522 et
591 2451 806 2524 Innocentius
829 2451 888 2521 ΙΙΙ.
910 2475 1051 2523 ecensu
1070 2449 1269 2523 Pontificum
1288 2445 1341 2519 ali·

224 2582 274 2637 ter
305 2566 521 2638 sentientium
558 2567 772 2666 seponendus
804 2582 867 2639 est.
903 2565 984 2638 Cum
1018 2590 1097 2637 vero
1123 2564 1187 2638 soli
1216 2564 1251 2635 hi
1277 2581 1340 2635 tres

224 2681 465 2780 perhibeantur
490 2682 660 2754 doctrinae
685 2680 727 2753 dc
746 2699 909 2780 potestate
928 2680 1100 2778 pontificia
1120 2681 1154 2751 in
1174 2677 1340 2754 solvendis

221 2798 389 2894 coniugiis
425 2798 505 2870 ratis
540 2797 718 2884 contrarii,
752 2798 970 2895 consequitur
1008 2812 1242 2892 argumentum
1280 2794 1340 2866 hoc

222 2913 312 2983 omni
340 2913 476 2985 destitui
504 2912 732 2985 fundamento.

294 3028 389 3100 Dixi:
413 3029 468 3099 hoa
488 3029 574 3100 soloe
596 3029 764 3126 perhiberi
781 3031 854 3101 huic
873 3029 1036 3101 doctrinae
1058 3031 1259 3101 contrarios:
1283 3051 1340 3098 neo

220 3144 310 3215 enim
344 3171 513 3218 moramur
546 3173 631 3244 quas
660 3145 765 3245 aliqui
796 3147 942 3218 referunt
978 3144 1172 3218 historiolae
1202 3145 1246 3217 de
1279 3143 1340 3213 lla-

222 3259 341 3331 driano
365 3262 417 3330 lll.
441 3279 474 3334 et
500 3263 693 3336 Innocentio
717 3262 803 3332 Vlll.
827 3262 931 3346 Quasi
951 3287 1072 3359 nempe
1091 3261 1183 3359 prior
1200 3261 1338 3331 miratus

223 3372 322 3444 luerit
347 3373 389 3444 de
414 3374 592 3460 Caietano,
614 3378 703 3476 quod
732 3377 764 3446 in
785 3394 927 3449 montom
947 3375 1092 3471 theologi
1114 3375 1199 3447 baec
1217 3372 1341 3446 venerit

222 3490 408 3574 sententia,
425 3516 464 3561 ac
483 3493 615 3563 tandem
635 3491 839 3591 improbitati
859 3492 982 3563 ccdens
1001 3489 1205 3590 postulantis
1223 3489 1341 3561 direm-

223 3603 370 3703 ptionem
398 3606 619 3703 responderit,
642 3634 678 3678 so
697 3607 777 3678 darc
795 3606 884 3704 quod
905 3623 1037 3704 posset,
1059 3605 1120 3677 etsi
1141 3628 1340 3704 persuasum

222 3717 414 3792 haberetne
432 3719 516 3790 nihil
539 3746 648 3818 posse.
680 3722 770 3794 Haec
787 3723 876 3792 enim
897 3720 1017 3793 labella
1036 3721 1150 3818 seipsa
1167 3719 1338 3801 conlutat;

221 3860 298 3904 nam
325 3836 480 3930 ignorare
506 3861 571 3907 oon
601 3853 729 3933 poterat
753 3837 872 3908 doctus
899 3853 931 3906 et
958 3837 1034 3932 pius
1061 3834 1116 3906 hic
1143 3832 1296 3905 Pontifex
1322 3860 1341 3904 a

223 3950 539 4045 praedecessoribus
565 3952 638 4024 suis
665 3952 805 4023 llertino
829 3951 866 4019 ll.
889 3967 921 4020 et
945 3950 1096 4045 Eugenio
1115 3950 1168 4019 lv.
1195 3948 1343 4046 aliisque

225 4080 300 4159 post
332 4091 390 4137 eos
421 4066 533 4138 datam
569 4067 734 4138 eiusmodi
770 4065 1058 4163 dispensationem
1090 4063 1216 4148 luisse;
1251 4060 1345 4135 nulla

224 4179 363 4273 proinde
388 4182 418 4251 ai
447 4183 530 4254 ratio
556 4181 756 4281 suppetebat
780 4180 1028 4266 admirationis,
1049 4179 1138 4278 quod
1159 4179 1344 4251 Caietanns

292 4332 360 4389 (1³7)
377 4331 445 4391 Apud
468 4331 585 4380 nardulo.
599 4336 658 4382 tom·
677 4335 716 4378 vl.
734 4344 786 4392 par.
801 4333 831 4379 tt,
847 4330 894 4380 rol.
912 4333 978 4378 utto.
