2796 5064
234 333 308 409 ‘3¹28
385 347 1071 408 nm.n1.srnr.rarrm.nnmnus.mrn.
1088 347 1219 403 muer.

124 520 128 541 .
238 490 293 551 est
309 474 352 549 de
369 472 502 571 legibus
525 471 695 560 romanis,
713 469 781 544 dici
801 469 929 572 pariter
945 466 1046 545 debet
1058 467 1102 543 de
1113 466 1252 569 legibus
1265 495 1355 545 saxo·

239 590 340 665 nicis.
356 587 531 689 Siquidem
548 587 583 660 in
600 585 784 661 Ethelherti
801 584 935 685 legibue
952 584 1065 661 adhuc
1082 583 1234 661 habetur
1258 585 1280 659 l.
1296 587 1351 661 32.

241 706 304 779 «Si
321 704 407 779 liber
431 703 532 780 homo
548 729 625 778 cum
643 702 739 779 liberi
758 701 908 780 hominis
929 727 1035 778 uxore
1049 700 1276 777 concubuerit
1294 730 1357 777 ror·

235 820 363 921 ripeldo
386 846 449 897 suo
466 817 627 909 redimat,
648 836 682 894 et
698 817 801 895 aliam
819 817 995 895 mulierem
1013 817 1150 920 propria
1176 845 1245 893 sua
1267 845 1358 921 peon·

239 935 297 1012 nia
320 951 426 1024 emat,
454 950 489 1008 et
511 934 561 1008 illi
586 933 681 1009 alteri
706 934 753 1008 ad
776 930 987 1031 domicilium
1006 932 1155 1009 adducat
1169 935 1311 1031 (fill-³

310 1049 499 1125 Verisimile
524 1066 696 1150 praeterea
714 1067 766 1126 est
782 1048 1002 1149 Theodorum·
1015 1074 1132 1125 secum
1150 1049 1189 1122 in
1206 1049 1355 1150 hngliam

239 1165 332 1241 haud
344 1190 470 1266 paucos
481 1165 586 1241 libros
605 1166 678 1241 sive
695 1192 835 1265 graecos
847 1166 921 1241 aive
931 1163 1056 1240 latinos
1069 1163 1252 1255 detulisse,
1266 1192 1357 1266 prae·

238 1280 340 1381 cipue
354 1308 434 1357 vero
451 1306 646 1381 graecorum
665 1308 831 1357 canonum
856 1279 1089 1371 collectiones,
1109 1281 1297 1384 exquibus
1312 1308 1357 1357 se·

239 1399 370 1500 quioris
396 1398 471 1475 aevi
501 1424 667 1474 canonum
700 1396 987 1499 poenitentialium
1014 1396 1258 1496 compilatores
1287 1395 1355 1471 illos

239 1539 387 1591 canones
408 1530 657 1615 excerpserunt,
673 1540 762 1616 quae
778 1515 967 1589 conterrent
981 1512 1026 1588 ad
1042 1538 1178 1588 morum
1196 1529 1355 1614 corrupte

239 1627 309 1704 lam
327 1629 636 1720 cohonestandum,
657 1628 794 1730 illisque
804 1656 894 1730 quae
905 1645 977 1705 tum
988 1627 1218 1718 aTheodoro,
1233 1646 1303 1705 tum
1317 1627 1354 1703 ab

238 1744 383 1844 llgberto
405 1745 660 1847 archiepiscopo
685 1745 880 1822 eboracensi
902 1746 995 1821 circa
1014 1745 1251 1821 omnimodam
1274 1743 1353 1819 indis

231 1859 479 1941 amabilitatem
501 1860 684 1937 constituta
701 1860 834 1936 inerant
849 1860 1131 1935 interseruerunt.¹
1149 1859 1283 1933 Exinde
1301 1887 1353 1961 ap

238 1990 335 2078 paret
349 1974 543 2052 eorumdem
560 2001 728 2052 canonum
745 1975 977 2051 contradictio.
996 1975 1082 2049 Nam
1095 1973 1133 2049 in
1145 1972 1280 2050 eisdem
1294 1974 1353 2049 col·

238 2090 454 2181 lectionibus,
462 2119 551 2193 qnae
563 2107 634 2167 tum
647 2093 821 2168 Theodoro
833 2109 904 2168 tum
916 2092 1061 2192 Egberto
1072 2091 1284 2181 tribuuntur,
1292 2108 1351 2167 tun

230 2232 386 2285 ‚oenones
403 2207 587 2296 habentur,
603 2234 692 2308 quae
708 2207 912 2285 solutionem
927 2205 1055 2282 vinculi
1071 2205 1278 2296 admittnnt;
1292 2222 1351 2280 tum

239 2348 388 2399 canones
413 2324 473 2424 qui
498 2340 613 2425 aperte
637 2324 842 2401 matrimonii
870 2322 1237 2412 indissolubihtatem,
1262 2322 1350 2397 edan

239 2463 302 2536 pro
326 2463 408 2513 casu
433 2437 588 2514 adulterii
617 2455 829 2538 agnoscunt,
856 2465 933 2513 cum
964 2437 1051 2514 alias
1080 2437 1226 2538 nuptias
1252 2435 1350 2541 prohi-

238 2551 357 2639 beant,
385 2567 420 2627 et
443 2570 573 2628 tantum
600 2557 847 2657 separationem
871 2553 1066 2657 permittant
1083 2556 1203 2652 (272).

313 2668 425 2770 Opera
443 2687 553 2746 tamen
571 2688 605 2746 et
620 2672 811 2748 constantia
835 2696 921 2748 rom.
939 2670 1136 2772 pontificum
1157 2666 1348 2771 pedetentim

239 2783 407 2859 eiusmodi
432 2785 560 2861 abusus
577 2814 619 2862 es
639 2814 779 2863 romana
800 2787 891 2864 cirili
909 2786 1125 2888 potissimum
1149 2783 1348 2884 legislatione

239 2901 477 3002 provenientes
491 2902 613 2977 sublati
628 2919 707 2978 sunt
719 2929 760 2978 ex
771 2904 930 2978 universa
943 2902 1143 3002 praesertim
1160 2894 1348 2977 occidentali

239 3015 401 3107 ecclesia,
429 3035 530 3120 atque
553 3019 597 3092 ad
623 3019 800 3120 pristinam
825 3019 1050 3118 integritatem
1076 3018 1239 3093 doctrina
1261 3041 1347 3092 eran·

226 3131 348 3230 gelius
363 3152 397 3208 et
413 3133 600 3234 apostolica
624 3133 666 3210 de
687 3134 815 3211 vinculi
839 3132 1039 3210 omnimoda.
1056 3133 1347 3210 indissolubilitete

313 3337 380 3397 (tit)
396 3338 465 3401 Apud
477 3339 593 3391 schroedl
603 3339 644 3404 op.
655 3340 697 3391 cit.
709 3342 752 3404 qui
762 3340 873 3404 apposite
883 3353 938 3404 pag.
948 3345 986 3391 52.
999 3340 1031 3390 de
1042 3337 1139 3402 iegibus
1149 3341 1217 3403 regis
1229 3332 1346 3391 Etbrlberil

237 3413 359 3465 disserens
377 3417 437 3467 haec
459 3418 544 3483 habet3
557 3440 569 3464 «ι
578 3422 653 3482 Leges
664 3420 730 3471 circe
741 3421 926 3472 matrimonium
940 3418 1037 3484 spiritui
1055 3419 1177 3471 missiae
1196 3433 1248 3470 non
1261 3416 1347 3469 ornnht

240 3493 401 3558 respondent,
416 3497 485 3558 qnod
500 3498 591 3549 mirum
602 3503 706 3551 nouem.
719 3502 796 3552 Multa
811 3501 878 3552 enim
895 3500 962 3564 apud
981 3501 1137 3562 Genusum,
1154 3499 1266 3551 maxime
1278 3491 1346 3561 quoti

240 3574 451 3625 matrimoniorum
469 3577 616 3628 solutionem
633 3579 659 3629 in
674 3593 720 3630 usu
734 3581 820 3644 erant,
838 3593 902 3644 quae
917 3578 1009 3630 severis
1024 3578 1176 3629 christianae
1194 3575 1346 3643 religimblt‘

239 3651 311 3716 gibus
331 3655 473 3718 contraris,
494 3657 575 3706 tamen
595 3660 695 3722 propter
714 3659 812 3721 longam
832 3662 857 3709 et
881 3659 912 3709 ab
932 3656 1040 3722 antiquis
1059 3657 1220 3721 temporibus
1240 3658 1347 3720 meeum

238 3729 456 3798 cousuetudinem,
470 3749 515 3787 nec
526 3750 574 3787 non
587 3741 686 3803 propter
695 3739 809 3790 intimum
821 3751 911 3791 nexum
922 3752 977 3791 cum
993 3737 1048 3789 aliis
1058 3737 1206 3790 eonrmdem
1217 3736 1347 3803 popnbrm

239 3811 334 3877 legibus
343 3816 368 3864 et
378 3815 463 3865 usibus
473 3817 569 3867 nonnisi
582 3821 637 3884 post
648 3819 749 3882 aliquod
759 3821 855 3883 tempus
866 3833 909 3884 per
920 3818 1030 3870 eamdem
1042 3819 1189 3882 religionem
1199 3817 1297 3882 corrigi,
1303 3827 1345 3864 Μ·

239 3891 336 3955 torique
355 3896 513 3956 potuerunt.»

312 3972 377 4036 (272)
393 3973 431 4024 ci.
446 3975 564 4027 schmedi
579 3977 698 4041 opsitp.
710 3985 749 4030 itt
766 3991 836 4042 seqq.
846 3976 1003 4031 Theodorum
1014 3978 1170 4042 reroplnres
1179 3991 1266 4036 secum
1278 3984 1346 4038 ιφῠῐ·

239 4052 304 4103 tasse
321 4066 420 4116 graecos
436 4055 462 4105 et
478 4055 569 4107 latinos
584 4057 660 4108 libros
675 4060 779 4109 testatur
790 4059 852 4109 tohu
862 4059 968 4110 lohnson
980 4059 1006 4109 in
1018 4059 1068 4109 roi.
1077 4060 1097 4109 1.
1111 4061 1207 4124 uegnm
1217 4052 1344 4110 eremi·

239 4131 265 4181 et
277 4144 400 4183 munuum
414 4134 508 4199 anglice
522 4136 733 4201 mnecrlptorum,
754 4138 798 4202 qni
816 4138 1001 4202 diligentissime
1018 4151 1056 4189 res
1069 4139 1198 4190 Theodori
1221 4134 1346 4205 perstruit!

241 4213 290 4273 est,
303 4212 423 4265 scribens:
440 4217 500 4264 «ile
514 4217 674 4282 (Theodoro)
693 4216 799 4282 brought
819 4232 879 4270 over
896 4218 957 4269 with
973 4219 1026 4270 him
1039 4232 1113 4284 many
1127 4219 1210 4272 Greek
1225 4216 1274 4272 aad
1286 4211 1344 4271 uti!

240 4287 342 4343 bools.»
352 4292 423 4357 Apud
435 4294 543 4347 wilkins
560 4297 677 4349 consilto
691 4300 739 4349 etc.
753 4300 812 4350 tom.
825 4301 844 4351 1.
853 4311 908 4365 pag.
921 4302 960 4351 tr.
