2796 5064
270 436 566 491 catanensem
580 440 1122 495 raanan.mnrssmarnaara..
1183 422 1249 493 261

207 556 261 628 Ex
275 556 332 630 his
346 557 698 631 animadversionibus
717 557 815 632 facile
833 585 923 633 nunc
936 576 988 633 est
1004 587 1141 634 sensum
1162 547 1255 635 asse-

132 671 195 771 qui
211 670 347 744 illerum
359 670 536 744 verborum
550 730 558 758 ‚
574 671 699 773 quibus
713 672 897 746 adversarii
911 701 1028 748 omnes
1043 674 1251 760 innituntur,

134 803 171 859 ut
195 785 440 859 Ternllianum
466 787 509 859 ad
535 813 616 860 suns
634 804 745 888 partes
767 789 981 886 pertrabunt,
1007 790 1151 864 scilicet:
1173 791 1254 863 Dico

134 902 231 972 illum
252 900 465 997 (Christum)
485 901 750 973 conditionaliter
777 930 861 975 nunc
883 905 997 1002 secisse
1014 903 1150 977 diuortii
1175 931 1253 1003 pro-
1283 889 1289 900 ⁹

135 1014 344 1100 libitimtcm,
370 1015 511 1114 perinde
536 1042 575 1089 ac
600 1016 630 1089 si
649 1015 873 1089 Tertullianus
892 1017 974 1088 illud
993 1018 1255 1091 conditionaliter

134 1146 336 1230 usurpasset
361 1130 404 1203 ad
430 1130 688 1228 significandum
707 1134 767 1204 sub
785 1132 964 1205 conditione
984 1132 1138 1205 adulterii
1162 1132 1255 1205 Chri·

135 1261 222 1318 stum
249 1245 430 1319 divortium
455 1246 672 1346 permisisse;
693 1265 748 1320 ast
765 1247 822 1320 illa
839 1247 980 1347 conditio
1006 1248 1049 1320 ad
1076 1247 1182 1323 solem
1202 1248 1256 1320 di-

135 1361 334 1434 missionem
352 1360 467 1434 relerri
485 1361 603 1448 debet,
620 1388 686 1435 non
705 1380 816 1435 nutem
833 1362 877 1434 nd
895 1363 1086 1435 facultatem
1108 1362 1254 1436 ducendi

134 1475 235 1549 aliam
264 1503 425 1562 uxorem,
452 1492 490 1549 ut
507 1492 598 1577 patet
614 1504 654 1550 ex
673 1494 776 1564 textu,
797 1504 898 1576 quem
917 1465 1256 1576 immediate'prolert

135 1590 210 1665 sine
227 1589 302 1663 ulla
326 1590 495 1678 clausuln3
525 1593 575 1665 sic
601 1593 702 1666 etiam
724 1592 945 1689 intelligimus
966 1619 1033 1692 quo
1054 1619 1157 1666 sensu
1180 1593 1255 1691 ipse

133 1706 280 1792 dixerit,
315 1706 431 1778 illicite
460 1708 631 1780 dimissam
650 1735 712 1807 pro
738 1709 912 1781 indimissa
944 1709 1092 1794 ducens,
1126 1708 1255 1781 adulter

131 1820 197 1906 et,-
234 1845 359 1919 nempe
388 1821 578 1918 illaqitime,
608 1847 675 1895 non
706 1822 824 1909 modo,
847 1839 944 1922 prout
963 1823 1029 1895 inm
1057 1823 1248 1909 innuimuS,

135 1936 265 2010 ratione
286 1959 371 2008 usus
393 1934 574 2033 loquendi,
601 1936 660 2034 qui
689 1953 768 2010 tunc
788 1937 946 2035 temporis
972 1936 1166 2025 obtinebat,
1192 1936 1254 2010 sed

135 2049 278 2149 insuper
303 2073 344 2120 ex
365 2064 540 2137 contentu3
570 2050 738 2149 siquidem
764 2050 879 2124 subdit
901 2050 1145 2125 Tertullianus:
1183 2077 1254 2124 ma-

135 2181 186 2238 net
204 2166 295 2237 euim
312 2165 576 2249 matrimonium,
597 2166 683 2263 quod
695 2193 759 2237 non
770 2169 832 2238 rite
845 2165 1040 2265 diremptum
1052 2183 1099 2239 est
1108 2195 1119 2252 ,·
1134 2182 1251 2266 atquo,

134 2298 169 2355 nt
184 2280 343 2380 loquitur
360 2279 393 2351 in
412 2279 499 2354 libro
518 2281 565 2352 lte
582 2284 805 2379 monopamia:
819 2281 936 2368 Nobis,
958 2285 1020 2355 etsi
1035 2282 1252 2381 repudiemus,

133 2423 169 2469 ne
194 2397 319 2468 nubem
343 2395 473 2495 quidem
500 2396 620 2469 licebit.
643 2397 698 2469 Sic
715 2423 756 2469 ex
774 2396 875 2470 dictis
894 2414 984 2496 patet
1004 2398 1168 2473 immerito
1194 2398 1255 2470 nd-

132 2510 302 2586 reranrios
316 2537 436 2608 urgere
449 2511 593 2585 adducta
609 2511 732 2585 verba:
753 2512 867 2585 Manet
883 2518 968 2587 cuim
989 2516 1250 2598 matrimonium,

134 2627 221 2726 quod
246 2653 314 2698 non
340 2629 401 2699 rite
426 2626 622 2725 diremptum
649 2643 716 2713 cst,
744 2654 785 2700 ex
810 2628 934 2727 quibus
959 2629 1024 2728 ipsi
1050 2630 1165 2701 inlerri
1190 2628 1257 2701 vel·

136 2741 264 2816 lentant
278 2742 484 2816 Tertulliano
497 2769 563 2815 non
574 2770 703 2816 manem
714 2747 957 2817 matrimonium
970 2744 1055 2842 quod
1074 2745 1135 2815 rite
1156 2744 1257 2842 [uerit

135 2857 357 2958 di'rernptum;
378 2860 441 2930 rite
466 2874 577 2931 autem
603 2876 684 2932 tunc
710 2886 771 2934 seu
799 2859 938 2957 lepitime
962 2857 1074 2930 dirimi
1093 2858 1136 2932 ob
1160 2857 1258 2930 edul-

135 2976 274 3049 tcrium.
296 2975 485 3061 immerito,
503 2974 664 3074 inquam,
686 2974 771 3048 haec
787 2992 966 3072 urgentur,
987 2989 1020 3046 et
1031 2989 1146 3047 contra
1159 3000 1257 3072 aper-

130 3171 266 3223 dnbitarna
282 3169 338 3233 (lta
350 3170 439 3234 lpseer
450 3169 576 3234 tripode).
594 3174 648 3222 Non
658 3171 672 3222 e
683 3173 742 3236 pero
756 3184 810 3221 meu
831 3183 905 3232 vero,
926 3171 972 3221 che
990 3168 1037 3233 egli
1055 3169 1128 3220 abbia
1146 3170 1257 3234 mugiato

134 3251 250 3315 opinione
260 3249 327 3313 dopo
337 3248 364 3298 di
372 3262 432 3300 ever
440 3248 553 3312 caumata
564 3250 689 3313 religione.
696 3251 741 3301 clu
748 3250 874 3314 superisne
884 3249 925 3300 dal
936 3249 1040 3300 tibrada
1049 3249 1258 3300 luiscrlttocutla

134 3334 313 3394 mosomio.
325 3333 366 3381 tia
377 3329 514 3395 dappoicht
527 3332 575 3394 egli
590 3335 668 3382 stesso
683 3333 795 3382 alchiam
806 3331 831 3380 in
843 3331 1002 3395 quast'opera
1015 3329 1040 3379 di
1056 3342 1106 3379 nou
1121 3343 1255 3394 proporre,

132 3410 162 3461 nl
172 3409 199 3460 dl
213 3411 341 3460 contenere
357 3410 419 3458 altra
435 3409 543 3459 dottrina
560 3410 660 3460 inorcue
676 3411 758 3473 quella
769 3410 809 3461 del
820 3423 866 3460 suo
877 3409 1003 3459 seduttore
1014 3411 1146 3470 Montano,
1161 3411 1186 3458 io
1204 3422 1256 3459 nou

132 3493 237 3555 captam
253 3500 301 3540 con
318 3488 384 3554 quot
399 3493 520 3553 cmaaato
542 3490 665 3540 t'edttorc
682 3490 799 3542 Pometto
815 3504 829 3541 a
846 3490 874 3540 la
889 3492 1008 3552 maaator
1026 3491 1104 3552 parte
1124 3487 1258 3539 denactrt

134 3568 231 3632 tantoat
241 3566 410 3620 contendano
419 3568 527 3620 eludere
543 3569 685 3620 t’ontoruu
697 3570 726 3620 dt
741 3569 904 3620 Tertulliano
918 3568 1058 3631 cattottco,
1069 3567 1220 3633 opponendo
1232 3567 1261 3618 ta

132 3651 272 3700 contraria
288 3646 316 3697 dt
330 3649 493 3699 tertultiano
507 3653 626 3700 cretico.»
635 3653 678 3700 Ast
689 3648 810 3699 eruditus
823 3650 862 3698 vir
876 3649 996 3712 ignoravit
1008 3649 1085 3699 libros
1097 3652 1183 3698 contre
1196 3651 1259 3698 llar-

131 3730 231 3780 donam
243 3728 421 3779 a'rertulliana
431 3732 545 3779 exaratos
556 3730 632 3782 inisse
642 3743 700 3781 cum
714 3731 764 3779 ιιιιι
778 3730 927 3780 montanista
938 3729 1123 3780 ιιιιιιιιιιιιιι.
1136 3731 1172 3778 En
1183 3728 1260 3778 verba

133 3810 211 3873 ipsius
225 3807 372 3858 Tertulliani
383 3822 447 3872 quaa
456 3809 577 3859 habentur
587 3809 630 3860 lib.
640 3813 656 3858 l.
667 3812 757 3860 contr.
763 3813 847 3860 Marc.
858 3823 911 3873 cap.
922 3812 1008 3860 lilitx.
1020 3808 1110 3872 quibus
1120 3821 1147 3858 se
1158 3810 1182 3858 ιι
1192 3821 1259 3857 mon·

132 3889 250 3940 tanim
262 3890 288 3938 st
298 3887 408 3938 Monuni
422 3888 549 3939 doctrinae
563 3893 767 3954 propugnatorem
784 3890 924 3954 profitetur:
935 3889 1001 3940 used
1014 3893 1038 3939 et
1051 3890 1072 3939 si
1085 3888 1193 3939 nubendi
1211 3889 1259 3938 lam

136 3970 227 4021 noum
242 3969 358 4033 ponitur,
378 3983 451 4032 qrrem
469 3971 569 4033 quidem
581 3971 655 4034 apud
665 3985 711 4022 noe
721 3971 910 4031 (montanistas)
925 3970 1056 4034 spiritatis
1072 3973 1158 4030 ratio,
1175 3973 1258 4020 Para·
1296 4026 1300 4032 ⁸

132 4049 200 4101 cleto
217 4052 348 4110 auctora,
370 4049 510 4112 defendit,
526 4064 612 4102 eertum
635 4054 662 4101 ln
680 4050 736 4113 fido
758 4054 926 4101 matrimonio
945 4051 1152 4114 praescribens.»

206 4129 257 4180 sed
276 4128 344 4192 qnod
364 4130 442 4193 magio
460 4130 623 4192 minuissent,
642 4132 694 4181 eius
714 4132 901 4194 antesignanum
919 4131 965 4180 bec
984 4130 1144 4180 incontentia
1162 4131 1258 4179 Leuno-

137 4209 207 4272 tam,
227 4211 255 4260 in
269 4224 311 4273 op.
325 4210 369 4260 cit.
380 4212 419 4261 Dc
435 4213 509 4274 reota
523 4214 572 4262 etc.
584 4211 630 4260 loc.
644 4210 687 4260 cit.
697 4211 769 4260 inniti
787 4211 930 4262 'tertulliani
948 4210 1088 4259 auctoritati
1103 4222 1132 4258 cx
1147 4208 1210 4258 libro
1221 4210 1261 4258 Ite

136 4293 301 4354 mogontia
317 4288 349 4340 ad
366 4303 436 4341 sunm
450 4291 596 4341 ιιιιιιιίιιιι
617 4289 649 4341 de
667 4291 858 4342 dissolubilium
878 4290 970 4340 vinculi
990 4289 1127 4354 coniugalis
1140 4288 1173 4339 ob
1191 4286 1259 4338 adun·

138 4370 224 4422 ιιιιιιιιι
238 4369 369 4423 melent.
380 4372 461 4430 Quem
472 4371 597 4436 praedare
611 4372 731 4423 animodi
743 4375 855 4424 auctores
867 4371 934 4421 luter
947 4383 974 4422 se
985 4368 1151 4421 conveniant!
