<?xml version="1.0" encoding="UTF-8"?>
<!DOCTYPE html PUBLIC "-//W3C//DTD XHTML 1.0 Transitional//EN"
    "http://www.w3.org/TR/xhtml1/DTD/xhtml1-transitional.dtd">
<html xmlns="http://www.w3.org/1999/xhtml" xml:lang="en" lang="en">
 <head>
  <title>
</title>
<meta http-equiv="Content-Type" content="text/html;charset=utf-8" />
  <meta name='ocr-system' content='tesseract 3.04.00' />
  <meta name='ocr-capabilities' content='ocr_page ocr_carea ocr_par ocr_line ocrx_word'/>
</head>
<body>
  <div class='ocr_page' id='page_1' title='image "./dematrimoniochr01perrgoog_0446.png"; bbox 0 0 2796 5064; ppageno 0'>
   <div class='ocr_carea' id='block_1_1' title="bbox 348 370 1246 441">
    <p class='ocr_par' dir='ltr' id='par_1_1' title="bbox 348 370 1246 441">
     <span class='ocr_line' id='line_1_1' title="bbox 348 370 1246 441; baseline -0.003 0"><span class='ocrx_word' id='word_1_1' title='bbox 348 390 417 441; x_wconf 77' lang='lat' dir='ltr'><strong>car.</strong></span> <span class='ocrx_word' id='word_1_2' title='bbox 431 393 463 440; x_wconf 85' lang='lat' dir='ltr'><strong>v.</strong></span> <span class='ocrx_word' id='word_1_3' title='bbox 476 391 515 440; x_wconf 81' lang='lat' dir='ltr'><strong>ne</strong></span> <span class='ocrx_word' id='word_1_4' title='bbox 529 389 636 441; x_wconf 73' lang='lat' dir='ltr'><strong>solur.</strong></span> <span class='ocrx_word' id='word_1_5' title='bbox 654 391 779 440; x_wconf 82' lang='lat' dir='ltr'><strong>rursus.</strong></span> <span class='ocrx_word' id='word_1_6' title='bbox 798 390 892 440; x_wconf 78' lang='lat' dir='ltr'><strong>uara.</strong></span> <span class='ocrx_word' id='word_1_7' title='bbox 909 392 979 440; x_wconf 77' lang='lat' dir='ltr'><strong>aar.</strong></span> <span class='ocrx_word' id='word_1_8' title='bbox 996 392 1030 440; x_wconf 81' lang='grc' dir='ltr'><strong>ιι.</strong></span> <span class='ocrx_word' id='word_1_9' title='bbox 1177 370 1246 439; x_wconf 71' lang='grc'><strong>453</strong></span> 
     </span>
    </p>
   </div>
   <div class='ocr_carea' id='block_1_2' title="bbox 134 505 1256 4398">
    <p class='ocr_par' dir='ltr' id='par_1_2' title="bbox 134 505 1251 1043">
     <span class='ocr_line' id='line_1_2' title="bbox 134 505 1248 605; baseline -0.003 -22"><span class='ocrx_word' id='word_1_10' title='bbox 134 508 323 584; x_wconf 84' lang='lat' dir='ltr'><strong>adversarii</strong></span> <span class='ocrx_word' id='word_1_11' title='bbox 342 506 589 581; x_wconf 90' lang='lat' dir='ltr'><strong>indissolubilis</strong></span> <span class='ocrx_word' id='word_1_12' title='bbox 608 507 742 580; x_wconf 90' lang='lat' dir='ltr'><strong>unionis</strong></span> <span class='ocrx_word' id='word_1_13' title='bbox 755 505 959 591; x_wconf 80' lang='lat' dir='ltr'><strong>infortunia,</strong></span> <span class='ocrx_word' id='word_1_14' title='bbox 979 507 1142 605; x_wconf 90' lang='lat' dir='ltr'><strong>pericula,</strong></span> <span class='ocrx_word' id='word_1_15' title='bbox 1165 507 1248 581; x_wconf 89' lang='lat' dir='ltr'><strong>alia—</strong></span> 
     </span>
     <span class='ocr_line' id='line_1_3' title="bbox 134 621 1248 726; baseline -0.004 -28"><span class='ocrx_word' id='word_1_16' title='bbox 134 651 202 726; x_wconf 85' lang='lat' dir='ltr'><strong>que</strong></span> <span class='ocrx_word' id='word_1_17' title='bbox 219 624 257 697; x_wconf 94' lang='lat' dir='ltr'><strong>id</strong></span> <span class='ocrx_word' id='word_1_18' title='bbox 275 650 383 720; x_wconf 74' lang='lat' dir='ltr'><strong>genus</strong></span> <span class='ocrx_word' id='word_1_19' title='bbox 407 623 513 696; x_wconf 89' lang='lat' dir='ltr'><strong>multa</strong></span> <span class='ocrx_word' id='word_1_20' title='bbox 537 638 749 719; x_wconf 77' lang='lat' dir='ltr'><strong>exaggerant.</strong></span> <span class='ocrx_word' id='word_1_21' title='bbox 771 621 898 718; x_wconf 80' lang='lat' dir='ltr'>Religio</span> <span class='ocrx_word' id='word_1_22' title='bbox 915 621 1095 721; x_wconf 86' lang='lat' dir='ltr'><strong>pharmaca</strong></span> <span class='ocrx_word' id='word_1_23' title='bbox 1114 623 1248 720; x_wconf 90' lang='lat' dir='ltr'><strong>praebet</strong></span> 
     </span>
     <span class='ocr_line' id='line_1_4' title="bbox 137 736 1247 836; baseline -0.003 -23"><span class='ocrx_word' id='word_1_24' title='bbox 137 740 192 815; x_wconf 85' lang='lat' dir='ltr'><strong>bis</strong></span> <span class='ocrx_word' id='word_1_25' title='bbox 216 739 318 813; x_wconf 91' lang='lat' dir='ltr'><strong>malis</strong></span> <span class='ocrx_word' id='word_1_26' title='bbox 342 738 498 812; x_wconf 91' lang='lat' dir='ltr'><strong>omnibus</strong></span> <span class='ocrx_word' id='word_1_27' title='bbox 523 755 581 811; x_wconf 92' lang='lat' dir='ltr'><strong>aut</strong></span> <span class='ocrx_word' id='word_1_28' title='bbox 606 736 760 811; x_wconf 90' lang='lat' dir='ltr'><strong>tollendis</strong></span> <span class='ocrx_word' id='word_1_29' title='bbox 779 753 837 809; x_wconf 89' lang='lat' dir='ltr'><strong>aut</strong></span> <span class='ocrx_word' id='word_1_30' title='bbox 854 736 1038 822; x_wconf 91' lang='lat' dir='ltr'><strong>leniendis,</strong></span> <span class='ocrx_word' id='word_1_31' title='bbox 1059 737 1141 836; x_wconf 91' lang='lat' dir='ltr'><strong>quin</strong></span> <span class='ocrx_word' id='word_1_32' title='bbox 1163 764 1247 836; x_wconf 90' lang='lat' dir='ltr'><strong>opus</strong></span> 
     </span>
     <span class='ocr_line' id='line_1_5' title="bbox 135 853 1251 953; baseline -0.003 -24"><span class='ocrx_word' id='word_1_33' title='bbox 135 856 183 930; x_wconf 89' lang='lat' dir='ltr'><strong>sit</strong></span> <span class='ocrx_word' id='word_1_34' title='bbox 207 880 378 929; x_wconf 69' lang='lat' dir='ltr'><strong>remanere</strong></span> <span class='ocrx_word' id='word_1_35' title='bbox 401 854 445 927; x_wconf 88' lang='lat' dir='ltr'><strong>ad</strong></span> <span class='ocrx_word' id='word_1_36' title='bbox 475 855 683 928; x_wconf 76' lang='lat' dir='ltr'><strong>iterationem</strong></span> <span class='ocrx_word' id='word_1_37' title='bbox 713 853 923 952; x_wconf 87' lang='lat' dir='ltr'><strong>nuptiarum,</strong></span> <span class='ocrx_word' id='word_1_38' title='bbox 955 881 1043 951; x_wconf 92' lang='lat' dir='ltr'><strong>quae</strong></span> <span class='ocrx_word' id='word_1_39' title='bbox 1069 855 1176 953; x_wconf 90' lang='lat' dir='ltr'><strong>impar</strong></span> <span class='ocrx_word' id='word_1_40' title='bbox 1200 873 1251 927; x_wconf 89' lang='lat' dir='ltr'><strong>est</strong></span> 
     </span>
     <span class='ocr_line' id='line_1_6' title="bbox 135 967 639 1043; baseline -0.006 -1"><span class='ocrx_word' id='word_1_41' title='bbox 135 967 181 1043; x_wconf 89' lang='lat' dir='ltr'><strong>ad</strong></span> <span class='ocrx_word' id='word_1_42' title='bbox 205 968 399 1042; x_wconf 69' lang='lat' dir='ltr'><strong>beatitatem</strong></span> <span class='ocrx_word' id='word_1_43' title='bbox 421 967 639 1041; x_wconf 86' lang='lat' dir='ltr'><strong>allerendam.</strong></span> 
     </span>
    </p>

    <p class='ocr_par' dir='ltr' id='par_1_3' title="bbox 134 1080 1252 2328">
     <span class='ocr_line' id='line_1_7' title="bbox 210 1080 1251 1180; baseline 0.002 -26"><span class='ocrx_word' id='word_1_44' title='bbox 210 1084 329 1157; x_wconf 78' lang='lat' dir='ltr'><strong>Fateor</strong></span> <span class='ocrx_word' id='word_1_45' title='bbox 352 1081 553 1179; x_wconf 78' lang='lat' dir='ltr'><strong>gravissima</strong></span> <span class='ocrx_word' id='word_1_46' title='bbox 570 1082 706 1180; x_wconf 81' lang='lat' dir='ltr'><strong>percelli</strong></span> <span class='ocrx_word' id='word_1_47' title='bbox 725 1082 848 1153; x_wconf 83' lang='lat' dir='ltr'><strong>iniuria</strong></span> <span class='ocrx_word' id='word_1_48' title='bbox 865 1080 923 1179; x_wconf 91' lang='lat' dir='ltr'><strong>qui</strong></span> <span class='ocrx_word' id='word_1_49' title='bbox 941 1080 1111 1154; x_wconf 83' lang='lat' dir='ltr'><strong>infidelem</strong></span> <span class='ocrx_word' id='word_1_50' title='bbox 1131 1082 1164 1153; x_wconf 93' lang='lat' dir='ltr'><strong>in</strong></span> <span class='ocrx_word' id='word_1_51' title='bbox 1183 1109 1251 1156; x_wconf 91' lang='lat' dir='ltr'><strong>ma-</strong></span> 
     </span>
     <span class='ocr_line' id='line_1_8' title="bbox 135 1194 1250 1294; baseline 0.001 -24"><span class='ocrx_word' id='word_1_52' title='bbox 135 1197 296 1271; x_wconf 88' lang='lat' dir='ltr'><strong>trimonio</strong></span> <span class='ocrx_word' id='word_1_53' title='bbox 325 1196 500 1292; x_wconf 83' lang='lat' dir='ltr'><strong>coniugem</strong></span> <span class='ocrx_word' id='word_1_54' title='bbox 529 1197 708 1294; x_wconf 81' lang='lat' dir='ltr'><strong>experitur.</strong></span> <span class='ocrx_word' id='word_1_55' title='bbox 730 1196 956 1269; x_wconf 87' lang='lat' dir='ltr'><strong>Nihilominus</strong></span> <span class='ocrx_word' id='word_1_56' title='bbox 987 1207 1020 1268; x_wconf 93' lang='lat' dir='ltr'><strong>et</strong></span> <span class='ocrx_word' id='word_1_57' title='bbox 1051 1194 1132 1268; x_wconf 84' lang='lat' dir='ltr'><strong>huic</strong></span> <span class='ocrx_word' id='word_1_58' title='bbox 1162 1197 1250 1271; x_wconf 89' lang='lat' dir='ltr'><strong>malo</strong></span> 
     </span>
     <span class='ocr_line' id='line_1_9' title="bbox 136 1309 1250 1410; baseline -0.002 -25"><span class='ocrx_word' id='word_1_59' title='bbox 136 1310 258 1408; x_wconf 84' lang='lat' dir='ltr'><strong>religio</strong></span> <span class='ocrx_word' id='word_1_60' title='bbox 283 1309 467 1384; x_wconf 87' lang='lat' dir='ltr'><strong>remedium</strong></span> <span class='ocrx_word' id='word_1_61' title='bbox 493 1310 613 1383; x_wconf 85' lang='lat' dir='ltr'><strong>allerre</strong></span> <span class='ocrx_word' id='word_1_62' title='bbox 641 1311 832 1396; x_wconf 89' lang='lat' dir='ltr'><strong>consuevit,</strong></span> <span class='ocrx_word' id='word_1_63' title='bbox 860 1310 1146 1408; x_wconf 84' lang='lat' dir='ltr'><strong>dum-optionem.</strong></span> <span class='ocrx_word' id='word_1_64' title='bbox 1164 1314 1250 1410; x_wconf 88' lang='lat' dir='ltr'><strong>parti</strong></span> 
     </span>
     <span class='ocr_line' id='line_1_10' title="bbox 138 1415 1250 1526; baseline 0.001 -27"><span class='ocrx_word' id='word_1_65' title='bbox 138 1425 455 1500; x_wconf 72' lang='lat' dir='ltr'><strong>innocentoribuit</strong></span> <span class='ocrx_word' id='word_1_66' title='bbox 478 1443 538 1499; x_wconf 89' lang='lat' dir='ltr'><strong>aut</strong></span> <span class='ocrx_word' id='word_1_67' title='bbox 561 1427 595 1497; x_wconf 91' lang='lat' dir='ltr'><strong>in</strong></span> <span class='ocrx_word' id='word_1_68' title='bbox 623 1415 821 1526; x_wconf 82' lang='lat' dir='ltr'><strong>perpetuum</strong></span> <span class='ocrx_word' id='word_1_69' title='bbox 847 1451 884 1498; x_wconf 91' lang='lat' dir='ltr'><strong>se</strong></span> <span class='ocrx_word' id='word_1_70' title='bbox 898 1425 954 1497; x_wconf 78' lang='lat' dir='ltr'><strong>ab</strong></span> <span class='ocrx_word' id='word_1_71' title='bbox 978 1425 1106 1501; x_wconf 82' lang='lat' dir='ltr'><strong>infideli</strong></span> <span class='ocrx_word' id='word_1_72' title='bbox 1129 1437 1169 1499; x_wconf 85' lang='lat' dir='ltr'><strong>ac</strong></span> <span class='ocrx_word' id='word_1_73' title='bbox 1187 1454 1250 1503; x_wconf 79' lang='lat' dir='ltr'><strong>no</strong></span> 
     </span>
     <span class='ocr_line' id='line_1_11' title="bbox 134 1539 1249 1640; baseline -0.002 -24"><span class='ocrx_word' id='word_1_74' title='bbox 134 1559 235 1616; x_wconf 80' lang='lat' dir='ltr'><strong>cente</strong></span> <span class='ocrx_word' id='word_1_75' title='bbox 258 1540 401 1638; x_wconf 75' lang='lat' dir='ltr'><strong>coniuge</strong></span> <span class='ocrx_word' id='word_1_76' title='bbox 417 1540 645 1637; x_wconf 79' lang='lat' dir='ltr'><strong>seiuugeudi,</strong></span> <span class='ocrx_word' id='word_1_77' title='bbox 666 1557 724 1613; x_wconf 88' lang='lat' dir='ltr'><strong>aut</strong></span> <span class='ocrx_word' id='word_1_78' title='bbox 749 1566 824 1614; x_wconf 92' lang='lat' dir='ltr'><strong>cum</strong></span> <span class='ocrx_word' id='word_1_79' title='bbox 845 1539 903 1613; x_wconf 90' lang='lat' dir='ltr'><strong>illa</strong></span> <span class='ocrx_word' id='word_1_80' title='bbox 919 1540 1249 1640; x_wconf 84' lang='lat' dir='ltr'><strong>adresipisceutiam</strong></span> 
     </span>
     <span class='ocr_line' id='line_1_12' title="bbox 136 1654 1249 1754; baseline 0 -24"><span class='ocrx_word' id='word_1_81' title='bbox 136 1673 299 1730; x_wconf 74' lang='lat' dir='ltr'><strong>oevooata·</strong></span> <span class='ocrx_word' id='word_1_82' title='bbox 317 1682 357 1728; x_wconf 90' lang='lat' dir='ltr'><strong>se</strong></span> <span class='ocrx_word' id='word_1_83' title='bbox 380 1654 650 1729; x_wconf 86' lang='lat' dir='ltr'><strong>conciliandi.:Si</strong></span> <span class='ocrx_word' id='word_1_84' title='bbox 672 1655 766 1730; x_wconf 69' lang='lat' dir='ltr'><strong>uelit*</strong></span> <span class='ocrx_word' id='word_1_85' title='bbox 779 1654 947 1729; x_wconf 87' lang='lat' dir='ltr'><strong>caelibem.</strong></span> <span class='ocrx_word' id='word_1_86' title='bbox 966 1655 1126 1754; x_wconf 84' lang='lat' dir='ltr'><strong>deinceps</strong></span> <span class='ocrx_word' id='word_1_87' title='bbox 1148 1658 1249 1730; x_wconf 71' lang='lat' dir='ltr'><strong>vimm</strong></span> 
     </span>
     <span class='ocr_line' id='line_1_13' title="bbox 136 1768 1251 1872; baseline 0.002 -29"><span class='ocrx_word' id='word_1_88' title='bbox 136 1771 283 1857; x_wconf 84' lang='lat' dir='ltr'><strong>ducere,</strong></span> <span class='ocrx_word' id='word_1_89' title='bbox 304 1787 405 1872; x_wconf 87' lang='lat' dir='ltr'><strong>atque</strong></span> <span class='ocrx_word' id='word_1_90' title='bbox 425 1770 530 1843; x_wconf 84' lang='lat' dir='ltr'><strong>invita</strong></span> <span class='ocrx_word' id='word_1_91' title='bbox 544 1771 645 1843; x_wconf 88' lang='lat' dir='ltr'><strong>etiam</strong></span> <span class='ocrx_word' id='word_1_92' title='bbox 664 1772 806 1867; x_wconf 81' lang='lat' dir='ltr'><strong>coniuge</strong></span> <span class='ocrx_word' id='word_1_93' title='bbox 822 1779 948 1844; x_wconf 87' lang='lat' dir='ltr'><strong>statum</strong></span> <span class='ocrx_word' id='word_1_94' title='bbox 964 1768 1156 1868; x_wconf 81' lang='lat' dir='ltr'><strong>religiosum</strong></span> <span class='ocrx_word' id='word_1_95' title='bbox 1179 1799 1251 1845; x_wconf 91' lang='lat' dir='ltr'><strong>am-</strong></span> 
     </span>
     <span class='ocr_line' id='line_1_14' title="bbox 137 1884 1248 1986; baseline 0.002 -26"><span class='ocrx_word' id='word_1_96' title='bbox 137 1886 259 1986; x_wconf 79' lang='lat' dir='ltr'><strong>plecti,</strong></span> <span class='ocrx_word' id='word_1_97' title='bbox 287 1901 347 1959; x_wconf 90' lang='lat' dir='ltr'><strong>aut</strong></span> <span class='ocrx_word' id='word_1_98' title='bbox 370 1886 494 1958; x_wconf 87' lang='lat' dir='ltr'><strong>initiari</strong></span> <span class='ocrx_word' id='word_1_99' title='bbox 521 1886 627 1959; x_wconf 91' lang='lat' dir='ltr'><strong>sacris</strong></span> <span class='ocrx_word' id='word_1_100' title='bbox 653 1884 845 1970; x_wconf 85' lang='lat' dir='ltr'><strong>ordinibus,</strong></span> <span class='ocrx_word' id='word_1_101' title='bbox 870 1911 970 1978; x_wconf 88' lang='lat' dir='ltr'><strong>nemo</strong></span> <span class='ocrx_word' id='word_1_102' title='bbox 982 1897 1041 1959; x_wconf 78' lang='lat' dir='ltr'><strong>&#39;est</strong></span> <span class='ocrx_word' id='word_1_103' title='bbox 1053 1887 1112 1986; x_wconf 87' lang='lat' dir='ltr'><strong>qui</strong></span> <span class='ocrx_word' id='word_1_104' title='bbox 1138 1887 1248 1961; x_wconf 90' lang='lat' dir='ltr'><strong>hocei</strong></span> 
     </span>
     <span class='ocr_line' id='line_1_15' title="bbox 135 1999 1252 2102; baseline 0.002 -26"><span class='ocrx_word' id='word_1_105' title='bbox 135 2001 293 2099; x_wconf 76' lang='lat' dir='ltr'><strong>deneget.</strong></span> <span class='ocrx_word' id='word_1_106' title='bbox 315 2001 411 2088; x_wconf 77' lang='lat' dir='ltr'><strong>Quod</strong></span> <span class='ocrx_word' id='word_1_107' title='bbox 425 2000 530 2075; x_wconf 91' lang='lat' dir='ltr'><strong>sihoc</strong></span> <span class='ocrx_word' id='word_1_108' title='bbox 553 2002 589 2072; x_wconf 91' lang='lat' dir='ltr'><strong>in</strong></span> <span class='ocrx_word' id='word_1_109' title='bbox 607 2026 687 2074; x_wconf 87' lang='lat' dir='ltr'><strong>casu</strong></span> <span class='ocrx_word' id='word_1_110' title='bbox 703 2026 784 2099; x_wconf 87' lang='lat' dir='ltr'><strong>pars</strong></span> <span class='ocrx_word' id='word_1_111' title='bbox 802 1999 963 2074; x_wconf 89' lang='lat' dir='ltr'><strong>derelicta</strong></span> <span class='ocrx_word' id='word_1_112' title='bbox 976 2003 1018 2075; x_wconf 83' lang='lat' dir='ltr'><strong>in</strong></span> <span class='ocrx_word' id='word_1_113' title='bbox 1034 2003 1162 2100; x_wconf 80' lang='lat' dir='ltr'><strong>llagitia</strong></span> <span class='ocrx_word' id='word_1_114' title='bbox 1176 2030 1252 2102; x_wconf 85' lang='lat' dir='ltr'><strong>pro-</strong></span> 
     </span>
     <span class='ocr_line' id='line_1_16' title="bbox 135 2113 1249 2216; baseline 0.002 -26"><span class='ocrx_word' id='word_1_115' title='bbox 135 2133 232 2205; x_wconf 82' lang='lat' dir='ltr'><strong>ruat,</strong></span> <span class='ocrx_word' id='word_1_116' title='bbox 249 2116 398 2190; x_wconf 75' lang='lat' dir='ltr'><strong>boc&#39;sibi</strong></span> <span class='ocrx_word' id='word_1_117' title='bbox 415 2113 523 2189; x_wconf 89' lang='lat' dir='ltr'><strong>solum</strong></span> <span class='ocrx_word' id='word_1_118' title='bbox 541 2141 581 2190; x_wconf 90' lang='lat' dir='ltr'><strong>ac</strong></span> <span class='ocrx_word' id='word_1_119' title='bbox 595 2116 763 2215; x_wconf 73' lang='lat' dir='ltr'><strong>propriae</strong></span> <span class='ocrx_word' id='word_1_120' title='bbox 783 2115 932 2191; x_wconf 86' lang='lat' dir='ltr'><strong>malitiae</strong></span> <span class='ocrx_word' id='word_1_121' title='bbox 947 2117 1114 2216; x_wconf 85' lang='lat' dir='ltr'><strong>imputare</strong></span> <span class='ocrx_word' id='word_1_122' title='bbox 1132 2117 1249 2206; x_wconf 88' lang='lat' dir='ltr'><strong>debet,</strong></span> 
     </span>
     <span class='ocr_line' id='line_1_17' title="bbox 136 2231 1248 2328; baseline 0.001 -24"><span class='ocrx_word' id='word_1_123' title='bbox 136 2254 207 2305; x_wconf 83' lang='lat' dir='ltr'><strong>oon</strong></span> <span class='ocrx_word' id='word_1_124' title='bbox 231 2231 554 2322; x_wconf 68' lang='lat' dir='ltr'><strong>eutemrdese&#39;renti,</strong></span> <span class='ocrx_word' id='word_1_125' title='bbox 575 2256 636 2304; x_wconf 89' lang='lat' dir='ltr'><strong>seu</strong></span> <span class='ocrx_word' id='word_1_126' title='bbox 655 2231 854 2316; x_wconf 83' lang='lat' dir='ltr'><strong>dimittenti,</strong></span> <span class='ocrx_word' id='word_1_127' title='bbox 880 2231 945 2328; x_wconf 81' lang='lat' dir='ltr'><strong>qui.</strong></span> <span class='ocrx_word' id='word_1_128' title='bbox 958 2231 1062 2306; x_wconf 85' lang='lat' dir='ltr'><strong>utitur</strong></span> <span class='ocrx_word' id='word_1_129' title='bbox 1081 2233 1157 2307; x_wconf 86' lang='lat' dir='ltr'><strong>iura&#39;</strong></span> <span class='ocrx_word' id='word_1_130' title='bbox 1173 2259 1248 2307; x_wconf 93' lang='lat' dir='ltr'><strong>suo.</strong></span> 
     </span>
    </p>

    <p class='ocr_par' dir='ltr' id='par_1_4' title="bbox 134 2347 1256 4398">
     <span class='ocr_line' id='line_1_18' title="bbox 213 2347 1249 2434; baseline 0.003 -15"><span class='ocrx_word' id='word_1_131' title='bbox 213 2347 311 2433; x_wconf 83' lang='lat' dir='ltr'><strong>Quod</strong></span> <span class='ocrx_word' id='word_1_132' title='bbox 338 2348 368 2419; x_wconf 94' lang='lat' dir='ltr'><strong>si</strong></span> <span class='ocrx_word' id='word_1_133' title='bbox 394 2347 508 2421; x_wconf 86' lang='lat' dir='ltr'><strong>laesus</strong></span> <span class='ocrx_word' id='word_1_134' title='bbox 536 2347 657 2420; x_wconf 82' lang='lat' dir='ltr'><strong>coniux</strong></span> <span class='ocrx_word' id='word_1_135' title='bbox 681 2347 844 2423; x_wconf 89' lang='lat' dir='ltr'><strong>caelibem</strong></span> <span class='ocrx_word' id='word_1_136' title='bbox 869 2350 978 2424; x_wconf 74' lang='lat' dir='ltr'><strong>sitam</strong></span> <span class='ocrx_word' id='word_1_137' title='bbox 997 2347 1085 2422; x_wconf 80' lang='lat' dir='ltr'><strong>solit</strong></span> <span class='ocrx_word' id='word_1_138' title='bbox 1110 2349 1249 2434; x_wconf 84' lang='lat' dir='ltr'><strong>ducere,</strong></span> 
     </span>
     <span class='ocr_line' id='line_1_19' title="bbox 138 2459 1252 2562; baseline 0 -28"><span class='ocrx_word' id='word_1_139' title='bbox 138 2477 253 2560; x_wconf 86' lang='lat' dir='ltr'><strong>potest</strong></span> <span class='ocrx_word' id='word_1_140' title='bbox 277 2459 409 2534; x_wconf 86' lang='lat' dir='ltr'><strong>indulta</strong></span> <span class='ocrx_word' id='word_1_141' title='bbox 432 2461 531 2536; x_wconf 76' lang='lat' dir='ltr'><strong>venia</strong></span> <span class='ocrx_word' id='word_1_142' title='bbox 557 2462 695 2558; x_wconf 85' lang='lat' dir='ltr'><strong>coniugi</strong></span> <span class='ocrx_word' id='word_1_143' title='bbox 709 2462 929 2562; x_wconf 32' lang='lat' dir='ltr'><strong>&gt;delinquenti</strong></span> <span class='ocrx_word' id='word_1_144' title='bbox 943 2464 1072 2537; x_wconf 81' lang='lat' dir='ltr'><strong>‚iterum</strong></span> <span class='ocrx_word' id='word_1_145' title='bbox 1101 2486 1178 2537; x_wconf 87' lang='lat' dir='ltr'><strong>eum</strong></span> <span class='ocrx_word' id='word_1_146' title='bbox 1212 2489 1252 2535; x_wconf 91' lang='lat' dir='ltr'><strong>ea</strong></span> 
     </span>
     <span class='ocr_line' id='line_1_20' title="bbox 136 2576 1253 2676; baseline -0.004 -24"><span class='ocrx_word' id='word_1_147' title='bbox 136 2576 305 2676; x_wconf 79' lang='lat' dir='ltr'><strong>copulati.</strong></span> <span class='ocrx_word' id='word_1_148' title='bbox 319 2577 367 2650; x_wconf 85' lang='lat' dir='ltr'><strong>Eo</strong></span> <span class='ocrx_word' id='word_1_149' title='bbox 380 2576 433 2650; x_wconf 90' lang='lat' dir='ltr'><strong>vel</strong></span> <span class='ocrx_word' id='word_1_150' title='bbox 447 2576 573 2673; x_wconf 79' lang='lat' dir='ltr'><strong>magis,</strong></span> <span class='ocrx_word' id='word_1_151' title='bbox 589 2577 681 2676; x_wconf 91' lang='lat' dir='ltr'><strong>quod</strong></span> <span class='ocrx_word' id='word_1_152' title='bbox 694 2577 862 2651; x_wconf 88' lang='lat' dir='ltr'><strong>interdum</strong></span> <span class='ocrx_word' id='word_1_153' title='bbox 883 2580 1050 2652; x_wconf 90' lang='lat' dir='ltr'><strong>immunes</strong></span> <span class='ocrx_word' id='word_1_154' title='bbox 1067 2578 1129 2652; x_wconf 81' lang='lat' dir='ltr'><strong>uiri</strong></span> <span class='ocrx_word' id='word_1_155' title='bbox 1148 2578 1253 2652; x_wconf 81' lang='lat' dir='ltr'><strong>omni</strong></span> 
     </span>
     <span class='ocr_line' id='line_1_21' title="bbox 134 2689 1252 2790; baseline 0.003 -26"><span class='ocrx_word' id='word_1_156' title='bbox 134 2715 185 2764; x_wconf 86' lang='lat' dir='ltr'><strong>no</strong></span> <span class='ocrx_word' id='word_1_157' title='bbox 200 2717 269 2762; x_wconf 87' lang='lat' dir='ltr'><strong>non</strong></span> <span class='ocrx_word' id='word_1_158' title='bbox 288 2691 358 2764; x_wconf 90' lang='lat' dir='ltr'><strong>sint</strong></span> <span class='ocrx_word' id='word_1_159' title='bbox 372 2689 416 2764; x_wconf 89' lang='lat' dir='ltr'><strong>ab</strong></span> <span class='ocrx_word' id='word_1_160' title='bbox 433 2691 524 2764; x_wconf 92' lang='lat' dir='ltr'><strong>omni</strong></span> <span class='ocrx_word' id='word_1_161' title='bbox 542 2692 645 2790; x_wconf 89' lang='lat' dir='ltr'><strong>culpa</strong></span> <span class='ocrx_word' id='word_1_162' title='bbox 663 2692 697 2763; x_wconf 90' lang='lat' dir='ltr'><strong>in</strong></span> <span class='ocrx_word' id='word_1_163' title='bbox 715 2718 857 2766; x_wconf 82' lang='lat' dir='ltr'><strong>uxorum</strong></span> <span class='ocrx_word' id='word_1_164' title='bbox 870 2691 1157 2778; x_wconf 88' lang='lat' dir='ltr'><strong>aberratiouibus,</strong></span> <span class='ocrx_word' id='word_1_165' title='bbox 1171 2691 1252 2767; x_wconf 86' lang='lat' dir='ltr'><strong>dum</strong></span> 
     </span>
     <span class='ocr_line' id='line_1_22' title="bbox 136 2803 1253 2907; baseline 0 -30"><span class='ocrx_word' id='word_1_166' title='bbox 136 2820 205 2878; x_wconf 84' lang='lat' dir='ltr'><strong>aut</strong></span> <span class='ocrx_word' id='word_1_167' title='bbox 226 2831 264 2878; x_wconf 88' lang='lat' dir='ltr'><strong>se</strong></span> <span class='ocrx_word' id='word_1_168' title='bbox 288 2805 396 2877; x_wconf 50' lang='lat' dir='ltr'><strong>nimis,</strong></span> <span class='ocrx_word' id='word_1_169' title='bbox 416 2803 573 2877; x_wconf 83' lang='lat' dir='ltr'><strong>difficiles</strong></span> <span class='ocrx_word' id='word_1_170' title='bbox 598 2830 677 2900; x_wconf 76' lang='lat' dir='ltr'><strong>erga</strong></span> <span class='ocrx_word' id='word_1_171' title='bbox 704 2832 763 2879; x_wconf 88' lang='lat' dir='ltr'><strong>cas</strong></span> <span class='ocrx_word' id='word_1_172' title='bbox 789 2833 829 2880; x_wconf 87' lang='lat' dir='ltr'><strong>ac</strong></span> <span class='ocrx_word' id='word_1_173' title='bbox 855 2807 957 2882; x_wconf 90' lang='lat' dir='ltr'><strong>duros</strong></span> <span class='ocrx_word' id='word_1_174' title='bbox 987 2805 1180 2907; x_wconf 80' lang='lat' dir='ltr'><strong>praebent„</strong></span> <span class='ocrx_word' id='word_1_175' title='bbox 1195 2821 1253 2879; x_wconf 88' lang='lat' dir='ltr'><strong>aut</strong></span> 
     </span>
     <span class='ocr_line' id='line_1_23' title="bbox 139 2916 1248 3018; baseline 0.002 -28"><span class='ocrx_word' id='word_1_176' title='bbox 139 2917 246 2990; x_wconf 90' lang='lat' dir='ltr'><strong>nimis</strong></span> <span class='ocrx_word' id='word_1_177' title='bbox 268 2916 537 3015; x_wconf 83' lang='lat' dir='ltr'><strong>indulgentesac</strong></span> <span class='ocrx_word' id='word_1_178' title='bbox 555 2917 687 3004; x_wconf 78' lang='lat' dir='ltr'><strong>faciles,</strong></span> <span class='ocrx_word' id='word_1_179' title='bbox 707 2919 788 2991; x_wconf 93' lang='lat' dir='ltr'><strong>dum</strong></span> <span class='ocrx_word' id='word_1_180' title='bbox 813 2919 982 2994; x_wconf 86' lang='lat' dir='ltr'><strong>licentiam</strong></span> <span class='ocrx_word' id='word_1_181' title='bbox 1007 2920 1120 3018; x_wconf 89' lang='lat' dir='ltr'><strong>potius</strong></span> <span class='ocrx_word' id='word_1_182' title='bbox 1144 2919 1248 3002; x_wconf 84' lang='lat' dir='ltr'><strong>vitae,</strong></span> 
     </span>
     <span class='ocr_line' id='line_1_24' title="bbox 139 3035 1253 3137; baseline -0.003 -28"><span class='ocrx_word' id='word_1_183' title='bbox 139 3062 245 3137; x_wconf 88' lang='lat' dir='ltr'><strong>quam</strong></span> <span class='ocrx_word' id='word_1_184' title='bbox 263 3036 467 3125; x_wconf 89' lang='lat' dir='ltr'><strong>libertatem,</strong></span> <span class='ocrx_word' id='word_1_185' title='bbox 487 3055 521 3111; x_wconf 91' lang='lat' dir='ltr'><strong>et</strong></span> <span class='ocrx_word' id='word_1_186' title='bbox 537 3037 813 3111; x_wconf 88' lang='lat' dir='ltr'><strong>consuetudinem</strong></span> <span class='ocrx_word' id='word_1_187' title='bbox 828 3035 969 3110; x_wconf 88' lang='lat' dir='ltr'><strong>tolerant</strong></span> <span class='ocrx_word' id='word_1_188' title='bbox 983 3036 1131 3108; x_wconf 84' lang='lat' dir='ltr'><strong>virorum</strong></span> <span class='ocrx_word' id='word_1_189' title='bbox 1148 3047 1253 3107; x_wconf 82' lang='lat' dir='ltr'><strong>extra·</strong></span> 
     </span>
     <span class='ocr_line' id='line_1_25' title="bbox 139 3145 1252 3250; baseline -0.006 -27"><span class='ocrx_word' id='word_1_190' title='bbox 139 3175 303 3236; x_wconf 85' lang='lat' dir='ltr'><strong>aeorum,</strong></span> <span class='ocrx_word' id='word_1_191' title='bbox 331 3168 432 3250; x_wconf 87' lang='lat' dir='ltr'><strong>atque</strong></span> <span class='ocrx_word' id='word_1_192' title='bbox 456 3177 576 3224; x_wconf 79' lang='lat' dir='ltr'><strong>uxores</strong></span> <span class='ocrx_word' id='word_1_193' title='bbox 603 3149 851 3249; x_wconf 90' lang='lat' dir='ltr'><strong>quodammodo</strong></span> <span class='ocrx_word' id='word_1_194' title='bbox 876 3149 913 3220; x_wconf 91' lang='lat' dir='ltr'><strong>in</strong></span> <span class='ocrx_word' id='word_1_195' title='bbox 943 3145 1252 3247; x_wconf 80' lang='lat' dir='ltr'><strong>periculalsbendi</strong></span> 
     </span>
     <span class='ocr_line' id='line_1_26' title="bbox 141 3262 1254 3365; baseline 0.004 -27"><span class='ocrx_word' id='word_1_196' title='bbox 141 3265 210 3365; x_wconf 92' lang='lat' dir='ltr'><strong>ipsi</strong></span> <span class='ocrx_word' id='word_1_197' title='bbox 236 3266 432 3339; x_wconf 87' lang='lat' dir='ltr'><strong>coniiciunt.</strong></span> <span class='ocrx_word' id='word_1_198' title='bbox 451 3265 617 3352; x_wconf 85' lang='lat' dir='ltr'><strong>Quocirca</strong></span> <span class='ocrx_word' id='word_1_199' title='bbox 633 3266 755 3361; x_wconf 74' lang='lat' dir='ltr'><strong>dignae</strong></span> <span class='ocrx_word' id='word_1_200' title='bbox 778 3262 947 3339; x_wconf 90' lang='lat' dir='ltr'><strong>interdum</strong></span> <span class='ocrx_word' id='word_1_201' title='bbox 963 3280 1043 3342; x_wconf 88' lang='lat' dir='ltr'><strong>sunt</strong></span> <span class='ocrx_word' id='word_1_202' title='bbox 1058 3263 1254 3362; x_wconf 83' lang='lat' dir='ltr'><strong>quibusin-</strong></span> 
     </span>
     <span class='ocr_line' id='line_1_27' title="bbox 141 3378 1250 3479; baseline 0 -28"><span class='ocrx_word' id='word_1_203' title='bbox 141 3379 476 3469; x_wconf 85' lang='lat' dir='ltr'><strong>iuriaooudonetur,</strong></span> <span class='ocrx_word' id='word_1_204' title='bbox 505 3382 535 3454; x_wconf 89' lang='lat' dir='ltr'><strong>si</strong></span> <span class='ocrx_word' id='word_1_205' title='bbox 566 3405 642 3454; x_wconf 84' lang='lat' dir='ltr'><strong>vere</strong></span> <span class='ocrx_word' id='word_1_206' title='bbox 666 3407 723 3454; x_wconf 92' lang='lat' dir='ltr'><strong>eas</strong></span> <span class='ocrx_word' id='word_1_207' title='bbox 752 3380 872 3479; x_wconf 87' lang='lat' dir='ltr'><strong>patrati</strong></span> <span class='ocrx_word' id='word_1_208' title='bbox 902 3378 1040 3455; x_wconf 91' lang='lat' dir='ltr'><strong>sceleris</strong></span> <span class='ocrx_word' id='word_1_209' title='bbox 1065 3379 1250 3478; x_wconf 83' lang='lat' dir='ltr'><strong>poeniteat,</strong></span> 
     </span>
     <span class='ocr_line' id='line_1_28' title="bbox 139 3494 1254 3595; baseline 0 -28"><span class='ocrx_word' id='word_1_210' title='bbox 139 3495 421 3595; x_wconf 78' lang='lat' dir='ltr'><strong>statuamquede</strong></span> <span class='ocrx_word' id='word_1_211' title='bbox 434 3510 565 3569; x_wconf 87' lang='lat' dir='ltr'><strong>caetero</strong></span> <span class='ocrx_word' id='word_1_212' title='bbox 592 3497 627 3567; x_wconf 90' lang='lat' dir='ltr'><strong>iu</strong></span> <span class='ocrx_word' id='word_1_213' title='bbox 651 3495 764 3569; x_wconf 87' lang='lat' dir='ltr'><strong>officio</strong></span> <span class='ocrx_word' id='word_1_214' title='bbox 787 3521 993 3594; x_wconf 88' lang='lat' dir='ltr'><strong>permanere.</strong></span> <span class='ocrx_word' id='word_1_215' title='bbox 1015 3494 1090 3580; x_wconf 85' lang='lat' dir='ltr'><strong>Quo</strong></span> <span class='ocrx_word' id='word_1_216' title='bbox 1114 3494 1254 3569; x_wconf 81' lang='lat' dir='ltr'><strong>refertur</strong></span> 
     </span>
     <span class='ocr_line' id='line_1_29' title="bbox 139 3610 1255 3711; baseline -0.003 -28"><span class='ocrx_word' id='word_1_217' title='bbox 139 3610 306 3684; x_wconf 90' lang='lat' dir='ltr'><strong>monitum</strong></span> <span class='ocrx_word' id='word_1_218' title='bbox 330 3611 413 3684; x_wconf 91' lang='lat' dir='ltr'><strong>illud</strong></span> <span class='ocrx_word' id='word_1_219' title='bbox 439 3638 468 3684; x_wconf 88' lang='lat' dir='ltr'><strong>s.</strong></span> <span class='ocrx_word' id='word_1_220' title='bbox 490 3612 688 3708; x_wconf 78' lang='lat' dir='ltr'><strong>Augustini,</strong></span> <span class='ocrx_word' id='word_1_221' title='bbox 717 3612 776 3711; x_wconf 92' lang='lat' dir='ltr'><strong>qui</strong></span> <span class='ocrx_word' id='word_1_222' title='bbox 802 3612 939 3684; x_wconf 89' lang='lat' dir='ltr'><strong>scribit:</strong></span> <span class='ocrx_word' id='word_1_223' title='bbox 967 3612 1089 3684; x_wconf 84' lang='lat' dir='ltr'><strong>«llaec</strong></span> <span class='ocrx_word' id='word_1_224' title='bbox 1113 3610 1255 3683; x_wconf 86' lang='lat' dir='ltr'><strong>crimina</strong></span> 
     </span>
     <span class='ocr_line' id='line_1_30' title="bbox 141 3723 1255 3825; baseline -0.003 -27"><span class='ocrx_word' id='word_1_225' title='bbox 141 3723 344 3820; x_wconf 84' lang='lat' dir='ltr'><strong>(adulteria)</strong></span> <span class='ocrx_word' id='word_1_226' title='bbox 361 3727 397 3800; x_wconf 90' lang='lat' dir='ltr'><strong>in</strong></span> <span class='ocrx_word' id='word_1_227' title='bbox 412 3742 525 3800; x_wconf 86' lang='lat' dir='ltr'><strong>vetere</strong></span> <span class='ocrx_word' id='word_1_228' title='bbox 536 3728 602 3800; x_wconf 86' lang='lat' dir='ltr'><strong>¹Dei</strong></span> <span class='ocrx_word' id='word_1_229' title='bbox 620 3727 694 3825; x_wconf 84' lang='lat' dir='ltr'><strong>lege</strong></span> <span class='ocrx_word' id='word_1_230' title='bbox 715 3726 817 3800; x_wconf 90' lang='lat' dir='ltr'><strong>nullis</strong></span> <span class='ocrx_word' id='word_1_231' title='bbox 838 3727 1019 3801; x_wconf 71' lang='lat' dir='ltr'><strong>sacrificiis</strong></span> <span class='ocrx_word' id='word_1_232' title='bbox 1044 3724 1255 3798; x_wconf 74' lang='lat' dir='ltr'><strong>mundabam</strong></span> 
     </span>
     <span class='ocr_line' id='line_1_31' title="bbox 141 3840 1255 3941; baseline -0.003 -29"><span class='ocrx_word' id='word_1_233' title='bbox 141 3856 284 3912; x_wconf 86' lang='lat' dir='ltr'><strong>tur...et</strong></span> <span class='ocrx_word' id='word_1_234' title='bbox 300 3841 376 3914; x_wconf 89' lang='lat' dir='ltr'><strong>ideo</strong></span> <span class='ocrx_word' id='word_1_235' title='bbox 394 3856 474 3915; x_wconf 89' lang='lat' dir='ltr'><strong>tuno</strong></span> <span class='ocrx_word' id='word_1_236' title='bbox 489 3841 581 3915; x_wconf 92' lang='lat' dir='ltr'><strong>omni</strong></span> <span class='ocrx_word' id='word_1_237' title='bbox 600 3842 701 3917; x_wconf 91' lang='lat' dir='ltr'><strong>modo</strong></span> <span class='ocrx_word' id='word_1_238' title='bbox 717 3842 923 3941; x_wconf 85' lang='lat' dir='ltr'><strong>prohibitum</strong></span> <span class='ocrx_word' id='word_1_239' title='bbox 941 3859 993 3916; x_wconf 88' lang='lat' dir='ltr'><strong>est</strong></span> <span class='ocrx_word' id='word_1_240' title='bbox 1005 3840 1053 3914; x_wconf 91' lang='lat' dir='ltr'><strong>ab</strong></span> <span class='ocrx_word' id='word_1_241' title='bbox 1062 3840 1129 3913; x_wconf 94' lang='lat' dir='ltr'><strong>alio</strong></span> <span class='ocrx_word' id='word_1_242' title='bbox 1140 3848 1255 3921; x_wconf 56' lang='lat' dir='ltr'><strong>contar</strong></span> 
     </span>
     <span class='ocr_line' id='line_1_32' title="bbox 137 3954 1255 4056; baseline 0 -29"><span class='ocrx_word' id='word_1_243' title='bbox 137 3954 305 4028; x_wconf 88' lang='lat' dir='ltr'><strong>minatam</strong></span> <span class='ocrx_word' id='word_1_244' title='bbox 317 3956 389 4030; x_wconf 79' lang='lat' dir='ltr'><strong>viro</strong></span> <span class='ocrx_word' id='word_1_245' title='bbox 407 3958 554 4056; x_wconf 86' lang='lat' dir='ltr'><strong>recipere</strong></span> <span class='ocrx_word' id='word_1_246' title='bbox 571 3983 769 4030; x_wconf 76' lang='lat' dir='ltr'><strong>uxorem...</strong></span> <span class='ocrx_word' id='word_1_247' title='bbox 780 3959 875 4031; x_wconf 89' lang='lat' dir='ltr'><strong>Nunc</strong></span> <span class='ocrx_word' id='word_1_248' title='bbox 893 3968 1002 4031; x_wconf 79' lang='lat' dir='ltr'><strong>autem</strong></span> <span class='ocrx_word' id='word_1_249' title='bbox 1022 3969 1139 4054; x_wconf 78' lang='lat' dir='ltr'><strong>postea</strong></span> <span class='ocrx_word' id='word_1_250' title='bbox 1152 3963 1255 4052; x_wconf 75' lang='lat' dir='ltr'><strong>quam</strong></span> 
     </span>
     <span class='ocr_line' id='line_1_33' title="bbox 138 4066 1256 4169; baseline -0.005 -27"><span class='ocrx_word' id='word_1_251' title='bbox 138 4067 299 4142; x_wconf 90' lang='lat' dir='ltr'><strong>Christus</strong></span> <span class='ocrx_word' id='word_1_252' title='bbox 322 4071 368 4143; x_wconf 90' lang='lat' dir='ltr'><strong>ait</strong></span> <span class='ocrx_word' id='word_1_253' title='bbox 386 4070 573 4144; x_wconf 87' lang='lat' dir='ltr'><strong>adulterae:</strong></span> <span class='ocrx_word' id='word_1_254' title='bbox 598 4071 664 4143; x_wconf 87' lang='lat' dir='ltr'><strong>Nec</strong></span> <span class='ocrx_word' id='word_1_255' title='bbox 690 4098 746 4169; x_wconf 75' lang='lat' dir='ltr'><strong>epo</strong></span> <span class='ocrx_word' id='word_1_256' title='bbox 774 4087 801 4143; x_wconf 85' lang='lat' dir='ltr'><strong>te</strong></span> <span class='ocrx_word' id='word_1_257' title='bbox 828 4071 1006 4152; x_wconf 82' lang='lat' dir='ltr'><strong>damnabo,</strong></span> <span class='ocrx_word' id='word_1_258' title='bbox 1034 4068 1134 4149; x_wconf 85' lang='lat' dir='ltr'><strong>uode,</strong></span> <span class='ocrx_word' id='word_1_259' title='bbox 1165 4066 1256 4137; x_wconf 82' lang='lat' dir='ltr'><strong>deiu-</strong></span> 
     </span>
     <span class='ocr_line' id='line_1_34' title="bbox 141 4183 1255 4284; baseline -0.002 -30"><span class='ocrx_word' id='word_1_260' title='bbox 141 4209 216 4281; x_wconf 82' lang='lat' dir='ltr'><strong>ceps</strong></span> <span class='ocrx_word' id='word_1_261' title='bbox 245 4185 316 4255; x_wconf 81' lang='lat' dir='ltr'><strong>noli</strong></span> <span class='ocrx_word' id='word_1_262' title='bbox 338 4211 502 4282; x_wconf 84' lang='lat' dir='ltr'><strong>peccore;</strong></span> <span class='ocrx_word' id='word_1_263' title='bbox 530 4185 608 4284; x_wconf 89' lang='lat' dir='ltr'><strong>quis</strong></span> <span class='ocrx_word' id='word_1_264' title='bbox 638 4211 705 4258; x_wconf 93' lang='lat' dir='ltr'><strong>non</strong></span> <span class='ocrx_word' id='word_1_265' title='bbox 737 4185 902 4283; x_wconf 80' lang='lat' dir='ltr'><strong>intelligat</strong></span> <span class='ocrx_word' id='word_1_266' title='bbox 929 4183 1052 4256; x_wconf 88' lang='lat' dir='ltr'><strong>debere</strong></span> <span class='ocrx_word' id='word_1_267' title='bbox 1081 4183 1255 4281; x_wconf 77' lang='lat' dir='ltr'><strong>ignoscere</strong></span> 
     </span>
     <span class='ocr_line' id='line_1_35' title="bbox 141 4297 1255 4398; baseline -0.004 -28"><span class='ocrx_word' id='word_1_268' title='bbox 141 4297 318 4384; x_wconf 87' lang='lat' dir='ltr'><strong>maritum,</strong></span> <span class='ocrx_word' id='word_1_269' title='bbox 345 4299 436 4396; x_wconf 92' lang='lat' dir='ltr'><strong>quod</strong></span> <span class='ocrx_word' id='word_1_270' title='bbox 462 4297 553 4373; x_wconf 86' lang='lat' dir='ltr'><strong>videt</strong></span> <span class='ocrx_word' id='word_1_271' title='bbox 579 4299 748 4394; x_wconf 78' lang='lat' dir='ltr'><strong>ignovisse</strong></span> <span class='ocrx_word' id='word_1_272' title='bbox 770 4299 950 4375; x_wconf 90' lang='lat' dir='ltr'><strong>Dominum</strong></span> <span class='ocrx_word' id='word_1_273' title='bbox 973 4297 1173 4398; x_wconf 79' lang='lat' dir='ltr'><strong>amborum,</strong></span> <span class='ocrx_word' id='word_1_274' title='bbox 1194 4321 1255 4367; x_wconf 93' lang='lat' dir='ltr'><strong>nec</strong></span> 
     </span>
    </p>
   </div>
   <div class='ocr_carea' id='block_1_3' title="bbox 0 0 1407 5064">
    <p class='ocr_par' dir='ltr' id='par_1_5' title="bbox 0 0 1407 5064">
     <span class='ocr_line' id='line_1_36' title="bbox 0 0 1407 5064; baseline 0 0"><span class='ocrx_word' id='word_1_275' title='bbox 0 0 1407 5064; x_wconf 95' lang='lat' dir='ltr'><strong> </strong></span> 
     </span>
    </p>
   </div>
  </div>
 </body>
</html>
