2796 5064
150 339 192 406 18
314 360 376 407 iiii.
398 360 445 408 ΙΙΙ.
468 357 554 406 saci.
576 359 599 407 1.
621 358 660 406 lin
678 357 774 405 nain.
793 353 915 403 canisi.
938 351 1082 400 unitate.

221 478 346 552 Eodem
365 476 475 550 medio
493 501 587 561 aevo,
615 501 654 547 ao
671 474 788 546 eadem
807 473 911 544 ferme
928 486 1036 544 aetate
1052 472 1161 546 extitit
1177 472 1260 544 Tan-

147 594 300 667 chelinus
327 593 385 692 qui
404 619 441 664 se
459 592 570 691 ipsum
593 592 700 663 Deum
722 588 866 663 faciebat
887 614 927 661 ac
949 589 1025 660 lesu
1047 586 1182 662 Christo
1200 616 1259 688 pa-

125 706 237 795 rem,
266 710 325 808 qui
352 737 418 783 non
445 708 512 781 alia
536 709 578 781 de
605 734 707 781 causa
737 707 828 777 Deus
858 703 1052 792 dicebatur,
1081 704 1148 777 nisi
1180 707 1258 804 quia

147 841 317 922 receperat
330 823 489 922 Spiritum
507 824 665 895 Sanctum
687 819 783 893 cuius
804 817 1048 919 plenitudinem
1068 844 1106 890 se
1123 845 1259 918 quoque

146 939 319 1039 accepisse
343 938 575 1037 profitebatur,
597 964 637 1009 ex
653 963 720 1037 quo
737 936 901 1008 inserebat
919 961 955 1007 se
971 959 1036 1007 non
1058 933 1165 1006 luisse
1182 934 1258 1007 lesu

146 1053 280 1126 Christo
301 1052 369 1126 ullo
390 1053 490 1149 medo
511 1050 715 1125 inferiorem.
742 1053 779 1122 ln
804 1076 903 1125 omne
929 1063 1039 1121 autem
1065 1046 1184 1121 vitium
1211 1049 1258 1121 el-

144 1168 240 1240 lusus
273 1168 462 1266 promiscue
495 1182 657 1265 quotquot
687 1181 816 1265 poterat
845 1164 1000 1239 foeminis
1030 1161 1254 1249 abutebatur,

144 1309 244 1382 quem
270 1284 394 1382 pariter
419 1282 492 1355 eius
519 1280 679 1380 discipuli
706 1281 824 1354 imitati
850 1279 1125 1375 sandapilas
1153 1280 1257 1352 secuti

143 1416 221 1473 sunt
236 1399 411 1498 Turlupini
437 1399 472 1469 in
492 1425 624 1471 omnem
642 1412 675 1470 ct
693 1397 759 1495 ipsi
778 1395 1019 1495 turpitudinem
1037 1394 1135 1468 ellusi
1163 1395 1257 1494 cyni-

143 1542 200 1589 cos
227 1515 434 1589 aemulantes
454 1517 543 1611 (30),

216 1631 294 1702 Post
319 1628 402 1701 hacc
429 1629 584 1727 persequi
611 1653 677 1700 non
702 1643 798 1699 vacat
823 1625 965 1699 docendi
991 1653 1031 1700 ac
1047 1626 1183 1701 vivendi
1207 1654 1256 1699 ra·

143 1745 265 1817 tionem
283 1769 386 1841 quam
404 1742 521 1816 sectati
540 1757 619 1814 sunt
637 1741 925 1840 pseudo-mystici
942 1741 1092 1814 cuiusvis
1114 1742 1253 1827 aetatis,

142 1860 190 1932 uti
209 1858 405 1932 massaliani
420 1859 509 1953 (31),
527 1855 700 1956 apostolici
714 1858 802 1951 (32),
816 1855 948 1930 lollardi
965 1859 1054 1952 (33),
1067 1856 1125 1956 qui
1138 1883 1256 1930 omnes

143 1976 278 2073 nuptias
296 1971 531 2072 deprimebant
543 1987 601 2044 aut
617 1970 899 2044 damnabant'sub
912 1971 1135 2045 continentiae
1148 1971 1254 2057 larva,

141 2105 175 2162 et
188 2088 320 2160 interim
334 2113 371 2160 se
383 2087 587 2159 libidinosae
601 2087 894 2186 concupiscentiae
911 2113 1049 2187 prorsus
1065 2086 1253 2160 tradebant.

142 2203 234 2276 ldem
261 2203 401 2300 contigit
435 2202 611 2276 thabocitis
647 2205 743 2297 (ai),
781 2203 1003 2301 anabaptistis
1037 2205 1130 2298 (aa),
1159 2203 1256 2301 quie·

143 2317 230 2391 tistis
251 2321 347 2415 (36),
376 2319 433 2419 qui
461 2318 603 2391 summis
629 2317 786 2391 laudibus
819 2318 1016 2425 pudicitiam
1048 2317 1271 2401 efferebant.

140 2434 289 2533 dumque
314 2460 352 2507 se
378 2434 411 2505 in
436 2434 593 2507 uitiorum
612 2433 682 2507 luto
700 2432 907 2521 volutabant,
928 2432 1110 2533 quamdam
1135 2433 1257 2533 impec-

140 2681 179 2732 ed.
201 2685 283 2732 Peter.
302 2682 373 2732 nobis
392 2683 504 2745 caponit5
524 2682 624 2731 iliorum
644 2683 730 2730 coctus
749 2679 856 2743 appellat
875 2678 1029 2743 speluncam
1048 2692 1090 2729 seu
1110 2693 1255 2730 caventem

139 2764 317 2812 arronstroram
327 2762 379 2812 sine
389 2761 535 2824 verecundia
546 2761 692 2825 degentium.
700 2761 732 2811 ci
733 2798 738 2809 .
744 2760 818 2810 ctiam
829 2761 1153 2812 (ilementdilemstromot.
1160 2761 1255 2811 libili.

142 2857 166 2906 p.
178 2846 223 2892 427
242 2856 311 2905 seqq.
324 2856 345 2892 s.
357 2843 485 2905 Angustia.
503 2846 539 2892 De
553 2840 682 2892 haeresib.
696 2845 803 2893 liceras.
818 2844 923 2893 XXXI.
934 2843 1091 2917 Piiiiqstriom
1107 2842 1256 2892 brixiensem

138 2936 192 2986 cap.
214 2925 299 2973 xLix.
321 2923 408 2980 Quoad
433 2924 579 2973 recentiores
599 2923 630 2972 ci.
648 2923 753 2987 Ploquet
772 2926 885 2974 Diction.
909 2922 954 2973 des
977 2922 1060 2974 neres.
1082 2924 1161 2974 Paris.
1185 2928 1253 2974 1845.

139 3004 186 3051 art.
200 3001 342 3052 Ademitcs.

167 3095 169 3097 ·
212 3082 262 3142 (39)
277 3082 315 3131 ci.
329 3082 436 3144 Pluquct
450 3096 490 3146 op.
508 3083 552 3133 cit.
570 3086 617 3133 art.
632 3082 782 3133 ronchalia.
801 3085 851 3132 iios
868 3083 942 3133 etiam
960 3082 1021 3132 diris
1038 3081 1163 3133 coloribus
1178 3083 1256 3146 pingit

138 3159 252 3209 ltiicireiet
268 3162 293 3209 in
313 3174 358 3210 sua
374 3164 443 3211 ilict.
455 3162 487 3211 de
498 3165 614 3222 Franco,
624 3165 685 3213 tom.
699 3165 732 3211 ii.
743 3175 768 3225 p.
781 3169 826 3212 393
836 3175 906 3225 seqq.

213 3241 262 3301 (33)
277 3240 314 3290 ci.
329 3241 469 3291 i‘ratcoiurn
489 3244 525 3291 Dc
540 3245 617 3304 attis,
634 3244 711 3292 sectis
725 3244 751 3292 et
766 3240 909 3304 dopmottb.
923 3241 1021 3293 liceret.
1037 3242 1144 3294 Elencit.
1161 3243 1252 3307 cipho

138 3319 245 3369 ostiam.
259 3319 375 3369 Coloniae
389 3327 455 3376 1581.
469 3320 513 3369 iib.
524 3323 612 3370 xviii.
624 3333 678 3383 pag.
691 3324 745 3370 331.

210 3399 260 3459 (33)
275 3398 521 3463 coemuranae
535 3399 634 3449 luceres.
653 3402 758 3449 Hoercs.
771 3402 866 3451 Lxxx.

210 3479 260 3540 (33)
278 3478 341 3527 Cis.
351 3478 499 3527 Bernardin
509 3480 610 3528 cantic.
619 3480 748 3528 sermm
754 3482 780 3529 V.
787 3481 811 3528 et
819 3480 1001 3542 seqitahiilon.
1011 3480 1128 3531 Anokct.
1136 3483 1198 3531 tom.
1208 3484 1250 3531 iii.

138 3571 163 3622 p.
175 3561 229 3607 453.
242 3559 389 3621 D'nrgentrc
401 3557 507 3608 Collect.
517 3557 599 3608 indic.
612 3561 672 3607 tom.
685 3561 704 3609 1.
718 3573 742 3622 p.
757 3561 940 3610 3313333133.
955 3564 1014 3610 sect.
1028 3562 1082 3610 xii.
1094 3563 1141 3610 art.
1154 3563 1196 3611 xi.
1215 3564 1251 3613 De

137 3637 213 3689 variis
223 3637 426 3702 apostolicorum
438 3639 511 3688 scetis
521 3638 570 3689 late
581 3639 679 3690 disserit
689 3639 817 3690 arsenius
828 3653 868 3704 op.
879 3641 920 3690 cit.
929 3640 971 3690 iib.
982 3643 1060 3704 imp.
1069 3647 1251 3706 59.p.58scqq.

211 3719 260 3780 (33)
276 3719 314 3769 ci.
330 3719 411 3782 Dupin
428 3722 499 3770 Hist.
510 3719 555 3770 der
567 3722 688 3770 controv.
699 3722 810 3784 quatem.
823 3720 896 3772 siecle
909 3734 934 3786 p.
944 3707 998 3772 333.
1008 3721 1199 3786 d'nrgentreop.
1208 3724 1249 3774 eit.

137 3802 197 3847 tom.
212 3799 230 3846 1,
244 3810 297 3861 pag.
313 3805 366 3848 333.

210 3877 259 3939 (34)
276 3876 314 3927 ci.
326 3878 464 3928 Prateoiuur
478 3878 569 3942 opeit.
583 3879 626 3931 lib.
635 3881 722 3930 iivlii.
731 3894 787 3944 pag.
799 3884 854 3932 471.

209 3958 258 4020 (33)
275 3958 314 4007 cr.
327 3958 404 4009 sudre
422 3962 530 4010 Htstotr.
543 3959 581 4011 du
597 3964 796 4023 continuatione,
808 3962 848 4014 ed.
860 3962 903 4013 cit.
914 3977 939 4027 p.
953 3968 983 4014 79
993 3976 1062 4027 seqq.

209 4037 259 4100 (33)
275 4038 313 4088 cs.
323 4039 661 4092 Constil.lnnoc.it1.eontra
672 4055 766 4092 errores
776 4041 889 4093 Michael.
900 4043 1005 4094 Melinos
1014 4044 1120 4094 dotadie
1136 4046 1240 4096 io.Fcbr

140 4117 391 4181 insinuatione:
407 4120 529 4170 coelestin
545 4123 641 4170 Pastor
654 4122 720 4184 apud
732 4121 873 4185 d’Argeotre
883 4125 1247 4189 op.eit.tom.ili.p.3oasoqq.

137 4199 174 4248 ci.
183 4198 243 4248 item
256 4198 352 4261 Borgier
366 4201 518 4250 metienda
528 4200 638 4264 tototoq.
648 4201 679 4250 ed
694 4215 777 4252 ccccm
788 4202 963 4254 Melinostsme
975 4204 1017 4253 ubi
1029 4204 1147 4255 adversas
1158 4206 1249 4256 Mosire

140 4279 216 4328 mium
227 4279 346 4329 eiusmodi
360 4278 541 4330 damnationem
560 4281 676 4331 vindicat.
