2796 5064
142 350 211 422 298
286 372 348 425 ιιι.
360 371 408 424 ιιι.
424 371 511 424 seor.
528 371 659 423 ιιιιιι.
677 370 717 423 ιι
734 371 846 423 rueras.
864 371 959 423 mre.
976 370 1103 423 eumer.

142 489 269 565 scimus
295 491 330 561 1.
351 489 394 562 uh
418 514 459 564 co
484 487 666 588 improbari
693 487 784 586 leges
804 487 938 575 ciuiles,
962 514 1052 588 quae
1073 488 1246 562 divortium

141 603 225 678 viris
239 602 478 700 indulgebant3
497 604 531 674 2.
549 628 627 676 eum
654 603 821 677 affirmare
837 603 975 702 quidem
989 602 1081 677 licite
1093 628 1195 702 posse
1208 605 1250 677 vi

143 743 199 793 ros
224 718 259 788 in
282 741 386 791 causa
404 716 562 790 adulterii
582 743 702 792 uxores
725 742 806 791 suas
825 718 963 803 eiicere,
981 744 1043 791 seu
1060 744 1100 791 se
1125 718 1250 791 abillis

143 856 319 930 separare,
352 830 413 904 sed
440 856 549 930 neque
583 831 640 905 hic
678 857 789 930 neque
815 831 896 904 nlihi
924 858 1086 932 umquam
1115 832 1252 905 adiicere

144 971 257 1046 posse,
274 945 436 1018 uxoribus
460 944 505 1019 oh
530 945 783 1020 fornicationem
807 947 981 1033 dimissis,
1003 946 1091 1021 alias
1116 948 1248 1033 duoere;

145 1063 178 1134 3.
200 1061 383 1136 antithesin
409 1061 554 1161 abipso
580 1061 766 1136 institutam
793 1063 882 1136 inter
908 1089 1029 1137 causas
1054 1090 1077 1136 a
1103 1063 1179 1161 lege
1195 1088 1252 1136 mo

144 1177 237 1252 saion
268 1177 460 1274 assignatas
489 1178 532 1251 ad
563 1178 744 1253 divortium
774 1177 987 1265 laciendum,
1016 1196 1050 1252 et
1076 1180 1213 1253 unicam
1236 1203 1252 1249 a

144 1292 279 1367 Christo
303 1293 537 1381 constitutam,
564 1294 709 1369 coe'rceri
735 1293 779 1367 ad
806 1319 931 1368 causas
958 1294 1176 1368 dimissionis
1202 1319 1252 1366 seu

145 1408 369 1510 separationis
393 1433 414 1481 a
434 1424 506 1483 toro
533 1424 566 1482 et
590 1409 857 1495 cohabitatione,
880 1409 1019 1483 minime
1041 1435 1125 1483 vero
1151 1409 1195 1482 ad
1214 1408 1254 1480 di·

145 1525 363 1626 remptionem
385 1523 572 1622 coniugalis
598 1525 724 1598 vinculi
745 1525 892 1599 extendi.
915 1525 1047 1597 Exinde
1074 1540 1169 1624 patet
1186 1525 1255 1597 Gre-

145 1641 275 1738 gotium
301 1638 489 1714 clausulam
508 1639 771 1739 exceptionalem
796 1642 865 1713 nisi
887 1639 926 1712 oh
943 1641 1198 1739 fornicationem
1213 1665 1254 1713 re

145 1755 266 1829 tulisse
289 1754 332 1828 ad
358 1755 502 1855 priorem
535 1772 681 1854 partem,
709 1781 777 1829 non
807 1771 920 1829 autem
944 1755 987 1828 ad
1015 1756 1252 1854 posteriorem,

146 1888 177 1945 et
200 1874 339 1946 atteram
363 1872 510 1946 decerit.

220 1988 284 2073 Qui
297 1989 451 2087 proinde,
468 1989 615 2062 launoio
633 1988 737 2070 duce,
758 2015 788 2062 s.
803 1988 997 2085 Gregorium
1017 1988 1255 2060 nazianzenum

150 2103 193 2176 ad
208 2128 287 2176 suas
301 2117 412 2201 partes
429 2103 561 2176 trahere
578 2104 810 2189 connituntur,
832 2103 906 2176 eius
924 2101 1111 2175 abutuntur
1127 2099 1257 2175 auctori·

149 2234 215 2291 tate
239 2233 273 2291 et
297 2219 449 2291 incautos
477 2217 598 2291 fallunt
622 2220 734 2314 (109).
755 2218 839 2291 Cum
857 2219 947 2291 euim
973 2217 1048 2317 ipse
1075 2216 1256 2290 absolutam

148 2333 296 2430 coniugii
310 2332 499 2407 firmitatem
519 2349 710 2408 constanter
728 2334 911 2432 praedicet,
931 2358 992 2406 nec
1010 2358 1175 2432 umquam
1193 2342 1258 2430 post

150 2445 341 2521 alterutrius
377 2446 531 2543 coniugis
566 2447 707 2521 adulteri
741 2447 999 2530 dimissionem,
1037 2444 1092 2518 vel
1122 2444 1258 2518 insinuet

151 2562 286 2661 quidem
313 2589 415 2662 posse
439 2589 560 2636 novum
584 2563 660 2634 iniri
686 2564 901 2661 coniugium,
923 2579 1038 2662 aperte
1059 2576 1179 2635 contra
1195 2559 1256 2632 eius

152 2695 295 2752 mentem
330 2678 473 2765 iaciunt,
502 2679 560 2777 qni
587 2704 663 2751 eum
696 2696 733 2752 ut
765 2679 897 2752 divortii
937 2695 1116 2778 patronum
1147 2674 1257 2750 vellent

156 2792 340 2866 traducere.
359 2795 531 2867 Praeterea
549 2793 657 2880 addo,
684 2793 818 2867 nonnisi
840 2809 1054 2894 praepostere
1081 2791 1126 2863 ah
1152 2791 1257 2864 adver·

151 2907 251 2979 seriis
275 2906 415 2980 dubium
437 2907 574 2994 moveri,
596 2934 675 2980 num
692 2933 732 2979 ea
753 2908 929 2980 antithesis
955 2907 1042 2979 inter
1062 2920 1211 2979 veterem
1234 2916 1257 2973 ct

151 3047 268 3094 novam
285 3022 390 3118 legem
406 3022 447 3095 ad
466 3048 586 3095 causas
600 3022 824 3108 dimissionis,
841 3049 883 3094 an
898 3048 976 3094 vero
989 3021 1032 3093 ad
1051 3045 1177 3093 causas
1195 3042 1255 3117 per

154 3136 228 3209 lecti
251 3136 384 3210 divortii
403 3136 581 3223 reseratur,
606 3163 682 3209 cum
701 3153 814 3209 notum
842 3137 887 3208 sit
908 3136 1020 3236 potius
1048 3162 1078 3207 s.
1096 3136 1256 3209 Ductorem

154 3249 299 3344 rigidum
330 3250 412 3323 sorte
439 3250 516 3349 plus
546 3277 653 3350 aequo
686 3275 722 3322 se
755 3249 954 3349 patefecisse
983 3249 1016 3320 iu
1044 3248 1256 3321 secundiset

156 3365 262 3437 tertiis
284 3366 412 3464 nuptiis
431 3367 633 3440 successivis
655 3366 902 3466 permittendis,
933 3380 969 3436 ut
995 3391 1059 3438 suo
1084 3364 1159 3439 loco
1186 3360 1255 3436 ridi·

156 3504 231 3550 mus
252 3481 364 3573 (110).
395 3480 527 3565 Quanto
551 3481 660 3578 magis
682 3481 795 3580 itaque
812 3479 991 3552 dicendum
1014 3496 1066 3552 est
1097 3505 1176 3552 cum
1194 3476 1256 3549 alie

162 3620 241 3663 num
268 3594 404 3667 omnino
430 3595 534 3668 luisse
558 3622 578 3667 a
604 3597 825 3696 permittendo
850 3595 917 3667 alio
942 3595 1115 3691 coniugio,
1143 3595 1256 3666 vivent

230 3833 295 3894 (too)
311 3835 387 3884 haum
400 3848 441 3898 op.
451 3837 476 3883 et
487 3836 526 3885 loo
538 3837 578 3885 cit.
591 3850 646 3899 pag.
659 3843 713 3887 stu.
726 3839 807 3886 Braun
820 3837 921 3886 Dissert.
932 3837 975 3885 cit.
986 3836 1053 3899 apud
1066 3836 1150 3886 iacchi
1161 3834 1256 3885 indae

158 3908 279 3961 labilitas
292 3911 392 3962 vinculi
400 3915 479 3961 metr.
495 3927 548 3976 pag.
560 3918 597 3964 iu.
610 3921 648 3965 80.
660 3913 784 3977 Popiliae
795 3915 905 3978 theeloe.
917 3917 1054 3965 linceuses
1064 3916 1127 3966 Lina
1139 3915 1257 3966 tetecu-

161 3992 201 4036 tra
228 4002 286 4037 roro
305 3989 391 4039 maiori
410 3991 540 4053 prudentia
562 3992 773 4055 sixtusscnensle,
788 3993 938 4055 Garhanlus,
951 3993 1023 4044 cairi
1043 4008 1103 4044 eum
1117 3992 1246 4045 omiserunt

234 4067 299 4128 (tto)
316 4066 363 4117 Ubi
382 4067 559 4133 descripsimus
576 4072 629 4121 eius
647 4071 720 4122 verba
736 4085 765 4121 ex
786 4074 832 4124 hec
849 4074 901 4136 ipsa
920 4074 1032 4124 oratioue
1049 4073 1255 4139 depromptaenu

160 4143 280 4194 disserens
299 4145 331 4195 de
351 4146 474 4208 secundo,
489 4149 561 4199 tertio
577 4153 602 4200 et
622 4153 710 4213 quarto
730 4153 868 4202 successivo
887 4153 1002 4216 coningio
1022 4153 1069 4203 ait:
1085 4174 1098 4198 ι
1109 4154 1214 4204 Ρήιιιιιιι
1228 4149 1254 4198 iu

159 4225 209 4285 et,
219 4224 354 4275 secundum
372 4227 442 4277 venia
453 4231 477 4277 et
492 4228 653 4292 indulgentia,
673 4231 774 4281 tertium
787 4235 923 4297 iniquitas.
937 4233 985 4290 Qui
1006 4235 1091 4284 summ
1112 4235 1176 4284 hunc
1190 4237 1254 4280 numu

161 4319 214 4354 rum
226 4307 320 4357 excedit
328 4311 453 4371 porcinus
463 4309 533 4371 plane
543 4313 587 4371 ast,
599 4313 683 4374 utpote
692 4324 723 4361 nc
735 4311 812 4362 multa
830 4311 930 4374 quidem
947 4312 1002 4363 vitii
1022 4312 1136 4376 exempta
1147 4309 1246 4361 tutem·
