2796 5064
268 371 554 438 sarmentorum
567 371 737 425 sarnus.
750 370 1105 437 mensunusum.
1183 351 1255 425 363

134 494 279 569 duorum
303 493 486 567 excesserit
511 517 704 580 numerum,
734 491 840 592 quia,
869 490 938 566 nisi
964 490 999 563 in
1025 489 1158 570 duobus
1189 515 1256 567 non

132 610 262 710 geritur
286 608 404 706 iugum
423 608 571 704 trau.»
1139 629 1143 636 ·

204 723 284 799 Huc
309 723 428 823 potius
443 737 575 822 spectat
591 721 681 823 quod
699 720 764 794 sub
782 720 962 796 Zachariae
980 721 1115 807 nomine
1133 720 1256 822 proler-

132 856 186 916 tm·
207 838 401 914 decretum:
425 837 665 912 «concubuisti
678 862 755 912 cum
773 862 888 912 sorore
904 836 1019 912 uxoris
1032 835 1140 912 tuae?
1156 837 1192 910 Si
1209 837 1258 913 ie·

132 954 232 1043 cisti,
260 968 415 1027 neutram
440 951 590 1027 habeas:
611 968 645 1026 et
669 952 700 1027 si
726 950 803 1040 illa,
832 976 920 1052 quae
944 977 1029 1026 uxor
1053 951 1255 1041 maluerit,

132 1068 272 1145 conscia
296 1067 435 1143 sceleris
460 1093 528 1143 non
552 1067 636 1155 fuit,
658 1066 688 1140 si
711 1093 749 1140 se
768 1067 939 1141 continere
956 1091 1021 1140 non
1045 1065 1133 1154 vult,
1154 1066 1260 1143 nubat

131 1186 167 1259 in
186 1184 355 1272 Domino,
384 1183 440 1258 eui
456 1183 550 1258 velit.
584 1184 634 1257 Tu
660 1199 771 1256 autern
790 1199 825 1257 et
841 1182 994 1257 adultera
1011 1180 1086 1257 sine
1102 1207 1166 1281 spe
1182 1207 1260 1258 oon-

132 1299 217 1398 iugii
240 1298 488 1398 permaneatis:
509 1314 542 1372 st
559 1298 722 1401 quamdiu
733 1299 904 1387 vixeritis,
927 1298 1020 1371 iuxta
1043 1314 1259 1397 praeceptum

131 1413 320 1493 sacerdotis
350 1414 590 1514 poenitentiam
616 1414 704 1512 agite
724 1417 870 1512 (238).»
898 1413 996 1488 Circa
1019 1413 1116 1487 cuius
1133 1412 1259 1488 decreti

131 1529 390 1628 intelligentiam
404 1531 439 1603 in
452 1529 564 1604 varias
577 1531 762 1605 sententias
775 1531 840 1605 viri
853 1529 942 1604 docti
957 1528 1125 1604 abierunt.
1145 1528 1259 1604 Sixtus

131 1645 292 1722 mneosis
315 1663 467 1721 recenset
483 1645 548 1721 hae
573 1647 617 1721 de
640 1672 746 1723 causa
771 1645 966 1720 Zachariam
986 1645 1073 1719 inter
1089 1669 1148 1721 eos
1168 1643 1256 1744 oqui

133 1761 332 1836 huiusmodi
359 1760 501 1861 repudia
530 1763 775 1862 permiserunt,
807 1778 841 1836 et
864 1761 1033 1836 interdum
1058 1761 1257 1848 iusserunt,

133 1876 357 1978 promulgatis
374 1903 478 1977 super
502 1877 586 1953 baec
603 1878 835 1954 sanctionibus
853 1895 887 1952 et
906 1878 1071 1965 decretis,
1094 1904 1161 1952 non
1180 1877 1259 1978 qui·

132 1993 211 2069 dem
223 1991 441 2091 generalibus
455 2009 489 2070 et
500 1995 690 2097 perpetuis,
711 1995 771 2069 sed
788 1995 832 2069 ad
847 2010 980 2095 tempus
997 2024 1006 2083 ;
1035 1995 1139 2095 idque
1159 1994 1261 2069 certis

132 2106 331 2184 nationibus
356 2133 397 2183 ac
419 2107 602 2206 gentibus,
630 2124 663 2183 et
690 2109 725 2181 in
750 2109 937 2185 incestibus
972 2124 1128 2195 tantum
1156 2124 1259 2208 etque

132 2221 211 2297 aliis
238 2221 445 2323 quibusdam
471 2223 641 2298 atrocibus
666 2222 825 2321 flagitiis,
855 2250 897 2297 ne
915 2207 1017 2321 longe
1034 2223 1170 2323 peiora,
1193 2238 1262 2297 tur-

132 2335 301 2437 pioraque
326 2352 598 2436 perpetrarentur
623 2337 667 2409 ab
692 2337 768 2424 bis,
798 2339 856 2437 qni
884 2353 951 2413 tam
981 2336 1081 2411 foeda
1105 2337 1263 2434 coniugia

132 2451 278 2529 tolerare
301 2477 369 2526 non
395 2469 549 2551 poterant
569 2454 724 2549 (239).»
753 2452 974 2533 bellarminus
999 2452 1137 2551 exponit
1159 2451 1263 2526 verba

132 2567 318 2647 lachariae
342 2567 483 2667 perinde
508 2593 548 2642 ac
568 2593 731 2642 canonem
750 2568 803 2641 tt.
827 2566 961 2642 concilii
984 2566 1200 2644 triburiensis
1217 2567 1261 2640 de

131 2682 312 2781 coniugio,
327 2683 419 2783 quod
437 2683 525 2783 parti
541 2684 711 2758 innocenti
724 2682 920 2758 conceditur
933 2698 1011 2782 post
1024 2697 1163 2758 mortem
1182 2707 1261 2757 con·

132 2800 226 2897 iugis
246 2798 370 2898 prioris
392 2801 506 2896 (tto).
530 2799 617 2875 Huic
639 2816 750 2875 autem
764 2798 964 2899 expositioni
979 2798 1038 2873 alii
1051 2811 1258 2897 repugnant,

133 2940 177 2993 eo
202 2913 295 3017 quod
319 2917 474 3015 componi
501 2914 593 2990 haud
619 2941 720 3015 posse
736 2914 891 2990 videatur
913 2940 989 2992 oum
1008 2913 1187 3014 postremis
1205 2913 1262 2987 de·

135 3029 221 3105 creti
246 3028 385 3105 verbis:
415 3044 583 3106 manuum
606 3044 637 3101 et
660 3028 813 3103 adultero
840 3030 910 3103 siue
934 3054 990 3126 spe
1017 3028 1166 3126 cooiupii
1183 3052 1262 3125 per·

132 3145 318 3228 maeotis,
345 3170 434 3244 quae
458 3159 673 3244 supponunt,
693 3144 807 3232 uxori,
827 3143 941 3219 adbuc
957 3143 1089 3219 vivente
1106 3142 1262 3218 adultero

134 3259 232 3346 viro,
257 3258 288 3332 si
314 3258 485 3332 continere
502 3285 539 3332 se
566 3284 633 3332 non
657 3259 787 3358 possit,
810 3257 895 3332 alias
919 3257 1056 3356 nuptias
1079 3257 1165 3331 inire
1186 3283 1262 3357 per·

135 3374 282 3449 missum
305 3373 413 3448 fuisse
432 3375 545 3472 (ill).
576 3372 789 3475 Quapropter
807 3374 919 3449 verior
936 3373 1073 3448 illorum
1086 3397 1262 3474 responsio

215 3615 286 3678 (2³7)
298 3614 371 3679 Apud
389 3614 468 3666 transi
487 3616 547 3666 tom.
565 3617 620 3667 xil.
636 3629 692 3680 pag.
712 3623 768 3667 2⁵⁹.

214 3694 281 3760 (tte)
297 3695 369 3759 Apud
392 3696 538 3746 Gratianum
557 3708 632 3746 musa
643 3697 731 3747 xxxl.
743 3709 769 3760 q.
785 3699 809 3747 7.
822 3708 846 3746 e.
863 3702 902 3747 tt.

215 3774 283 3837 (229)
298 3774 425 3825 Btbtlotlr.
436 3777 532 3826 coorto
551 3775 593 3825 tib.
607 3778 648 3828 vt.
661 3777 745 3826 annot.
761 3778 869 3826 Lxxxt.
884 3779 976 3826 verum
997 3775 1064 3825 huno
1082 3775 1206 3826 sacurem
1218 3785 1260 3838 pr·

134 3869 193 3908 rum
213 3855 328 3906 mooun
347 3868 375 3905 es
394 3855 544 3919 praestitisse
568 3854 630 3906 alies
650 3856 851 3918 observantiarum
872 3858 897 3907 et
919 3868 978 3907 sans
1003 3869 1048 3918 pro
1071 3853 1261 3905 dissolubtlttate

136 3936 248 3989 menet
266 3935 320 3986 sire
340 3935 463 3998 concitis,
483 3936 536 3986 sire
554 3937 683 3999 ructores,
703 3937 746 4000 qut
767 3937 840 4000 longe
859 3936 991 3988 abfuerunt
1010 3935 1042 3986 ab
1062 3935 1109 3986 tuo
1130 3933 1260 3986 mntentta

136 4019 190 4069 tire
211 4015 244 4068 de
262 4029 339 4066 rause
357 4017 513 4069 Lutberrnus
532 4017 674 4068 Gerhurdur
694 4017 719 4067 tn
740 4017 795 4068 toro
808 4030 865 4067 mox
886 4016 985 4068 citando
996 4015 1078 4066 eidem
1093 4015 1184 4079 gratiss
1200 4014 1260 4078 sgtt.

214 4095 282 4160 (tto)
299 4099 337 4146 De
352 4098 469 4147 motrtm.
492 4109 546 4160 rap.
568 4098 647 4149 xvtl.
659 4096 684 4146 tn
707 4109 769 4160 resp.
782 4096 816 4146 sd
835 4097 924 4147 obieet
937 4099 992 4147 ΧΗ.
1006 4094 1094 4146 eodem
1114 4093 1190 4145 modo
1209 4107 1261 4158 quo

135 4176 316 4240 interpretatus
336 4178 373 4227 est
391 4178 479 4228 Petrus
497 4176 652 4228 bombardae
673 4178 704 4227 o.
720 4183 758 4228 22.
778 4175 879 4240 perinde
898 4189 927 4227 ao
947 4178 1019 4239 tingo
1037 4187 1055 4225 s
1074 4187 1095 4225 s.
1117 4173 1216 4225 vtetore
1235 4174 1262 4224 tn

135 4259 248 4308 sunm
266 4256 424 4306 sententiar.
441 4255 512 4306 tract.
526 4258 583 4306 vlt.

214 4333 286 4400 (att)
301 4336 340 4387 tts
358 4333 502 4389 moneo
519 4336 581 4388 loct
602 4332 682 4388 tbcot.
696 4347 750 4400 pag.
768 4341 821 4388 too.
834 4333 878 4388 rtt.
890 4332 930 4387 ed.
942 4331 1067 4387 scribone
1081 4334 1159 4399 ειμι
1169 4330 1262 4386 terret
