2796 5064
229 354 297 426 220
373 376 434 426 urs.
456 376 505 426 ιιι.
525 376 612 427 secr.
630 376 815 427 111000.οι
834 375 947 429 mores.
965 376 1060 428 ιιιιιι.
1078 376 1208 439 cumsr.

230 495 408 595 interpres,
429 509 577 594 accepta,
593 494 769 592 evangelio
783 520 845 572 suo
859 496 1046 570 insemisse
1061 498 1153 592 (00).
1164 494 1233 567 Alii
1246 496 1343 569 anim·

227 610 405 685 advertunt
425 610 582 684 mulieres
605 611 741 711 quidem
768 638 824 685 ex=
838 612 961 712 spiritu
987 612 1071 710 legis
1099 604 1282 686 mosaicae
1300 638 1349 713 po

229 727 336 801 tuisse
354 726 489 799 maritos
516 753 597 800 suos
623 753 736 800 coram
756 728 924 802 iudicibus
946 754 1126 815 accusare,
1146 727 1347 828 cosdemque

228 842 478 944 quodammodo
503 844 545 915 ad
573 844 842 942 repudiationem
868 870 1009 941 cogere,
1042 843 1103 918 sed
1131 844 1271 944 propria
1296 869 1349 916 au·

228 957 380 1032 ctoritate
404 957 570 1031 dimittere
588 957 680 1030 haud
700 960 849 1058 potuisse
875 960 987 1055 (100).
1012 959 1133 1031 Verum
1153 957 1242 1031 haec
1268 956 1349 1030 levia

229 1088 321 1147 sunt.
349 1074 432 1145 Nam
462 1072 552 1173 quod
583 1074 749 1147 recensita
774 1074 877 1148 verba
903 1101 924 1147 a
953 1072 1087 1148 Christo
1119 1072 1254 1172 prolata
1285 1099 1347 1148 non

230 1187 376 1275 luerint,
407 1186 467 1260 sed
493 1214 514 1259 a
540 1189 650 1261 Marco
675 1188 807 1262 adiecta
832 1215 873 1262 ex
899 1188 986 1261 Petri
1012 1187 1193 1275 doctriua,
1222 1188 1350 1262 veritati

230 1301 443 1400 evangelicae
469 1303 671 1377 narrationis
696 1320 812 1402 aperta
832 1303 939 1376 fronte
965 1302 1185 1391 adversatur,
1214 1328 1259 1376 ac
1282 1302 1351 1376 sine

232 1418 302 1493 ulla
323 1419 520 1519 probatione
546 1436 648 1519 atque
671 1447 712 1492 ex
736 1447 828 1493 mera
852 1420 1062 1505 coniectura,
1082 1444 1194 1518 eaque
1211 1420 1351 1516 gratuita

233 1561 272 1609 ac
293 1536 469 1609 temeraria
495 1535 693 1610 affirmatur.
717 1535 815 1622 Quod
836 1560 916 1609 vero
933 1535 1090 1608 adiicitur
1113 1534 1157 1607 de
1183 1534 1260 1609 iure
1279 1560 1350 1608 uxo

230 1678 325 1739 rum,
355 1652 483 1726 ratione
501 1650 616 1726 habite
634 1651 775 1750 spiritus
799 1650 885 1748 legis
910 1653 1091 1736 mosaicae,
1112 1675 1236 1748 parum
1256 1650 1350 1724 relert

231 1767 275 1842 ad
295 1795 365 1841 rem
383 1785 546 1843 nostram.
568 1768 781 1869 Quamquam
802 1767 948 1841 rationes
967 1791 1035 1839 non
1054 1766 1186 1853 desint,
1207 1765 1254 1839 ob
1270 1792 1349 1867 quas

229 1884 361 1958 Marcus
375 1884 525 1959 retulerit
542 1911 630 1984 quae
648 1883 690 1957 ad
710 1909 833 1956 uxores
851 1883 1056 1956 dimittentes
1073 1883 1166 1956 viros
1185 1907 1269 1956 suos
1287 1908 1351 1983 spo

230 2016 342 2088 etant3
371 2000 443 2074 sive
467 2001 558 2101 quod
584 2001 713 2100 reipsa,
744 2017 782 2073 ut
801 1998 954 2073 nonnulli
981 1996 1209 2085 contendunt,
1230 2015 1265 2072 et
1281 1997 1350 2071 illae

231 2130 401 2214 praestare
415 2114 449 2186 id
464 2115 631 2213 potuerint
649 2115 741 2187 iuxta
757 2114 866 2212 legem
886 2113 983 2210 (101)
1004 2142 1012 2201 ;
1034 2112 1106 2186 sive
1123 2113 1217 2212 quod
1236 2112 1348 2186 saltem

231 2255 272 2301 ex
285 2228 392 2303 abusu
406 2256 480 2304 mos
498 2229 562 2303 iste
578 2231 646 2302 iam
665 2229 844 2303 invaluerit
864 2230 983 2325 (102);
1008 2228 1080 2301 sive
1096 2225 1250 2327 denique
1267 2224 1348 2328 quod

231 2341 387 2418 Christus
404 2344 574 2444 apostolos
593 2344 723 2417 futuros
742 2343 890 2441 gentium
908 2367 1116 2442 praecones,
1145 2341 1242 2440 apud
1268 2365 1346 2442 quas

231 2459 286 2533 ius
312 2460 401 2533 istud
428 2477 596 2560 receptum
620 2477 711 2548 erat,
731 2457 876 2534 voluerit
893 2456 1074 2558 privatim,
1099 2459 1136 2528 00
1156 2457 1274 2542 domo,
1296 2458 1348 2530 hat

232 2573 275 2648 de
301 2602 336 2648 re
362 2575 527 2648 instruere
556 2578 670 2671 (103).

314 2689 402 2763 Illud
428 2691 564 2789 gravius
590 2707 660 2778 est,
691 2690 782 2791 quod
812 2689 966 2791 plerique
990 2714 1107 2763 omnes
1134 2704 1347 2788 protestantes

232 2807 459 2896 contendunt,
481 2807 708 2907 supplendam
727 2806 763 2877 in
783 2806 883 2879 llarci
897 2805 1050 2905 adeoque
1067 2820 1101 2877 et
1117 2805 1228 2877 lucae
1246 2830 1348 2878 narra·

232 2923 324 2997 tione
348 2950 422 2996 eam
442 2924 670 3022 exceptionem
686 2947 763 2994 esse
780 2921 823 2994 de
848 2920 1092 3007 fornicatione,
1109 2946 1202 3020 quae
1215 2919 1347 2994 occurat

232 3042 321 3141 apud
344 3042 568 3128 llatthaeum,
590 3042 694 3140 idque
716 3053 891 3113 autumant
908 3039 981 3111 fieri
1000 3036 1346 3139 0011000,0001οι000

118 3173 122 3183 '
234 3171 267 3230 et
279 3158 386 3230 lucas
400 3183 476 3230 cum
490 3157 657 3230 Matthaeo
671 3182 821 3255 pugnare
834 3155 1022 3227 videantur.
1043 3152 1220 3251 Siquidem
1239 3177 1345 3253 propo

232 3271 373 3344 sitiones
391 3271 668 3345 contradictoriae
681 3287 785 3344 sunt:
810 3272 923 3342 Omnis
948 3270 1007 3368 qui
1027 3267 1254 3342 dimiserit...
1273 3293 1344 3339 moe·

234 3385 368 3468 elatat,
389 3402 422 3458 et
433 3412 497 3457 aaa
513 3387 616 3458 omnis
641 3387 701 3485 qai
716 3384 945 3457 dimiserit
963 3383 1170 3469 moechatum
1192 3383 1261 3457 iam
1277 3403 1343 3457 vero

305 3617 355 3680 (00)
372 3617 442 3681 Apud
459 3618 604 3681 iioskoriny
620 3633 661 3683 op.
679 3619 722 3669 cit.
738 3632 792 3682 pag.
813 3625 865 3669 100.

306 3697 372 3758 (100)
389 3697 431 3747 Uti
451 3697 578 3749 Michaelis
595 3698 620 3748 in
634 3712 673 3762 op.
694 3701 731 3748 De
749 3702 809 3748 iare
824 3699 936 3748 mosaico
946 3697 1007 3761 part.
1019 3697 1051 3746 11.
1066 3693 1105 3745 cd.
1121 3703 1144 3746 1.
1159 3695 1273 3746 Francol.
1288 3696 1341 3745 1110Ι

232 3789 288 3840 pag.
305 3784 359 3827 aaa.

305 3858 371 3920 (101)
386 3858 423 3909 Gi.
437 3863 514 3923 Dana,
524 3863 689 3911 Dissertatio:
704 3864 775 3912 Uxor
790 3862 918 3909 maritam
928 3856 1071 3921 repudiant
1080 3854 1231 3907 amandum
1241 3852 1342 3919 ucesiu

234 3936 391 3999 irueorum,
408 3952 492 3988 recusa
503 3942 529 3989 tn
542 3939 708 3990 Meuncientt
726 3943 800 3990 Nouo
814 3939 975 3988 Testamenta
986 3949 1020 3987 ex
1031 3934 1242 4000 antiquitatibus
1254 3931 1341 3985 000101·

232 4018 270 4066 cis
285 4015 424 4066 illustrato
440 4032 495 4081 pag.
513 4022 567 4068 671.

305 4097 465 4160 (1⁰2)Paulo
486 4100 543 4149 ante
564 4111 595 4148 cx
615 4098 718 4162 losepho
741 4098 871 4148 retulimus
891 4096 997 4147 Herodis
1016 4095 1098 4158 Magni
1114 4107 1228 4145 sororem
1242 4089 1343 4145 flacit

232 4175 301 4240 dem,
319 4171 432 4241 salome,
447 4178 557 4242 aliasque
573 4192 657 4228 earurn
677 4179 789 4241 exemplo
811 4177 952 4241 repudiasse
969 4177 1036 4226 viros
1053 4189 1130 4238 suos,
1150 4174 1344 4237 titanumque

232 4254 301 4320 podii
324 4255 421 4307 dedisse
441 4256 472 4306 ad
493 4256 569 4306 instar
589 4257 720 4307 mulierum
742 4268 906 4306 romanarum.

305 4336 547 4401 (10011011010001
564 4338 687 4388 commea.
703 4339 731 4388 ia
751 4334 798 4388 iii.
816 4335 955 4387 01010010.
972 4337 999 4387 Τ.
1017 4335 1042 4385 in
1058 4333 1124 4385 hunc
1142 4333 1192 4386 tec.
