2796 5064
140 301 208 376 sco
288 324 349 378 ιιι.
361 326 409 377 ιιι.
428 325 516 377 srcr.
534 325 664 376 ιιιιιιι.
681 323 721 375 ιι
739 323 851 376 mores.
869 324 964 376 ιιιιιι.
981 321 1109 376 ιιιιιι,

200 447 271 519 lam
289 471 368 520 vero
386 444 506 545 prolixi
527 444 628 520 totius
642 460 752 518 textus
770 443 901 544 analysi
919 441 1074 541 diligenti
1089 442 1252 530 instituta,

139 562 266 664 patebit
292 561 531 636 Tertullianum
558 587 624 635 non
651 560 719 634 alin
744 561 873 634 ratione
896 584 1100 661 componere
1116 559 1253 633 interae

139 679 290 778 hloyscm
307 694 340 751 et
356 677 529 750 Christum
547 693 584 750 ut
607 677 770 750 obiectam
791 703 812 749 a
833 676 1001 751 Marcione
1027 674 1256 749 contradictio

139 820 215 867 nem
233 794 305 866 sive
322 793 568 894 oppositionem
595 792 790 879 amoliatur,
811 818 911 892 quam
933 790 1147 865 adstruendo
1163 789 1254 862 Chri-

138 923 228 981 stum
256 934 323 980 non
344 908 481 981 omniuo
506 907 721 1008 prohibuisse
746 907 950 992 divortium,
974 906 1036 981 sed
1062 906 1158 981 istud
1188 932 1256 980 oon·

138 1023 257 1098 cedere
280 1025 315 1095 in
335 1050 415 1097 casu
434 1024 611 1110 adulterii,
632 1024 715 1124 quin
734 1039 844 1097 tamen
863 1049 1024 1123 umquam
1040 1022 1095 1096 vel
1115 1023 1257 1096 insinuet

140 1137 277 1241 quidem
304 1166 343 1212 ex
369 1139 503 1212 Christo
528 1138 670 1212 liberum
696 1165 772 1212 esse
796 1139 882 1239 parti
906 1138 1077 1211 innocenti
1105 1154 1184 1236 post
1210 1136 1256 1209 di·

139 1255 335 1329 missionem
354 1254 542 1339 adulterae,
566 1255 668 1327 aliam
686 1254 809 1328 ducere
825 1279 976 1327 uxorem.
1000 1255 1072 1327 lmo
1090 1253 1127 1325 id
1148 1269 1255 1352 aperte

138 1387 238 1468 negat
274 1369 422 1467 legitime
448 1369 519 1442 fieri
548 1395 677 1469 possc;
714 1370 747 1442 in
775 1369 839 1444 hoo
866 1386 978 1443 mmen
1005 1385 1097 1442 totus
1122 1369 1255 1442 uertitur

139 1483 388 1588 controuersiae
412 1502 545 1558 nostrae
569 1485 683 1557 cardo.

212 1602 300 1673 Sane
316 1625 357 1672 en
376 1617 532 1673 accurata
548 1598 725 1673 verborum
743 1599 940 1673 Tertulliani
963 1598 1179 1698 inspectione
1200 1596 1253 1668 hn-

139 1717 259 1790 bemus
278 1717 390 1815 ipsum
413 1715 571 1790 docuisse
593 1719 628 1786 1.
650 1716 799 1816 Moysem
816 1716 860 1789 ob
875 1716 1038 1789 duritiam
1064 1713 1181 1789 cordis
1207 1713 1254 1785 he

139 1833 317 1906 hraeorum
341 1831 526 1906 indulsisse
543 1830 695 1904 libellum
714 1831 867 1930 rspudii;
896 1834 931 1903 2.
951 1830 1128 1904 Christum
1149 1828 1253 1929 aliquo

140 1975 216 2023 cum
243 1963 504 2046 temperamento
528 1972 588 2021 seu
615 1947 770 2047 prudenti
802 1947 995 2023 oeconomia
1021 1973 1060 2021 se
1090 1945 1251 2043 gessisse,

140 2064 220 2136 dum
249 2090 289 2135 ex
316 2088 384 2135 una
408 2080 502 2160 parte
524 2062 679 2161 permisit
702 2062 881 2136 diuortium
900 2062 993 2148 fieri,
1015 2087 1141 2161 nempe
1159 2062 1252 2133 inter·

140 2177 294 2250 ueniente
318 2175 500 2262 adulterio,
529 2203 570 2250 ex
595 2177 700 2250 altera
724 2203 803 2252 uero
828 2177 963 2275 negarit
993 2202 1098 2276 posse
1122 2175 1253 2251 alteram

140 2290 240 2377 duci;
271 2294 305 2362 3.
328 2290 392 2363 hoc
416 2316 495 2363 vero
523 2290 664 2390 probare
691 2308 760 2364 tum
781 2318 822 2365 ex
844 2319 884 2365 eo
909 2291 1001 2393 quod
1026 2290 1187 2365 Christos
1211 2317 1253 2363 re·

139 2406 306 2480 vocaverit
332 2406 579 2479 matrimonium
606 2407 647 2480 ad
673 2406 924 2505 primordialem
950 2433 1048 2480 suam
1076 2407 1252 2480 institutio-

140 2549 238 2609 nem,
267 2521 395 2595 scilicet
419 2521 461 2594 ad
488 2523 666 2623 perlectam
687 2540 949 2623 perpetuamque
967 2521 1250 2600 individuitatem,

141 2653 211 2710 tum
236 2664 276 2709 ex
303 2663 344 2710 eo
375 2638 465 2736 quod
498 2636 587 2710 idem
621 2638 777 2712 Christus
811 2639 964 2712 absolute
990 2635 1253 2739 pronunciaverit

141 2753 238 2825 illum
266 2753 336 2826 lore
363 2752 560 2839 moechum,
587 2753 646 2852 qui
667 2754 844 2827 dimissam
862 2780 1078 2854 quacumque
1103 2776 1252 2826 excausa

143 2868 287 2941 duxerit.
308 2870 357 2940 Ex
382 2895 450 2969 quo
472 2871 503 2938 l.
526 2869 695 2942 concludit
718 2870 839 2966 iugiter
856 2869 1107 2942 matrimonium
1132 2892 1253 2968 permn-

144 3010 244 3071 nera,
266 2983 407 3085 perinde
424 3011 464 3058 ac
482 2983 511 3056 si
530 2984 654 3056 mulier
669 2985 770 3057 luerit
794 2984 991 3068 indimissa,
1017 2982 1173 3083 illudque
1195 2982 1252 3054 itt

140 3102 203 3172 cite
228 3127 287 3200 pro
314 3101 482 3198 illeqitime
510 3101 694 3186 sumsisse,
723 3117 761 3172 ut
785 3098 1041 3200 phrasaeologia
1071 3116 1154 3173 tnnc
1181 3115 1252 3172 tem

140 3215 232 3314 poris
259 3232 393 3314 recepta
417 3215 606 3301 obtinehnt;
634 3219 668 3286 h.
691 3215 844 3314 adeoque
868 3215 1111 3288 Tertullianum
1141 3213 1251 3290 hocin

144 3326 218 3401 loco
243 3329 309 3401 sihi
336 3354 474 3427 prorsus
500 3347 709 3403 constantem
735 3356 811 3402 esse
836 3347 944 3430 patet,
973 3330 1054 3401 dum
1082 3355 1151 3403 non
1171 3324 1252 3402 aliud

143 3442 187 3515 ah
211 3469 251 3515 eo
276 3444 367 3543 quod
389 3443 424 3515 in
445 3443 530 3517 libro
556 3444 598 3516 de
624 3445 834 3541 Monogamia
859 3459 1038 3528 statuerat,
1065 3443 1188 3532 docet,
1211 3441 1252 3515 ni·

142 3558 266 3630 mirum
296 3557 330 3629 in
357 3585 461 3632 causa
488 3559 641 3632 adulterii
666 3559 750 3633 solvi
772 3560 909 3659 quidem
934 3560 1130 3657 coniugium
1152 3555 1253 3659 quoad

141 3688 250 3745 torum
283 3672 500 3773 uictumque,
534 3674 627 3747 nulla
656 3702 736 3748 uero
767 3676 895 3748 ratione
920 3674 1032 3775 quoad
1062 3674 1251 3757 vincutum,

141 3787 359 3886 quodetiam
385 3790 448 3863 hoc
474 3790 510 3861 in
535 3817 618 3864 casu
645 3806 836 3891 perseverat
851 3793 941 3887 (40).

214 3985 263 4045 (to)
281 3987 359 4048 Atque
375 3986 414 4035 iric
428 3987 570 4049 castiganda
581 3991 618 4038 est
628 3989 752 4037 temeritas
763 3988 836 4037 simoi
846 3991 870 4037 ot
880 3987 977 4037 inscitia
989 3988 1072 4038 caroli
1083 3987 1156 4038 calvi
1173 3987 1252 4054 prote·

140 4058 203 4114 toris
217 4064 313 4114 emeriti
325 4066 349 4114 io
362 4065 486 4115 academia
498 4066 610 4116 ticinensi
622 4068 810 4130 propugnatoris
822 4066 1000 4130 divortiorum,
1014 4067 1075 4116 dom
1086 4067 1112 4117 in
1124 4080 1165 4131 op.
1178 4069 1251 4119 dicer

139 4142 242 4194 chetei
252 4142 428 4205 dtvorztosrc
440 4144 589 4195 christiani.
597 4147 672 4194 Parin
689 4150 756 4196 1790.
766 4146 873 4197 scrihere
884 4159 932 4196 non
944 4146 1079 4196 dubitarit:
1093 4147 1161 4198 ·Che
1169 4143 1251 4197 Tertni

140 4219 206 4269 liano
224 4222 249 4270 in
264 4226 352 4285 questa
365 4223 570 4287 testimonianze(
580 4223 622 4273 iib.
636 4225 678 4272 iv.
692 4225 780 4274 coner.
791 4226 875 4274 Marc.
885 4237 908 4274 c.
918 4229 957 4275 et.
967 4225 976 4286 )
987 4226 1106 4276 animetis
1119 4221 1250 4276 ticum

142 4313 211 4350 come
223 4300 247 4349 ia
259 4301 310 4350 sola
323 4301 353 4351 ed
368 4301 440 4351 unica
453 4303 578 4353 rcrrzione
591 4302 655 4351 della
667 4301 733 4364 lagae
746 4303 852 4352 rietantr
865 4303 881 4352 ii
894 4301 1017 4363 diversio,
1030 4315 1080 4353 non
1091 4303 1107 4352 d
1118 4296 1249 4366 poesihttril
