2796 5064
242 383 311 453 tto
386 403 448 454 nra.
461 402 508 453 ιιι.
525 400 611 453 sacr.
629 401 761 453 narrar.
777 402 818 454 nn
835 399 1059 454 mursense.
1076 399 1201 456 caum.

244 521 493 594 matrimonium
520 519 648 591 nullum
676 518 883 607 declaretur,
908 520 990 619 quia
1014 517 1219 595 celebratum
1236 519 1299 594 luit
1317 521 1346 592 in

241 637 349 736 gradu
374 635 675 732 consanguinitatis
704 651 762 708 aut
786 635 983 724 affinitatis,
1012 662 1175 710 seucum
1202 635 1271 710 alio
1296 637 1349 708 im-

244 753 436 851 pedimento
462 745 636 838 irritante;
658 776 735 822 nam
761 774 838 822 cum
861 751 1109 824 matrimonium
1141 751 1276 825 nullum
1302 752 1351 824 de

244 865 408 952 claretur,
436 880 525 938 recte
545 880 691 963 possunt
714 865 875 962 coniuges
900 862 1061 937 adalind
1086 866 1257 953 transine;
1284 881 1352 939 tunc

245 995 357 1053 autem
383 978 449 1052 late
473 976 508 1052 id
526 1005 587 1078 per
603 978 783 1053 divortium
796 977 921 1052 dicitur
936 978 1032 1066 fieri,
1048 1004 1126 1052 cum
1142 1004 1225 1054 vere
1248 979 1353 1053 matri-

245 1091 393 1167 monium
414 1118 481 1167 non
501 1092 646 1166 extiterit
665 1095 780 1188 (187).
801 1092 860 1166 Dr.
880 1092 958 1193 lloy
970 1091 1089 1166 eadem
1100 1092 1208 1167 rerba
1220 1092 1353 1191 intelligi

245 1208 366 1282 debere
391 1207 560 1281 existimat
583 1208 648 1283 hoc
681 1233 805 1282 sensu:
832 1206 930 1294 Quod
964 1207 1159 1305 coniugium
1191 1207 1356 1282 secundae

125 1370 137 1393 .
245 1322 415 1409 mulieris,
449 1322 629 1422 superstite
660 1322 793 1421 priore,
822 1348 879 1394 aec
907 1320 1047 1396 divortio
1071 1323 1196 1408 alceta,
1228 1323 1266 1395 id
1288 1340 1352 1408 cst,

246 1463 288 1510 ne
321 1452 391 1509 tum
424 1436 562 1534 quidem
591 1436 701 1510 locum
735 1434 879 1524 habeat,
907 1462 1010 1537 quam
1039 1435 1133 1536 prior
1162 1437 1290 1511 coniux
1319 1435 1357 1510 ob

246 1551 449 1625 adulterium
471 1550 613 1625 dimissa
638 1551 683 1625 sit
702 1553 816 1647 (188).
838 1550 904 1637 Qui
931 1575 1053 1626 sensns
1074 1575 1116 1625 eo
1147 1551 1358 1627 verisimilior

246 1666 391 1754 videtur,
415 1665 507 1765 quod
526 1665 557 1740 ei
575 1666 685 1740 lateat
709 1665 872 1740 orationis
896 1666 1022 1754 series,
1050 1665 1260 1767 lateantque
1276 1666 1357 1768 prin·

246 1783 339 1882 cipia
360 1782 513 1856 eiusdem
539 1781 709 1883 pontilicis
734 1799 849 1882 aperte
873 1780 959 1857 alias
986 1783 1189 1868 constituta,
1215 1782 1356 1885 alioquin

247 1898 384 1973 deberet
407 1922 522 1971 secum
546 1898 621 1998 ipse
650 1923 811 1998 pugnare.
832 1897 926 1973 Adeo
949 1923 1065 1972 rerum
1088 1913 1143 1972 est
1169 1898 1265 1972 haud
1289 1923 1358 1972 eoa·

248 2013 398 2087 tendisse
411 2012 644 2086 Innocentium
660 2012 771 2087 citatis
795 2012 908 2087 verbis
932 2011 1047 2112 aliqua
1069 2011 1205 2087 maone
1225 2011 1357 2088 divortio

248 2129 376 2215 lavere,
396 2144 434 2201 ut
451 2126 494 2201 ad
512 2129 586 2202 eius
603 2128 834 2203 auctoritatam
851 2153 895 2203 ne
911 2128 1082 2202 launoius
1098 2128 1245 2228 quidem
1257 2127 1358 2203 eonlr

124 2285 126 2289 <
249 2243 358 2339 gerit,
394 2241 486 2341 quod
511 2258 599 2317 eene
632 2242 741 2318 lacere
766 2269 833 2318 non
858 2244 1050 2331 omisisset,
1078 2243 1110 2318 si
1135 2268 1266 2319 cauma
1287 2265 1357 2318 snae

250 2383 326 2431 esse
351 2358 630 2458 patrocinatorem
649 2383 725 2433 aum
744 2358 865 2435 luisset
880 2359 1074 2460 auspicatus
1094 2359 1214 2456 (189).

713 2603 750 2698 a.
778 2601 896 2672 xxur.

620 2827 656 2874 De
673 2823 784 2873 concilio
804 2822 945 2873 milevitano
955 2824 988 2873 ll.

325 3038 456 3111 Sanctis
474 3035 661 3133 Augustino
677 3051 711 3108 et
728 3034 921 3109 Innocentio
933 3033 1092 3108 addimus
1110 3050 1283 3132 postremo
1299 3033 1357 3108 loto

254 3155 481 3228 auctoritatem
508 3151 639 3226 concilii
665 3148 870 3238 milevitani,
892 3166 929 3224 ut
945 3149 996 3224 sio
1013 3174 1302 3250 praeoccupemus
1320 3165 1357 3220 ta·

253 3267 359 3341 chnas
373 3294 459 3367 quas
477 3267 603 3341 invexit
618 3266 805 3352 launoius,
826 3281 864 3339 ut
879 3264 993 3365 aliquo
1010 3264 1128 3351 modo,
1150 3265 1182 3340 si
1201 3265 1277 3339 lieri
1297 3288 1357 3364 pos

254 3397 326 3468 set,
353 3383 426 3456 eius
451 3382 519 3456 vim
543 3397 727 3456 enervaret.
756 3381 928 3482 Siquidem
955 3380 1019 3455 hoc
1039 3380 1226 3454 concilium
1250 3380 1304 3455 cui
1318 3379 1357 3449 in·

255 3496 368 3569 terluit
393 3523 421 3569 s.
443 3495 666 3594 Augustinus,
687 3521 848 3570 canonem
865 3495 989 3583 edidit,
1010 3496 1069 3593 qui
1090 3494 1256 3570 tribuitur
1275 3494 1357 3569 etiam

255 3609 397 3683 concilio
411 3609 558 3685 africano
572 3611 640 3698 lv,
657 3609 919 3707 carthaginiensi
933 3609 1008 3698 xl,
1024 3608 1216 3710 legiturque
1235 3608 1356 3685 totidem

327 3859 394 3922 (rel)
409 3862 520 3910 Emmeu.
530 3860 649 3910 Gcnmlez
659 3860 740 3911 Tollen
755 3861 949 3912 commutante
961 3859 1091 3923 perparuo
1102 3859 1133 3908 ta
1147 3857 1270 3922 stam
1283 3855 1355 3906 testu

256 3942 357 3990 Deerat.
368 3940 479 4003 Gregorii
491 3941 533 3990 lx.
545 3941 686 3992 Franoolur.
698 3940 730 3990 ad
740 3944 855 3991 Moenum
869 3946 938 3990 169⁰.
949 3939 1009 3989 lom.
1020 3939 1063 3988 lv.
1071 3949 1127 4000 cap.
1140 3939 1162 3988 l.
1172 3937 1199 3987 in
1209 3938 1250 3988 tit
1262 3933 1356 3986 XIV-⁰2

255 4019 378 4071 ‹ltcorltr's
389 4032 415 4069 a.
423 4027 459 4072 13.
468 4021 605 4084 allegatque
616 4034 661 4084 pro
671 4033 717 4071 aua
727 4020 926 4084 interpretatione
936 4016 1132 4069 Glosaamrorbo
1142 4019 1242 4077 ὠκέας
1252 4013 1354 4067 eudem

254 4114 304 4163 que
320 4100 448 4164 amplexus
467 4101 505 4151 est
521 4101 723 4152 Turriscremata.
734 4100 858 4152 cleliam
872 4098 1007 4151 nemorali}
1021 4110 1061 4161 op.
1071 4098 1117 4149 cll.
1127 4103 1250 4162 platta.

327 4179 394 4242 (188)
412 4182 438 4229 lu
448 4192 489 4243 op.
501 4179 544 4231 eil.

329 4258 395 4321 (189)
412 4257 460 4310 sed
484 4270 563 4322 neque
585 4256 617 4308 ad
638 4258 806 4308 Innocentium
830 4256 987 4317 recurrerunt
1004 4256 1057 4308 sire
1074 4255 1249 4317 emollias,
1268 4252 1314 4303 tire
1326 4248 1350 4296 ¹⁰·

257 4335 416 4399 Gerlrardun,
435 4349 515 4400 nequo
528 4349 584 4387 eum
600 4335 648 4387 sini
664 4334 755 4388 obiecit
769 4335 855 4388 sixtus
869 4333 986 4387 memb.
