2796 5064
162 401 233 451 ιιι.
246 400 291 451 ιι.
307 401 348 450 ιι
360 399 438 452 mss.
451 402 548 453 ιιιι.
561 404 644 467 narr,
660 404 724 455 non
737 404 899 457 consuas.
916 406 1047 459 ιιιιιι.
1109 388 1179 459 toa

136 519 189 592 Ad
211 519 437 621 episcopalem
463 537 587 605 statum
613 524 787 623 speciatim
813 524 904 624 quod
927 527 1063 616 attinet,
1091 553 1181 602 oom-

63 650 221 735 paratum
246 660 323 708 cum
354 650 443 708 statu
467 634 647 734 religioso,
674 663 748 711 eam
773 638 1003 738 quaestionem
1029 640 1182 740 pluribus

60 749 224 851 expendit
248 750 392 826 eximius
416 753 558 840 Suarez,
582 752 641 852 qui
666 769 847 854 utrumque
871 770 995 830 statum
1021 753 1181 854 distingui

59 867 211 941 affirmat
226 893 267 940 ex
283 892 324 941 eo
341 867 433 967 quod
450 883 560 942 status
579 866 756 966 religiosus
775 869 820 944 sit
837 886 945 944 status
971 871 1184 971 perfectionis

60 981 312 1084 aequirendae,
336 999 445 1059 status
468 1009 548 1058 vero
574 983 779 1085 episcopalis
797 985 842 1059 sit
859 986 1075 1085 perfeetionis
1093 1012 1184 1063 com-

60 1097 297 1173 munioandae.
319 1097 369 1171 Ειι
393 1122 461 1198 quo
486 1098 586 1174 inlert
610 1115 733 1173 statum
768 1098 962 1198 religiosum
990 1126 1056 1174 non
1082 1101 1183 1178 modo

60 1216 263 1290 instructum
289 1241 365 1290 esse
387 1231 542 1316 oportere
565 1215 688 1291 mediis
715 1216 847 1290 idoneis
872 1216 916 1290 ad
943 1216 1183 1316 perfectionem

58 1328 344 1431 comparandam,
364 1333 600 1407 verumetiam
618 1331 661 1406 ad
680 1329 854 1405 obstacula
868 1330 1082 1419 removenda,
1095 1356 1184 1431 quae

60 1442 113 1516 illi
136 1445 353 1546 acquisitioni
371 1443 553 1536 obsistere,
571 1473 631 1522 seu
645 1446 737 1521 illam
752 1445 916 1547 impedire
929 1463 1080 1546 possent.
1096 1445 1184 1520 Gon·

60 1575 114 1634 tra
138 1584 219 1635 vero
243 1560 330 1635 nihil
365 1560 485 1636 horum
521 1561 669 1662 postulat
699 1576 808 1662 status
839 1561 1095 1662 episcopomm,
1123 1561 1183 1660 qui

57 1674 269 1776 supponitur
291 1676 481 1777 perlectus,
506 1691 723 1779 atcumque
746 1676 927 1750 cohaerent
950 1699 1095 1773 maguus
1121 1673 1184 1748 ho-

59 1815 146 1879 nor,
174 1792 330 1893 superior
352 1807 501 1893 potestas
518 1808 551 1866 et
572 1792 682 1867 minor
706 1790 891 1882 subiectio,
912 1816 952 1865 ae
969 1814 1081 1864 rerum
1099 1778 1184 1863 tem·

59 1904 228 2007 poralium
246 1907 420 2009 possessio
438 1925 610 2010 tamquam
628 1907 739 1982 media
756 1921 837 2008 apta
854 1906 897 1980 ad
916 1906 1090 2012 proprium
1110 1930 1181 1980 mu·

58 2047 128 2096 nus
153 2021 395 2112 exercendum,
423 2040 686 2124 supponuntque
713 2022 980 2097 excellentiorem
1005 2018 1182 2120 perlectio-

58 2161 139 2210 nem
157 2138 193 2211 in
211 2160 270 2228 eo,
290 2165 349 2240 qur
340 2138 411 2212 ad
427 2139 528 2213 talem
547 2154 670 2213 statum
691 2138 854 2213 aseendit.
876 2136 987 2211 Cum
977 2136 1082 2234 igitur
1097 2135 1184 2209 inter

58 2249 185 2327 media
208 2251 331 2328 idonea
357 2254 399 2328 ad
426 2254 665 2355 perfectionem
697 2252 946 2383 acquirendam·
965 2251 1183 2327 consiliorum

58 2367 331 2466 evangelicorum
344 2367 536 2443 observatio
549 2370 613 2456 sit,
632 2369 790 2441 nimirum
803 2367 986 2454 castitatis,
1004 2352 1185 2441 subiectio-

59 2481 118 2556 nis
142 2499 175 2556 at
200 2483 434 2582 abnegationis
458 2483 623 2557 bonorum
648 2483 901 2584 temporalium,
937 2482 975 2556 lit
1008 2497 1046 2556 ut
1075 2495 1183 2554 status

60 2596 243 2695 religiosus
260 2614 380 2672 natura
396 2623 459 2672 sua
476 2598 632 2698 componi
647 2612 791 2696 nequeat
803 2623 880 2671 cum
894 2610 984 2670 statu
998 2593 1181 2692 coniugali,

57 2729 116 2788 ast
142 2712 232 2787 idam
258 2713 326 2787 dici
354 2715 537 2814 nequitae
559 2738 610 2798 sc,
631 2728 669 2785 ut
685 2710 1005 2796 animadvertimus,
1027 2708 1070 2781 de
1093 2723 1183 2782 statu

57 2828 269 2930 episcopali,
290 2854 344 2903 cur
335 2828 507 2906 ecclesia
525 2826 598 2903 sola
615 2826 856 2901 continentiam
874 2823 1038 2921 alligavit
1054 2821 1185 2897 Exinde

56 2944 272 3078 dignoscitur
288 2944 380 3046 quod
397 2942 553 3047 quamvis
571 2958 679 3018 status
699 2938 924 3041 episcopalis,
946 2953 1069 3059 atque
1066 2937 1182 3025 etiam,

58 3065 92 3136 ai
118 3060 168 3134 ita
192 3059 323 3162 placet,
351 3075 461 3134 status
485 3055 706 3142 sacerdotalis
731 3054 992 3156 perfectiores
968 3079 1031 3152 per
1054 3078 1088 3125 sc
1117 3051 1188 3126 sint

58 3192 154 3251 statu
178 3175 358 3306 religioso,
388 3192 498 3250 ιιιιιιι
524 3200 585 3276 per
609 3173 702 3246 hunc
726 3167 905 3244 dirimatur
924 3167 1120 3295 coniugium
1138 3193 1188 3242 ra·

58 3307 155 3380 tum,
185 3318 253 3369 non
279 3291 359 3366 item
382 3315 462 3366 vero
486 3315 548 3389 per
571 3284 648 3387 illos
664 3288 755 3385 (tt).

135 3492 187 3557 (ιο)
202 3493 242 3544 ci.
254 3495 345 3544 smraz
356 3494 393 3543 Da
403 3491 544 3555 rettulere,
556 3490 621 3552 part.
632 3488 663 3537 ll.
670 3486 714 3537 ills
723 3487 744 3536 l
753 3486 910 3548 emptitii.
921 3483 955 3535 ad
966 3487 1021 3536 xx
1031 3481 1075 3534 ubl
1090 3479 1186 3533 dulia·-

58 3585 118 3626 sum
132 3572 182 3623 hec
200 3573 372 3636 argumentum
392 3568 509 3634 expendit
522 3566 625 3631 tusaque
640 3564 796 3630 persequitur
806 3563 838 3614 (le
847 3565 914 3615 statu
924 3563 1038 3628 religioso
1053 3560 1086 3613 ad
1095 3561 1187 3612 statum

58 3651 228 3720 episcopalem
250 3651 402 3715 comparato.
423 3646 563 3701 Notandum
582 3648 677 3704 ιιιιιιι,
698 3643 774 3694 inisse
794 3643 942 3707 singularem
959 3641 1098 3706 opinionem
1117 3636 1186 3688 eard.

56 3731 183 3785 osseum
199 3731 225 3782 ln
239 3734 363 3790 summu,
378 3728 463 3779 endam
479 3719 576 3791 pollere
585 3725 611 3775 ιι
626 3735 723 3775 ιιιιιιι
736 3721 849 3773 ordinem
863 3735 893 3774 ac
906 3720 1080 3786 professionem
1091 3716 1187 3779 mimo

56 3826 114 3866 sam
126 3811 160 3863 ad
170 3812 318 3865 solvendum
330 3808 516 3861 matrimonium
525 3808 615 3858 ratum.
625 3806 669 3856 list
679 3805 740 3856 haec
753 3803 868 3855 doctrina
877 3803 969 3853 directe
979 3797 1112 3864 opponitur
1121 3799 1185 3848 con·

59 3892 190 3947 stitutioul
203 3892 303 3944 loannis
313 3892 390 3943 llxll
400 3886 750 3957 solemnissimum
765 3885 879 3950 superius
892 3879 1066 3944 allegavimus,
1076 3876 1189 3940 adeoque

60 3972 164 4025 ιιιιιιιι
186 3970 274 4023 habult
292 3967 503 4034 adstipulatorem.
522 3963 562 4016 ct.
580 3944 655 4015 ιιιιιι
676 3963 790 4016 ltellarm.
806 3961 851 4013 lii.-
863 3962 894 4012 ll.
909 3954 1133 4010 ιιιιιιιιιιιιιιι.
1146 3959 1186 4006 ιι

58 4067 88 4107 n
102 4057 215 4116 idteqq.
