2796 5064
149 381 193 453 86
318 399 379 451 nro.
401 400 449 450 ur.
470 399 557 450 secr.
580 398 603 450 1.
620 399 661 450 ns
679 398 775 450 uurn.
797 399 922 450 camsr.
944 398 1088 459 urrunnun.

146 528 339 629 pariuntur,
359 544 393 601 et
415 553 481 603 non
507 525 832 626 ignoramua,'quod
859 525 925 600 tale
941 527 1135 626 coniugium
1153 528 1262 606 eiiciet

145 670 206 720 nos
225 644 268 719 de
286 665 389 742 regno
401 644 475 717 Dei.
492 643 586 717 Sicut
602 642 692 715 enim
710 640 753 714 ab
778 640 1017 718 ecclesiasticis
1040 641 1263 740 dignitatibus

145 785 212 831 non
232 757 340 832 solum
360 756 547 845 fornicatio,
564 756 624 830 scd
642 772 675 829 et
687 756 824 854 nuptiae
846 755 1024 856 repellunt.
1038 757 1159 859 Neque
1175 761 1263 834 enim

65 856 68 865 .
143 874 342 973 episcopus,
364 899 429 957 noe
451 872 642 974 presbyter,
664 897 726 944 neo
750 871 932 959 diaconus,
956 897 1019 946 neo
1038 873 1143 949 vidua
1172 876 1262 972 (dia-

144 989 324 1087 conissa),
345 1007 489 1090 possunt
513 1014 590 1062 csse
619 988 770 1086 digami:
799 987 849 1062 sio
874 988 1013 1065 forsitan
1039 991 1140 1065 etde
1167 1008 1263 1067 coetu

145 1106 389 1208 primitivorum
415 1104 772 1205 immaculatorumque
795 1103 976 1179 ecclesiae.
992 1164 1000 1177 .
1015 1106 1189 1183 .eiicietur
1212 1108 1263 1183 di-

143 1249 279 1321 gamus:
300 1223 376 1297 Non
399 1250 462 1321 quo
479 1223 514 1294 in
531 1237 696 1297 oete-rcum
711 1224 863 1296 mittatur
881 1222 1086 1306 incendium,
1107 1224 1170 1299 sed
1196 1251 1263 1326 quo

143 1354 272 1437 partem
291 1357 358 1414 non
376 1336 501 1418 babent
519 1338 552 1412 in
570 1363 673 1436 regno
685 1337 760 1410 Dei.
776 1395 783 1409 .
801 1396 808 1408 .
826 1338 910 1412 Puto
922 1338 1011 1412 enim
1026 1349 1262 1438 monogamum

143 1469 178 1530 et
197 1454 359 1553 virginem
374 1513 382 1543 ‚
398 1469 432 1529 et
448 1480 525 1534 eum
543 1454 656 1554 quiin
675 1454 876 1529 castimonia
896 1471 1105 1554 perseverat,
1123 1481 1205 1531 esse
1220 1457 1261 1530 dc

143 1570 286 1649 ecelesia
310 1570 389 1647 Dei:
411 1597 488 1646 cum
512 1596 591 1646 vero
612 1569 670 1671 qui
697 1570 741 1642 sit
761 1568 935 1667 digamus,
958 1569 1035 1645 licet
1059 1570 1188 1646 bonam
1203 1573 1263 1647 ha·

143 1686 222 1761 beat
246 1687 549 1773 conversationem,
570 1702 603 1760 et
619 1686 760 1760 caeteris
787 1685 969 1761 virtutibus
986 1686 1131 1787 polleat,
1149 1704 1259 1762 tammr

142 1830 210 1878 non
234 1830 311 1878 esso
337 1802 379 1877 dc
404 1802 561 1890 ecclesia,
582 1817 616 1876 ct
639 1803 682 1876 dc
711 1829 752 1876 co
772 1828 930 1890 numero,
954 1803 1013 1904 qui
1039 1829 1106 1877 non
1134 1804 1261 1880 babent

143 1947 259 2017 rugam
285 1936 344 1994 aut
370 1917 553 2006 maculam,
575 1933 633 1992 aut
649 1916 779 2018 aliquid
796 1918 1008 1993 istiusmodi:
1030 1919 1094 1992 sed
1109 1945 1190 1995 esse
1213 1920 1255 1994 de

144 2034 292 2109 secundo
318 2034 464 2132 gradu..
480 2050 530 2106 ‚et
556 2037 615 2133 qui
637 2034 811 2107 solvantur
828 2033 958 2132 quidem
974 2035 1009 2106 in
1030 2034 1168 2109 nomino
1179 2037 1260 2109 'lesu

142 2147 287 2236 Christi,
317 2174 532 2249 nequaquam
558 2166 669 2224 tamon
695 2164 896 2223 coronantur
920 2149 964 2222 ab
989 2174 1029 2223 eo
1050 2150 1171 2246 (³7).-

174 2316 176 2321 -
217 2262 321 2360 lgitur
338 2263 502 2361 Origenes
528 2263 593 2337 hoc
618 2265 654 2337 in
679 2263 752 2338 loco
769 2267 865 2363 regui
880 2266 945 2337 Dei
967 2264 1106 2338 nomine
1122 2265 1261 2338 minime

143 2379 313 2476 significat
345 2379 523 2454 caelestem
558 2379 821 2466 beatitudinem,
854 2405 964 2479 neque
993 2379 1148 2454 ecclcsiae
1181 2405 1261 2456 voce

145 2493 343 2570 militantem
361 2496 558 2584 ecclesiam,
578 2496 639 2570 sed
656 2495 860 2596 peculiarem
874 2496 1097 2595 perlectorum
1112 2511 1257 2580 coetum,

142 2611 200 2713 qui
220 2613 254 2684 in
273 2612 381 2711 primo
407 2612 620 2712 perfectionis
639 2612 745 2709 gradu
764 2611 971 2700 consistunt,
993 2613 1158 2713 adquam
1184 2637 1260 2712 spe

141 2742 232 2802 ctant
255 2728 402 2824 virgines
428 2746 461 2801 ct
483 2706 671 2825 monogami
691 2727 850 2826 peculiari
870 2726 977 2825 gloria
995 2743 1028 2801 et
1048 2752 1176 2801 corona
1200 2728 1258 2802 do·

142 2845 263 2933 nandi,
285 2871 391 2943 aqua
416 2843 638 2917 excluduntur
657 2843 804 2941 bigami,
825 2860 940 2943 utpote
958 2843 1145 2943 imperfecti
1166 2844 1258 2918 etad

140 2959 325 3034 seeundum
351 2958 492 3056 gradum
510 2959 644 3044 deiecti;
665 2974 892 3031 verumtamen
910 2985 951 3031 cx
969 2957 1116 3056 Origene
1135 2957 1174 3030 lri
1193 2958 1256 3058 ipsi

139 3075 327 3159 calcantur,
344 3075 495 3173 adeoquo
512 3100 552 3146 cr
569 3073 642 3146 eius
661 3089 771 3146 mente
790 3099 856 3147 non
876 3072 993 3147 illicito
1010 3090 1153 3147 utuntur
1169 3100 1249 3148 con-

141 3190 270 3269 cubitu.
347 3202 350 3265 Ῐ
863 3199 866 3204 ’

213 3308 261 3380 Ex
277 3305 396 3380 horum
411 3307 686 3380 documentorum
699 3306 940 3406 disquisitione
952 3324 985 3379 et
993 3307 1148 3380 examine
1162 3305 1257 3380 facile

141 3438 192 3498 cst
208 3421 367 3520 colligere
384 3420 474 3493 baud
494 3419 616 3494 multos
629 3431 705 3495 'csse
718 3448 758 3494 cx
771 3421 941 3495 veteribus
954 3420 1113 3519 :patribus
1136 3423 1197 3523 qui
1213 3420 1257 3494 bi·

140 3538 288 3635 gamiam
303 3535 483 3612 habuerint
496 3553 532 3610 ut
548 3536 756 3635 illegitimam
777 3553 873 3638 prout
889 3536 989 3635 vulgo
1006 3538 1153 3611 traditur
1169 3540 1255 3635 (38),

140 3654 201 3730 sed
226 3671 284 3728 aut
316 3653 452 3728 omnino
482 3664 627 3753 peuces,
652 3672 685 3728 et
711 3654 869 3742 tortasse,
897 3681 940 3726 nc
969 3680 1074 3727 unum
1104 3656 1252 3755 quidem.

138 3770 173 3843 si
199 3771 289 3844 enim
318 3769 569 3844 hermeneutica
601 3770 777 3868 diligentia
805 3775 954 3844 veterum
981 3770 1175 3844 testi-monia
1198 3774 1256 3844 'er-

138 3886 330 3986 pendentur
355 3903 446 3985 patet
471 3913 537 3960 non
573 3887 672 3960 aliam
708 3886 813 3960 luisse
839 3912 954 3960 eorum
980 3888 1126 3962 mentem
1157 3911 1254 3988 quam

209 4145 262 4209 (st)
277 4147 351 4196 Hom.
363 4129 441 4196 xvtl.
453 4145 478 4195 in
489 4147 550 4196 Luc.
566 4145 605 4195 ed.
619 4147 655 4195 Dc
671 4145 695 4194 lu
710 4147 771 4196 ttue.
782 4157 839 4207 opp.
852 4145 913 4194 tom.
926 4145 969 4192 tu.
984 4154 1040 4207 pag.
1054 4148 1109 4194 958.

210 4225 261 4290 (³8)
274 4226 318 4275 Uti
329 4226 414 4276 Maron
425 4224 482 4274 adn.
494 4225 521 4274 in
530 4223 572 4274 lib.
584 4226 626 4274 ut.
642 4237 663 4273 s.
676 4223 781 4285 irenaei,
791 4224 850 4272 itcm
861 4222 888 4272 in
897 4222 946 4273 loc.
955 4223 998 4272 cit.
1012 4221 1194 4285 Atlreutgorte,
1200 4222 1255 4272 ooo

139 4304 165 4354 in
181 4317 245 4354 nora
255 4304 314 4354 odit.
327 4318 384 4368 opp.
396 4317 417 4355 s.
427 4301 527 4365 lostini,
541 4302 679 4354 cotelerius
694 4303 718 4351 in
732 4304 783 4357 ¹not.
796 4301 839 4352 cit.
852 4294 1004 4351 admnndet.
1014 4302 1056 4350 lv.
1068 4300 1187 4364 Pastoris,
1194 4301 1253 4353 ttu-

136 4387 193 4436 tene
208 4387 247 4437 De
261 4387 379 4451 dutmala
392 4385 482 4437 eccles.
502 4383 603 4436 tttttbus
625 4382 669 4435 ΙΙΙ).
681 4385 701 4433 l.
712 4393 768 4448 rap.
783 4383 826 4434 tx.
838 4383 885 4432 ort.
897 4381 990 4434 butt.
1003 4378 1050 4432 etc.
1124 4404 1127 4411 ·
