2796 5064
251 389 321 441 ora.
333 390 370 440 u.
387 388 427 439 ns
440 389 552 440 rnnrss.
571 390 666 441 aira.
679 389 815 439 ruerus.
832 389 943 439 auum.
962 388 1032 439 aar.
1050 389 1098 439 ru.
1173 366 1242 437 213

130 505 202 581 ltere
226 508 263 579 in
289 524 489 607 perpetuum
515 507 641 607 privari
663 507 736 580 iure
754 533 816 581 suo
833 507 929 581 alteri
947 505 1095 579 nubendi
1114 505 1149 578 in
1167 532 1247 606 poe-

127 650 201 697 nam
228 624 353 724 patrati
372 623 543 711 criminis,
567 624 683 723 sieque
701 623 888 720 praelatum
905 623 1155 697 incommodum
1172 649 1247 697 eua-

125 755 288 813 neseeret.
318 738 396 826 Ast,
422 740 471 812 uti
497 740 654 814 observat
669 739 912 826 Bellarminus,
933 740 996 812 etsi
1016 739 1247 839 prohiberetur

124 880 204 927 uxor
221 852 377 926 adultera
395 853 489 927 alteri
512 854 639 927 nubere
656 853 691 925 in
711 881 852 953 poenam
873 854 992 952 patrati
1011 854 1143 951 llagitii,
1164 879 1267 931 uxor.

124 986 235 1043 tamen
262 968 369 1040 libera
394 984 485 1042 esset
510 994 549 1042 no
579 969 732 1043 solutae
757 969 892 1043 vinculo
918 970 1040 1069 prioris
1071 969 1244 1066 coniugii,

123 1110 159 1158 ue
184 1083 333 1183 proinde
358 1099 512 1182 peccaret
536 1084 675 1182 quidem
699 1084 874 1171 nubend0,
899 1101 933 1157 et
957 1085 1041 1158 sorte
1057 1084 1159 1156 etiam
1176 1110 1249 1156 ma·

123 1199 323 1273 trimonium
348 1213 438 1272 esset
466 1199 621 1287 nullum,
651 1201 710 1273 sed
737 1227 804 1274 non
829 1201 1049 1272 moecharetur
1074 1201 1146 1273 sive
1171 1200 1247 1298 ipsa

122 1315 192 1389 siue
205 1315 268 1414 qui
287 1340 364 1393 eum
382 1314 539 1402 duceret3
561 1316 773 1415 nequeenim
792 1333 844 1390 est
862 1316 1062 1389 adulterium
1080 1315 1146 1388 nisi
1165 1340 1242 1387 cum

123 1431 268 1527 coniuge
293 1427 452 1516 alterius;
481 1430 645 1502 Dominus
672 1447 781 1503 autem
808 1429 943 1503 disertis
967 1429 1079 1503 verbis
1098 1454 1247 1528 pronun·

125 1543 249 1618 cievit:
273 1545 381 1642 etqui
396 1543 565 1617 dimissum
583 1545 739 1630 duxerit,
765 1544 929 1618 adulterat
950 1547 1038 1640 (92).
1060 1544 1151 1616 Haeo
1168 1544 1245 1643 qui-

125 1657 198 1732 dem
226 1658 331 1757 ipse;
361 1658 529 1759 quidquid
556 1686 655 1758 porro
681 1660 726 1734 sit
750 1661 793 1734 de
817 1686 921 1735 sensu
946 1659 1124 1732 verborum
1146 1658 1244 1731 Chri·

124 1773 181 1860 tti,
203 1775 269 1872 qui
284 1772 455 1845 dimissum
476 1773 629 1859 decerit,
659 1775 845 1862 adulterat;
873 1774 1033 1874 quoniam
1059 1772 1244 1847 adversarii

124 1913 160 1962 ea
176 1888 354 1986 accipiunt
380 1914 456 1961 cum
481 1890 638 1988 opposita
659 1890 836 1978 clausula,
860 1906 994 1989 excepta
1018 1891 1246 1988 [promotionis

124 2029 242 2087 muca,
271 2002 355 2076 illud
381 2030 443 2076 nos
470 2002 580 2077 solum
606 2006 925 2093 animadvertimus,
954 2004 1045 2104 quod
1071 2005 1105 2076 in
1131 2030 1248 2077 eorum

124 2115 325 2219 hypothesi,
353 2118 412 2218 qui
435 2118 571 2194 duceret
591 2120 776 2194 adulteram
794 2148 862 2196 non
880 2122 964 2195 loret
980 2120 1126 2204 adulter,
1147 2118 1245 2193 adul-

124 2250 246 2308 tereret
272 2250 406 2321 autem,
436 2235 495 2333 qui
523 2236 674 2334 iungeret
699 2265 737 2311 se
762 2264 838 2311 cum
869 2238 1066 2323 innocente,
1095 2235 1248 2336 adeoque

125 2376 235 2450 nsque
262 2348 328 2422 hac
352 2350 480 2424 ratione
505 2351 612 2425 vitare
636 2370 779 2451 possunt
804 2353 1051 2426 incommodum
1071 2378 1175 2452 aquo
1193 2351 1249 2424 ho

125 2492 187 2540 nus
213 2482 248 2539 et
275 2466 463 2538 communis
490 2492 612 2540 sensus
639 2469 772 2566 refugit.

193 2581 347 2654 Alterum
361 2581 609 2655 incommodum
628 2600 679 2657 est
696 2584 778 2656 illud
798 2586 929 2682 ipsum,
946 2584 1038 2684 quod
1056 2582 1157 2683 paulo
1171 2599 1248 2656 ante

125 2695 321 2782 innuimus,
349 2695 508 2769 nimirum
526 2697 676 2770 admissa
694 2698 962 2772 adversariorum
981 2696 1164 2785 sententia,
1185 2697 1248 2769 ha-

124 2809 231 2885 benas
258 2809 364 2882 laxari
390 2809 567 2886 adulteriis
592 2838 633 2886 ac
658 2815 799 2913 proinde
824 2814 893 2911 iugi
921 2813 1151 2910 coniugiorum
1181 2811 1249 2885 dis-

125 2925 312 3011 solutioni,
342 2939 441 3025 prout
464 2928 671 3027 experientia
702 2956 805 3029 penes
838 2944 1081 3030 protestantes,
1117 2926 1248 3027 quiite

125 3041 388 3140 interpretentur
401 3041 527 3116 Christi
545 3044 647 3117 verba
665 3045 753 3145 apud
773 3045 975 3118 llatthaeum
990 3101 997 3130 ,
1014 3043 1139 3117 evincit
1154 3044 1243 3139 (93).

126 3157 196 3233 lloo
217 3183 298 3231 vero
325 3159 522 3256 pessumdat
542 3161 702 3234 moralem
729 3161 855 3234 Christi
880 3161 1080 3234 doctrinam.

209 3276 309 3346 Nunc
338 3274 479 3372 gradum
507 3276 651 3350 lecimus
677 3276 719 3349 ad
745 3277 861 3352 llatth.
890 3279 976 3349 lllll.
1008 3279 1027 3348 3
1055 3302 1152 3376 seqq.
1188 3275 1247 3347 ubi

125 3389 282 3464 Christus
294 3389 432 3463 uberius
445 3391 558 3464 adhuc
570 3409 604 3464 et
616 3392 739 3465 clarius
752 3392 869 3466 cadem
884 3393 960 3491 ipsa
972 3419 1059 3491 quae
1072 3390 1188 3464 llatth.
1205 3391 1243 3464 V.

126 3503 287 3581 docuerat
312 3505 355 3579 de
386 3504 540 3580 absoluta
570 3507 718 3605 coniugii
752 3507 1066 3595 indissolubilitate‚
1100 3506 1249 3581 declarat

126 3622 381 3723 confirmatque.
412 3621 451 3693 ld
477 3648 555 3695 vero
580 3623 770 3720 colligimus
797 3623 919 3724 triplici
945 3650 986 3696 ex
1014 3623 1147 3722 capite,
1177 3639 1248 3695 tum

124 3763 246 3839 nempe
272 3763 312 3810 ex
339 3738 558 3838 responsione
585 3738 710 3813 Christi
736 3740 779 3813 ad
805 3740 1011 3839 propositam
1039 3739 1104 3813 sihi
1125 3738 1248 3839 apha-

202 3953 256 4016 (st)
274 3956 312 4004 Dc
321 3956 439 4004 matrim.
453 3968 476 4005 c.
492 3957 557 4007 xvi.
572 3969 598 4005 n.
616 3959 639 4006 4.

199 4034 253 4096 (98)
266 4035 357 4083 Notum
377 4036 415 4083 est
433 4034 578 4097 pierumque
596 4036 649 4084 tum
667 4033 694 4084 in
713 4034 827 4085 Bormsia
843 4036 897 4084 tum
920 4034 947 4084 in
966 4031 1246 4093 aiiisGermanieepro·

121 4113 225 4175 oficiis,
245 4125 295 4162 non
310 4113 359 4162 alin
377 4112 408 4162 de
423 4126 497 4163 causa
508 4117 576 4163 tanto
588 4127 691 4163 numero
707 4128 750 4176 per
768 4126 845 4163 annos
855 4113 966 4176 singulos
984 4127 999 4163 a
1014 4110 1179 4163 tribunalibus
1195 4122 1248 4159 aen·

122 4193 215 4244 tutin
233 4190 399 4242 divortiorum
410 4193 584 4255 pronuncieri3
602 4192 662 4243 olibi
679 4192 706 4242 id
724 4193 806 4257 ipsum
821 4192 853 4243 de
865 4193 953 4257 anglia
969 4192 1052 4243 testati
1067 4202 1166 4253 sumum
1181 4201 1248 4239 nunc

122 4287 183 4325 vero
201 4285 235 4324 eo
253 4273 350 4324 tsciiior
369 4275 407 4323 est
426 4273 591 4324 divortiorum
613 4273 647 4324 ihi
669 4273 773 4325 facilitas
790 4273 822 4324 ob
836 4286 940 4336 noram,
962 4285 1028 4336 qnae
1040 4270 1079 4322 his
1099 4270 1149 4321 iere
1162 4267 1249 4319 diebus

121 4353 220 4405 numia
239 4354 292 4415 est,
313 4351 391 4417 legem
406 4351 438 4404 de
455 4352 571 4404 divortio.
