2796 5064
189 398 490 452 csa.n.nrrnn1ss.
509 398 603 455 narn,
622 396 888 449 incrusurum.
912 398 986 448 aar.
1002 398 1049 449 ιιι.
1104 376 1176 447 223

140 515 352 592 dontmdictio
374 532 488 591 autem
513 542 616 617 quam
640 516 759 588 dicunt
783 541 944 612 exurgere
968 515 1056 589 inter
1071 515 1174 590 Mami

86 633 223 708 achaeae
246 632 423 731 evangelia
439 648 541 732 atque
562 631 772 729 evangelium
789 631 969 717 Matthaei,
998 631 1064 704 nisi
1084 630 1118 702 in
1137 631 1177 703 il-

80 746 110 822 lis
127 748 395 847 subintelligatur
418 747 659 848 exceptionalis
689 747 841 820 clausula
872 748 915 821 dc
944 774 1047 821 causa
1073 748 1178 821 lorci-

76 866 213 952 oalionis‚
243 865 399 939 innititur
426 881 554 939 tantum
585 865 768 963 anticipato
794 865 920 938 iudicio
945 864 987 937 de
1013 865 1179 963 interpre-

71 981 189 1054 tationis
213 980 378 1067 veritate,
406 980 498 1080 quod
530 979 685 1052 Christus
712 980 803 1076 apud
829 979 1033 1053 Matthaeum
1060 981 1175 1078 reipsa

65 1096 205 1171 docuerit
221 1096 308 1170 solvi
334 1095 482 1193 coniugii
500 1095 671 1169 vinculum
696 1122 756 1193 per
781 1096 1059 1182 fornicationem,
1085 1096 1176 1194 quod

62 1213 263 1287 ostendimus
288 1228 403 1311 aperte
428 1211 549 1285 falsum
574 1238 650 1285 esse
676 1211 829 1311 pluribus
857 1212 1075 1308 argumentis.
1106 1213 1177 1286 Hac

60 1329 185 1403 sublata
213 1328 513 1426 interpretatione,
543 1328 653 1400 omnis
683 1328 901 1401 contradictio
931 1327 1030 1426 plane
1054 1353 1177 1401 evane-

59 1446 137 1519 scit:
169 1445 241 1519 imo
266 1471 335 1517 una
360 1469 499 1543 prorsus
524 1460 575 1517 est
598 1469 806 1543 concorsque
831 1443 1015 1516 sententia:
1037 1468 1175 1517 uxorem

57 1561 151 1635 aliam
180 1559 262 1634 duci
288 1586 473 1660 numquam
499 1587 624 1659 posse,
654 1560 757 1659 priori
784 1560 976 1657 superstite.

120 1676 190 1751 Sed
218 1701 281 1750 nec
304 1676 427 1749 desunt
451 1674 663 1748 validissima
692 1691 889 1771 argumenta
916 1701 956 1747 ex
982 1674 1099 1747 intima
1126 1674 1175 1747 rei

57 1809 171 1867 natura
197 1792 321 1891 petita,
347 1817 436 1891 quae
458 1790 639 1865 ostendant
661 1789 753 1862 illam
775 1790 996 1865 adiectionem
1015 1790 1058 1862 ab
1075 1817 1178 1863 evan-

56 1908 140 2006 gelio
175 1907 279 1981 hiarci
313 1934 391 1982 asse
421 1907 558 1981 omnino
593 1906 842 2007 respuendam,
881 1907 982 1979 immo
1012 1920 1046 1979 et
1077 1932 1177 2004 repu-

54 2049 155 2121 gnare
170 2023 353 2097 contextui.
374 2024 459 2096 Nam
482 2023 584 2095 Marci
605 2023 634 2095 si
659 2038 849 2097 contextum
875 2021 1169 2121 introspiciamus,

54 2165 87 2210 ex
110 2138 190 2239 ipso
212 2136 339 2211 Christi
362 2162 484 2236 scopo,
506 2138 565 2238 qui
586 2154 657 2211 erat
674 2137 862 2236 discipulos
887 2164 968 2211 suos
989 2137 1173 2236 privatim,

55 2280 112 2328 sen
134 2256 173 2326 in
198 2253 292 2325 danto
311 2252 354 2326 de
380 2253 594 2327 matrimonio
622 2253 814 2340 instituere,
845 2254 936 2329 illico
961 2254 1175 2352 colligimus,

53 2532 93 2569 nn
108 2519 194 2570 ordini
209 2533 230 2570 ι.
242 2520 358 2571 Matthaei
380 2534 430 2572 non
450 2521 584 2585 adhaeret;
605 2521 676 2586 plura
698 2521 805 2572 illustrat
826 2522 930 2573 dirersis
949 2522 1052 2572 adiectis
1070 2521 1176 2571 circum·

54 2601 162 2662 stantiia3
174 2600 234 2650 elai
250 2612 314 2664 quae
329 2601 440 2664 omittit,
460 2615 509 2650 non
522 2615 599 2666 pauca
617 2603 691 2652 etiarn
710 2601 740 2651 iis
753 2602 844 2651 adiecit
861 2614 925 2664 qnae
941 2601 1014 2651 habet
1027 2601 1173 2651 Matthaeus

54 2678 86 2729 al
105 2679 222 2730 ordinem
243 2678 310 2743 quod
332 2680 434 2741 attinet,
454 2681 531 2730 alium
544 2681 645 2730 omnino
665 2683 747 2731 serrat
768 2683 866 2731 Marcus
885 2680 916 2730 uh
937 2693 979 2742 ec,
998 2693 1071 2743 quern
1093 2693 1174 2743 prose·

52 2763 120 2810 totns
140 2761 180 2810 eat
199 2760 337 2810 Matthaeus
357 2773 412 2824 cap.
432 2765 462 2809 x.
482 2763 538 2811 xli.
556 2764 581 2811 et
601 2763 666 2811 xiil.
690 2763 792 2824 insuper
812 2761 881 2824 plura
907 2760 1014 2810 illustrat
1032 2773 1053 2809 s.
1079 2762 1176 2810 illarcna

53 2839 157 2891 oneum
175 2839 245 2890 dicta
262 2853 277 2890 a
297 2841 437 2903 Matthaen;
460 2844 504 2892 nx.
520 2855 557 2902 gr.
571 2842 613 2893 ubi
632 2843 705 2891 retert
718 2842 878 2892 secessionem
890 2840 982 2891 christi
998 2840 1024 2889 in
1038 2839 1175 2902 desertum,

53 2920 133 2970 addit:
151 2922 273 2985 Eratque
290 2933 352 2970 eum
369 2921 456 2971 Mettis
476 2923 571 2970 terrae.
591 2922 723 2972 Historiam
744 2920 912 2970 decollationis
929 2920 1028 2969 loannis
1044 2920 1122 2969 insius
1140 2934 1175 2969 re·

52 2997 95 3049 lert
106 3001 222 3061 namna,
240 3011 315 3063 qnam
328 2999 471 3050 Matthaeus.
485 3002 546 3063 cap.
558 3002 577 3049 l.
586 3007 609 3050 9.
622 3014 666 3064 pro
675 2999 750 3051 domo
768 3001 859 3059 Petri,
875 2999 904 3050 ut
921 2998 1006 3048 scribit
1017 2999 1173 3060 Matthaeus,

53 3080 148 3129 larena
160 3079 248 3129 hahet:
263 3081 377 3129 Domum
388 3081 500 3129 Simonis
511 3081 537 3129 et
549 3078 668 3131 Andreae
681 3091 742 3129 enm
762 3078 857 3128 Iacobo
868 3081 893 3128 et
906 3080 1014 3128 Ioanne.
1032 3079 1060 3127 ln
1075 3077 1177 3129 historia

52 3160 177 3223 paralytici
188 3158 284 3222 plenior
294 3162 331 3209 eal
342 3161 438 3209 Marcus
445 3173 521 3223 quam
531 3162 675 3211 Matthaeus.
684 3163 710 3210 ln
721 3160 785 3210 iacto
797 3158 912 3222 despicis
923 3158 1066 3208 interseruit
1076 3161 1177 3209 Murcus

53 3239 98 3289 aui
118 3239 253 3290 Aliatlaur
265 3242 387 3303 principe
408 3238 581 3290 secerdotum.
602 3240 655 3290 Alia
675 3253 724 3290 non
742 3252 820 3303 pauca
842 3239 1023 3304 praetermitto,
1040 3253 1069 3288 en
1086 3237 1178 3302 quihus

54 3323 117 3383 patet
133 3320 231 3370 animo
251 3319 302 3370 iere
317 3320 398 3384 ipsum
413 3320 532 3383 attingere
550 3321 677 3371 historiam
695 3333 711 3370 a
733 3319 856 3370 Matthaeo
877 3319 997 3380 relatam,
1012 3318 1072 3381 qnin
1089 3317 1177 3368 maiori

52 3401 293 3451 circumstantiarum
313 3403 433 3465 apparatu
455 3413 509 3451 mm
526 3404 698 3465 repraesentet.
721 3403 827 3451 'rantum
852 3400 939 3462 abest,
960 3403 987 3448 ut
1005 3399 1039 3449 sit
1058 3397 1177 3449 Matthaei
1200 3413 1203 3419 ·

53 3480 215 3543 epitomator!
239 3479 287 3530 Sed
307 3483 431 3542 praeterea
448 3479 513 3530 haud
529 3494 605 3543 panca
617 3479 691 3529 hahet
706 3482 803 3530 Marcus
815 3493 922 3542 quorum
934 3479 1029 3528 nullum
1044 3479 1174 3541 vestigium

53 3561 158 3610 manarit
180 3559 248 3623 apnd
267 3561 437 3624 Matthaeunt,
457 3560 541 3624 qualia
560 3562 617 3610 sunt
640 3573 704 3623 qnae
723 3560 795 3609 refert
818 3559 850 3610 de
870 3558 1068 3609 doemoniocoi.
1086 3566 1125 3610 aa.
1145 3557 1177 3607 dc

52 3653 121 3691 raeco
135 3643 203 3691 vul.
211 3641 441 3705 22.depaupercula
453 3641 528 3691 vidua
540 3642 651 3692 mittente
660 3641 821 3704 quadrantem
833 3643 858 3690 in
869 3640 1068 3704 gazophylacium
1077 3642 1175 3690 iiiiii.

52 3721 80 3771 de
92 3722 250 3787 apparitione
263 3722 354 3772 Christi
375 3721 472 3772 duobus
489 3722 617 3786 discipulis
630 3721 745 3773 euntibus
757 3722 781 3771 in
794 3726 910 3772 Emmaus
925 3723 990 3771 xvi.
1005 3729 1041 3771 tt.
1054 3721 1085 3771 dc
1094 3733 1177 3770 ascen

52 3803 117 3854 tione
136 3803 232 3854 Christi
247 3803 274 3853 in
292 3803 388 3854 caelum
407 3806 472 3854 livi.
489 3811 523 3854 19.
540 3803 621 3867 deque
635 3803 760 3854 nonnuliis
779 3803 902 3867 parabolis
918 3804 1043 3854 achristo
1066 3801 1174 3866 prolatis.

54 3885 86 3932 Ει
105 3883 147 3933 iria
165 3880 282 3933 concludi
296 3881 383 3945 debs,
395 3883 463 3945 quod
482 3897 512 3933 err
533 3883 671 3934 accessione
688 3881 806 3946 evangeiii
820 3883 896 3932 Marci
915 3883 1017 3933 historia
1035 3882 1067 3932 de
1087 3882 1138 3932 vita
1151 3883 1177 3933 et

53 3962 125 4011 rebus
143 3961 237 4011 christi
259 3963 337 4012 mullo
361 3962 411 4012 iam
431 3963 522 4012 clarior
550 3977 580 4012 ac
609 3962 740 4013 dilucidior
760 3964 824 4014 iacta
847 3964 898 4026 sii,
922 3964 1049 4026 multoque
1070 3961 1173 4011 auctior.

53 4042 104 4091 Mon
125 4039 186 4091 inde
203 4043 285 4091 umen
306 4040 462 4091 inferendum
474 4044 511 4092 est
522 4055 578 4092 cum
600 4043 717 4105 Calvino,
735 4041 880 4104 Dodnello,
897 4043 1020 4092 Larrinero
1034 4044 1058 4091 el
1070 4039 1174 4112 Michad·

51 4121 94 4183 lis,
108 4119 179 4185 qnod
192 4123 291 4172 Merena
310 4135 341 4171 ne
360 4122 450 4173 viderit
463 4122 564 4186 quidem
580 4124 696 4173 Matthaei
720 4124 881 4186 evangelium.
894 4126 1001 4174 Graecae
1011 4122 1076 4172 enim
1089 4119 1175 4170 dictio·

51 4213 108 4262 aaa,
122 4212 190 4262 quae
204 4200 230 4249 in
242 4203 347 4264 utroque
361 4202 488 4265 evangelio
501 4207 649 4265 occurrunt,
668 4203 818 4253 contrarium
837 4203 909 4266 plane
919 4202 1036 4252 evincunt
1047 4238 1054 4262 ‚
1067 4203 1091 4250 et
1103 4199 1173 4264 plura

49 4293 112 4343 qnae
128 4279 205 4330 hahet
224 4280 366 4331 communia
379 4294 436 4331 cum
459 4281 582 4332 Malthaeo
602 4281 689 4343 iisdem
704 4282 752 4332 iere
763 4281 844 4332 verbis
863 4283 951 4343 relata,
968 4281 1024 4331 lieet
1048 4278 1170 4329 interdurn

48 4361 150 4411 mains
167 4365 274 4427 armant
290 4374 353 4424 qliae
374 4361 451 4411 insius
472 4363 611 4416 Matthaeus
633 4362 714 4413 relert.
