2796 5064
142 355 212 429 288
284 376 349 427 nn.
368 376 417 426 ιιι.
436 375 524 426 saur.
544 376 675 428 ιιιιιιιιι.
688 378 729 427 na
741 377 853 429 murm.
872 379 967 430 nara.
982 379 1110 431 omisa

141 493 337 593 singillatim
362 518 615 594 persequamur.
632 494 830 594 Supponunt
858 495 950 568 enim
965 495 1165 596 Apostolum
1199 514 1247 571 aut

141 609 336 707 ignorasse,
357 624 415 682 aut
439 634 460 681 e
481 623 593 682 mente
618 608 650 682 ei
679 607 847 684 excidisse
863 608 1050 685 clausulam
1080 638 1103 685 a
1126 610 1248 686 Christo

141 722 185 796 de
208 721 426 798 fornicatione
457 722 647 822 appositam
679 721 725 796 ad
759 721 959 797 solvendum
982 724 1192 823 coniugium.
1217 726 1251 798 At

139 863 220 913 rem
248 836 372 912 Paulus
401 863 468 910 non
493 836 586 910 aliud
616 838 685 912 sibi
713 839 787 913 suis
817 839 854 911 iu
874 839 1028 939 epistolis
1058 843 1246 943 proposuit,

140 979 242 1055 qnam
266 978 461 1052 germanum
485 978 625 1027 sensum
644 953 744 1028 nobis
770 953 928 1028 exhibere
951 954 1108 1030 musdem
1124 955 1248 1030 clauso

141 1068 210 1156 lae,
229 1093 331 1168 quam
357 1067 475 1167 utique
495 1092 577 1166 prae
595 1066 705 1142 oculis
722 1067 868 1142 habebat
891 1068 973 1142 dam
993 1068 1081 1144 haec
1104 1069 1246 1170 scripsit,

141 1209 260 1284 nempe
285 1183 480 1280 siguificare
504 1181 614 1257 soluit
643 1182 829 1257 clausulam
856 1182 948 1257 illam
972 1184 1076 1258 unice
1106 1201 1248 1286 spectare

141 1298 185 1374 ad
209 1313 456 1397 temporaneam
481 1295 739 1372 dissolutionem
763 1323 865 1396 quarn
891 1323 955 1372 nos
969 1296 1123 1373 dicimus
1145 1298 1246 1400 quoad

141 1411 250 1488 solum
265 1429 374 1487 torum
390 1427 424 1485 et
440 1410 705 1499 habitationem,
725 1437 793 1485 non
817 1427 950 1500 autem,
969 1414 1244 1514 quemadmodum

141 1553 201 1630 pro
224 1544 315 1602 carto
332 1543 513 1602 assumunt
533 1525 733 1614 adversarii,
751 1527 808 1600 'ad
833 1525 1091 1603 dissolutionem
1119 1527 1242 1605 vincul.

140 1643 312 1743 Alioquin,
329 1668 372 1716 ne
396 1641 636 1716 obscuritatem
668 1641 847 1738 ingereret,
868 1641 1043 1717 debuisset
1063 1668 1241 1742 axpmssan

143 1758 235 1832 illius
261 1758 464 1832 mentionem
489 1756 621 1843 lacere,
650 1781 690 1830 ac
718 1754 892 1832 declarare
915 1755 980 1832 hcc
1011 1758 1046 1830 in
1072 1784 1157 1832 casu
1180 1783 1240 1833 con

142 1873 269 1973 iugium
295 1871 394 1961 solvi,
417 1887 515 1973 prout
540 1870 724 1946 declaravit
747 1871 833 1946 solvi
858 1873 893 1945 iu
917 1871 1103 1973 hypothesi
1119 1872 1163 1946 de
1184 1870 1239 1945 inl·

140 1987 208 2063 dali
233 1987 428 2061 discedente
446 2012 468 2059 a
483 1985 627 2084 coniuge
644 1983 755 2073 fideli,
775 2002 834 2060 ant
857 2001 1017 2061 renueme
1039 2011 1119 2060 cum
1143 2013 1181 2062 eo
1195 2010 1238 2087 pt

141 2102 238 2178 cilice
260 2102 390 2189 vivere,
422 2117 455 2175 et
481 2101 555 2175 sino
580 2098 780 2176 contumelia
805 2100 988 2189 Crantoris,
1006 2119 1110 2201 prout
1132 2125 1233 2176 arou.

142 2217 360 2318 pontificibus
385 2217 575 2317 expositum
601 2234 654 2291 est
673 2219 786 2313 (133).

213 2333 371 2407 Locutum
389 2358 468 2408 vero
479 2358 556 2408 esse
571 2333 768 2434 Apostolum
780 2331 824 2405 de
838 2333 985 2417 consilio,
1002 2358 1072 2408 nou
1089 2330 1234 2409 antemde

137 2461 328 2546 prompto,
362 2471 428 2521 non
459 2446 558 2522 modo
586 2444 692 2545 gratis
727 2445 911 2521 adversarii
946 2445 1140 2533 affirmant,
1169 2444 1232 2545 quin

141 2559 245 2634 ullam
278 2560 447 2635 adducant
474 2559 721 2662 probationem,
748 2586 865 2634 verum
890 2575 1005 2660 aperte
1031 2560 1067 2632 id
1095 2571 1233 2661 repugnat

140 2675 293 2750 eiusdem
316 2676 446 2751 verbis:
471 2675 551 2750 ulis
568 2691 692 2763 autem,
709 2675 768 2775 qui
792 2675 1005 2749 matrimonio
1029 2675 1137 2750 iuncti
1161 2688 1231 2753 sunt.

136 2792 303 2890 praccipio
332 2816 399 2865 non
424 2816 504 2889 ego,
525 2790 585 2864 sed
614 2790 795 2876 Dominus,
817 2816 954 2863 uxorem
976 2817 999 2863 a
1021 2789 1096 2865 viro
1113 2816 1177 2865 non
1197 2786 1233 2860 di·

140 2905 298 2993 scederc,
317 2906 409 3007 quod
433 2907 466 2978 si
489 2905 693 2990 discesserit,
717 2931 849 2977 morters
873 2907 1084 3004 innuptam.»

212 3021 287 3108 Sic,
318 3021 408 3122 quod
434 3021 583 3106 addunt,
599 3019 802 3120 Apostolum
820 3045 887 3093 non
906 3019 948 3092 de
966 3038 1130 3120 perpetua
1146 3019 1232 3092 indis

141 3135 345 3210 solubilitate
369 3136 557 3222 disserere,
579 3161 687 3235 aeque
704 3150 831 3234 pugnat
854 3160 930 3208 cum
947 3134 1102 3208 eiusdem
1126 3132 1230 3209 vernn

140 3266 273 3324 etcum
311 3249 458 3348 generali
497 3248 557 3324 illa
592 3251 758 3324 sententia
782 3277 815 3323 ι.
847 3252 905 3322 39.
936 3248 1092 3322 «Mulier
1119 3248 1233 3345 alligata

140 3379 192 3438 est
217 3363 282 3461 legi
320 3365 503 3463 (coniugii)
529 3382 656 3465 quanto
687 3380 836 3465 tempore
859 3364 913 3437 vir
935 3364 1010 3438 eius
1036 3364 1156 3438 vivit.»

214 3477 313 3553 Nulla
338 3495 449 3553 autem
483 3496 555 3553 erat
581 3480 767 3555 necessitas
791 3477 950 3580 Apostolo
975 3477 1122 3554 docendi
1146 3474 1235 3553 corin·

212 3671 375 3736 (lactatque
393 3673 433 3725 blo
450 3687 489 3725 me
508 3673 623 3725 cohibere
642 3687 692 3725 non
703 3687 812 3738 msam,
823 3672 883 3738 qula
900 3672 1037 3737 tumebam
1052 3675 1075 3723 Ι.
1095 3676 1124 3725 1’.
1140 3669 1236 3724 laceb·

140 3749 333 3814 impugnatorem
354 3753 452 3802 Braunil
485 3751 546 3805 dum
569 3754 596 3803 ln
617 3766 658 3817 op.
680 3752 907 3804 Indtrrolstbttttos
929 3747 1239 3805 ammonemus

142 3830 283 3893 moguntiae
305 3835 372 3883 178⁸.
385 3845 439 3896 pag.
459 3840 498 3884 et.
519 3832 643 3884 ludolatur
662 3833 732 3884 iuxta
749 3833 893 3897 Apostolum
911 3831 1014 3883 dissolvi
1026 3827 1241 3884 mertuum

142 3908 285 3960 infidelitate
304 3915 456 3963 contractum
475 3926 518 3975 per
537 3913 719 3963 conremlonem
731 3912 832 3963 alterim
847 3909 1004 3976 conluglset
1021 3909 1160 3964 (ihm
1172 3906 1241 3961 aas

141 3987 174 4039 lis
190 4001 206 4039 a
226 3987 302 4053 aden,
314 4002 431 4056 repuens
445 4004 564 4042 menan
577 3995 604 4044 st
617 3990 733 4054 tnAdeltr
751 3993 887 4042 tnnocentll
898 3993 941 4043 ΙΙΙ.
950 3994 1036 4055 utpote
1051 4004 1069 4042 a
1086 3986 1240 4043 Gadasodr

141 4069 214 4134 σιμὴ
224 4072 249 4121 et
256 4073 350 4122 contro
360 4085 481 4135 nocerem
493 4075 627 4124 contrarie
636 4074 809 4124 amttsnttrrm
816 4072 918 4137 opponit
926 4075 1060 4134 norunt,
1068 4074 1179 4133 uon,
1187 4073 1243 4122 Pu·

142 4148 213 4209 tam,
229 4152 426 4216 numnam,
445 4155 470 4202 et
489 4155 669 4217 Aaouttnttm
688 4151 818 4203 adllmms:
838 4154 919 4218 otqrts
933 4150 962 4203 At
975 4151 1044 4204 nott
1055 4147 1246 4215 machstatt

140 4227 187 4279 hoc
205 4226 303 4280 riddur
319 4228 432 4281 nlmlsac
449 4233 540 4282 turnare
554 4229 656 4282 dlctura
669 4230 877 4295 crannonem
889 4231 1034 4294 argmenta
1045 4229 1247 4296 madiam

144 4310 183 4358 m
195 4311 312 4360 notrtst.
324 4321 378 4374 cap.
397 4312 429 4360 ΙΙ.
447 4321 517 4374 prop.
539 4312 570 4360 lt.
