2796 5064
150 353 221 425 iti
302 375 366 427 un.
385 373 433 425 111.
455 374 541 426 seor.
565 375 695 427 terrai.
717 376 757 427 nr
771 376 997 428 murm-narn.
1018 375 1146 429 araur.

147 495 267 570 risaeis
279 493 532 596 quaestionem;
553 511 625 568 tum
642 523 683 568 ex
700 495 849 594 generali
866 494 1022 569 eiusdem
1041 495 1268 570 affirmatione

145 637 186 684 ac
210 608 396 696 sententia3
430 624 499 683 tum
525 607 671 710 denique
696 637 737 683 ex
761 610 1005 709 discipulorum
1028 608 1263 684 admiratione,

220 727 254 798 1.
284 725 390 823 Igitur
414 751 490 799 cum
517 726 742 800 accessissent
768 726 937 826 pharisaei
962 724 1006 799 ad
1029 726 1145 799 lesum
1174 741 1266 798 «ten

147 856 251 915 tentes
264 868 343 915 eum
366 841 460 937 (tii),
476 855 508 913 et
525 841 695 928 dicentes,
711 840 741 914 si
760 839 838 914 licet
857 839 985 915 homiui
1004 839 1177 914 dimittere
1194 866 1269 914 uxo·

146 983 217 1031 rem
236 983 333 1030 suam
351 981 565 1056 quacumque
582 983 622 1030 ex
639 953 797 1030 causale
819 955 1002 1056 Respondit
1021 955 1073 1029 eis
1092 955 1262 1031 Christus:

148 1074 249 1147 «Non
275 1071 427 1170 legistis,
456 1071 537 1172 quia
562 1073 621 1171 qui
649 1072 727 1146 lecit
748 1072 916 1145 bominem
938 1072 982 1144 ab
1003 1071 1120 1160 initio,
1141 1097 1269 1146 mascu-

144 1187 215 1262 lum
239 1206 272 1262 et
292 1188 473 1262 foeminam
496 1188 574 1262 lecit
599 1215 657 1262 eos
681 1205 715 1262 et
739 1188 842 1261 dixit:
872 1205 1008 1288 propter
1034 1188 1102 1261 boc
1126 1187 1267 1261 dimittet

144 1304 246 1378 homo
264 1320 392 1404 patrem
405 1321 439 1376 et
451 1321 609 1391 matrem,
626 1321 658 1376 et
670 1303 868 1378 adhaerebit
886 1303 981 1378 uxori
999 1329 1103 1390 suae,
1124 1319 1158 1376 et
1175 1319 1267 1377 erunt

144 1419 213 1493 duo
231 1419 266 1491 in
283 1444 480 1492 carneuna.
500 1420 616 1519 ltaque
634 1419 700 1492 iam
719 1446 785 1493 nou
804 1436 883 1493 suut
898 1419 986 1506 duo,
1008 1417 1070 1492 sed
1088 1445 1159 1492 una
1176 1444 1263 1493 caro.

145 1533 243 1621 Quod
260 1560 339 1632 ergo
356 1535 448 1608 Deus
466 1535 658 1623 coniunxit,
681 1534 784 1609 hemo
802 1561 869 1609 non
887 1549 1032 1635 separet.
1054 1534 1183 1608 Dicunt
1198 1533 1262 1619 illi,

145 1651 229 1751 quid
254 1676 334 1748 ergo
365 1652 500 1752 Moyses
523 1651 697 1724 mandavit
721 1651 802 1725 dum
826 1649 978 1724 libellum
1003 1649 1142 1750 repudii
1166 1666 1201 1724 et
1220 1649 1265 1722 di-

144 1764 304 1840 mittere?
315 1766 372 1839 Ait
388 1766 478 1840 illis:
500 1766 666 1854 Quoniam
688 1767 822 1868 Moyses
840 1766 884 1839 ad
903 1765 1062 1840 duritiam
1080 1765 1198 1841 cordis
1216 1790 1264 1838 ve·

145 1882 204 1956 stri
233 1882 387 1981 permisit
409 1881 506 1957 vobis
532 1882 701 1956 dimittere
718 1908 840 1956 uxores
865 1899 1013 1956 vestras:
1036 1881 1081 1955 ab
1099 1880 1265 1955 initio‘au

145 2015 211 2072 tem
247 2026 314 2073 non
349 1999 413 2072 luit
447 1999 547 2073 sic.»
584 1998 716 2086 Quibus
748 1999 862 2074 verbis
897 1999 1053 2072 Christus
1086 1997 1263 2072 declararit

144 2113 339 2211 coniugium
364 2114 400 2186 iu
418 2140 480 2187 sua
497 2114 706 2189 institutione
724 2114 831 2188 fuisse
848 2140 990 2215 prorsus
1008 2112 1258 2198 indissolubile,

144 2244 260 2328 utpote
283 2229 373 2330 quod
397 2229 587 2304 arctissimo
614 2257 703 2303 nexu
724 2231 884 2328 coniuges
910 2231 957 2303 ita
977 2229 1111 2317 uniret,
1132 2245 1171 2303 ut
1187 2254 1261 2303 non·

144 2343 211 2416 nisi
237 2339 496 2418 carnem'unam
516 2372 688 2446 unamque
706 2345 866 2420 moralem
892 2370 1073 2446 personam
1098 2345 1259 2430 efficeret,

145 2487 233 2561 quae
259 2463 409 2560 separari
435 2488 495 2534 seu
521 2462 633 2534 divelli
664 2490 684 2535 u
713 2490 753 2536 se
776 2462 915 2536 omnino
940 2462 1069 2561 nequit.
1105 2460 1261 2536 Dissolvit

143 2576 372 2676 exceptionem
390 2606 411 2651 a
429 2579 534 2652 llosis
550 2579 625 2677 lege
643 2580 799 2681 petitam,
821 2605 993 2679 exponens
1010 2578 1104 2652 illam
1124 2580 1259 2680 permis·

143 2694 274 2768 sionem
297 2693 400 2766 dandi
427 2694 577 2767 libellum
605 2696 756 2794 repudii,
786 2695 937 2795 adeoque
962 2694 1175 2768 dissociandi
1193 2720 1260 2769 cou-

144 2810 291 2908 iugium,
321 2811 492 2910 aliamque
517 2838 656 2885 uxorem
686 2811 832 2885 ducendi
854 2812 960 2885 luisse
985 2827 1256 2909 temporaneum,

143 2940 245 3026 atque
275 2926 490 2999 oeconomiae
521 2926 628 3023 gratia
653 2926 696 2998 ob
721 2927 840 2998 duram
868 2925 983 3024 populi
1009 2924 1159 2998 indolem
1188 2950 1257 2999 con·

144 3067 273 3115 cessam
288 3101 295 3129 ,
317 3070 405 3142 quae
423 3041 565 3143 proinde
582 3042 764 3116 auferenda
781 3059 872 3115 essct
889 3099 897 3128 ,
920 3057 956 3114 ut
972 3041 1166 3139 coningulis
1184 3039 1257 3115 unio

143 3157 185 3229 ad
212 3159 418 3258 primaevam
437 3158 588 3231 divinam
615 3158 857 3231 institutionem
884 3173 1108 3231 revocaretur.

217 3274 250 3343 2.
276 3273 374 3359 Quod
392 3274 421 3346 si
439 3275 486 3347 ita
499 3291 568 3360 ost,
590 3291 710 3372 suapte
724 3291 843 3347 natura
859 3273 1077 3373 consequitur
1091 3273 1255 3346 Christum

143 3387 399 3486 insequentibus
423 3390 552 3462 verbis:
586 3391 701 3463 «Dico
726 3407 836 3463 autem
859 3389 977 3475 vobis,
1001 3389 1085 3487 quia
1110 3391 1256 3490 quicum·

143 3528 210 3602 que
222 3502 389 3577 dimiserit
402 3531 540 3579 uxorem
554 3531 650 3579 suam
665 3565 673 3592 ,
689 3504 756 3578 nisi
770 3505 813 3578 ob
827 3505 1094 3593 fornicationem,
1117 3521 1153 3579 et
1164 3503 1256 3578 aliam

217 3708 267 3770 (et)
282 3711 402 3760 Memores
418 3709 480 3760 torte
496 3708 616 3774 pharisaei
632 3724 734 3773 eorum,-
752 3723 814 3774 quae
834 3709 948 3761 cbristus
965 3708 1063 3759 dixerat
1074 3710 1165 3760 Matth.
1183 3712 1212 3760 V.
1225 3714 1257 3769 tr,

141 3798 219 3849 eaque
239 3788 390 3839 conterentes
413 3803 469 3839 cum
489 3803 535 3850 eo,
555 3790 620 3854 quod
638 3794 733 3853 Moyses
743 3791 886 3854 penniserat
905 3788 1012 3852 iudaeis,
1029 3789 1163 3854 repudiare
1177 3798 1260 3839 uxore

139 3877 208 3928 suas,
230 3880 291 3929 quas
308 3867 389 3917 odisse
410 3869 561 3932 coepissent,
582 3870 639 3918 dato
660 3870 735 3919 libelli
754 3869 869 3932 repudio,
882 3869 1012 3932 sperabant
1023 3881 1049 3918 se
1060 3883 1090 3919 eo
1102 3872 1202 3919 acturos
1216 3870 1259 3917 Do

140 3948 236 3995 minum
247 3949 342 4010 lesum,
353 3950 381 3997 ut
392 3948 416 3996 in
432 3949 576 3997 alterutrum
588 3948 737 3999 dilemrnutis
757 3964 833 3998 cornu
846 3950 1003 4012 impimerot,
1014 3962 1104 4012 nempe
1115 3950 1156 3999 rel
1171 3951 1199 3999 ut
1216 3944 1257 3997 siti

139 4024 187 4088 ipsi
208 4026 400 4090 contradiceret,
421 4041 471 4090 quo
483 4028 555 4079 fidem
571 4043 613 4079 seu
638 4029 775 4079 doctrinam
796 4043 866 4079 soom
886 4041 915 4079 ac
935 4026 1038 4093 proinde
1056 4028 1262 4080 existimationem

141 4119 215 4170 penes
235 4107 353 4171 populum
374 4107 518 4170 delicerent,
531 4109 569 4158 vel
591 4109 669 4173 Moysi
689 4112 846 4172 repugnaret,
860 4108 927 4173 qnod
942 4109 1024 4158 scelus
1039 4108 1144 4172 inisset,
1160 4113 1186 4160 et
1198 4109 1257 4159 blat-

140 4187 252 4250 phemine
279 4202 355 4252 genus
375 4191 454 4240 morte
479 4189 606 4254 piandum.
632 4189 670 4238 ct.
694 4191 784 4241 Drnob.
809 4193 853 4240 Da
877 4189 983 4240 divorse
1006 4188 1075 4240 amn
1098 4189 1129 4240 lo
1153 4201 1261 4256 sym

140 4280 191 4330 que
208 4281 264 4333 pag.
281 4275 311 4321 82
327 4281 379 4335 seq.
396 4273 450 4323 Hoc
470 4270 552 4336 ipsum
566 4270 674 4322 insinuat
688 4283 709 4320 s.
727 4273 762 4322 to.
784 4271 973 4335 chrysostomus
991 4270 1060 4321 bom.
1079 4277 1122 4323 ct.
1138 4270 1202 4322 niis
1219 4276 1257 4322 ct·
