2796 5064
237 331 307 405 let
358 355 420 406 nm.
440 354 488 405 ru.
511 351 598 406 stur.
620 351 750 404 rurum.
772 351 812 401 nn
831 350 945 405 mores.
968 350 1064 406 aurs.
1080 351 1208 405 anum.

236 474 331 548 biea:
347 472 441 559 «Qui
468 470 625 570 repudiat
649 495 785 545 uxorem
809 495 907 544 suam
933 486 1064 568 praeter
1086 495 1227 545 causam
1251 470 1351 546 lerni-

236 589 406 676 cationis,
438 586 609 688 compellit
640 612 714 661 eam
744 586 788 660 ad
820 586 1077 685 smuieaodum,
1106 587 1229 687 etqui
1262 586 1352 662 ducit

238 705 464 805 repudiatam,
482 704 549 776 iam
565 703 745 802 [amicatus
762 716 845 775 est.»
857 701 921 774 Ubi
938 701 1076 777 eaedem
1093 701 1351 778 animadversio-

238 846 297 894 nes
323 819 432 893 locum
464 817 600 892 habent.
618 816 751 891 Clarius
768 815 882 892 adhue
905 817 1017 892 versio
1034 818 1169 916 persiae
1186 817 1224 891 id
1242 818 1351 919 ipsum

236 935 409 1034 exprimit:
423 934 663 1034 «Quicumque
688 950 780 1006 entra
804 960 937 1006 eausam
961 932 1119 1007 adulterii
1141 933 1242 1008 uxori
1271 960 1352 1009 suae

239 1049 415 1150 repudium
443 1050 630 1135 remiserit,
657 1075 732 1121 eam
755 1048 789 1120 in
815 1047 1017 1121 adulterium
1041 1047 1194 1148 impulit:
1222 1064 1258 1123 et
1280 1050 1352 1150 qui·

237 1190 382 1264 eumque
407 1165 583 1238 dimissam
608 1163 757 1251 duxerit,
785 1162 915 1237 adulter
938 1180 1026 1237 est.»

311 1282 378 1354 Nee
403 1280 516 1354 minus
543 1281 720 1380 perspicue
743 1280 896 1353 eamdem
921 1280 1015 1355 vocis
1038 1263 1216 1380 πορνείας
1245 1279 1350 1356 deter-

238 1396 456 1469 minationem
475 1394 639 1469 habemus
657 1421 698 1468 ex
714 1393 927 1469 versionibus
945 1410 1053 1468 textus
1071 1394 1189 1469 llatth.
1210 1395 1299 1469 xlx.
1314 1397 1346 1467 9.

237 1513 320 1584 Nam
340 1512 451 1586 versio
476 1512 609 1612 syriaea
634 1511 684 1584 sie
705 1509 809 1584 verba
825 1510 950 1584 Christi
972 1509 1138 1583 reddidit:
1158 1509 1350 1611 «Quisquis

237 1626 405 1699 dimiserit
417 1651 556 1701 uxorem
571 1653 666 1700 suam
674 1641 806 1726 praeter
817 1624 1030 1711 adulterium,
1042 1641 1076 1699 et
1086 1624 1222 1699 duxerit
1233 1625 1348 1714 aliam,

237 1741 450 1823 moechatur:
471 1741 599 1841 quique
615 1740 792 1815 dimissam
816 1740 964 1827 duxerit,
989 1739 1224 1815 moechatur.»
1240 1741 1349 1815 Versio

237 1857 387 1955 persica:
407 1855 646 1956 «Quicumque
662 1883 799 1930 uxorem
816 1882 934 1944 suam,
953 1856 1022 1929 nisi
1035 1857 1144 1954 stupri
1159 1881 1277 1944 eausa,
1300 1854 1350 1929 di-

236 1970 386 2059 miserit,
406 1988 440 2045 et
455 1971 638 2071 quamlibet
655 1972 757 2045 aliam
778 1972 925 2059 duxerit,
944 1971 1144 2045 adulterium
1164 1971 1347 2045 eommisit:

237 2103 270 2159 et
297 2087 356 2185 qui
385 2085 556 2159 mulierem
582 2086 790 2187 repudiatam
822 2087 973 2173 duxerit,
1004 2087 1038 2158 in
1069 2084 1236 2160 adulterio
1264 2101 1347 2160 est.»

237 2200 353 2273 Versio
373 2200 564 2301 aethiopica
584 2201 743 2302 «Siquis
766 2201 832 2274 luit
854 2202 913 2302 qui
939 2201 1069 2275 dimisit
1095 2225 1234 2274 umorem
1261 2226 1350 2275 auem

238 2315 301 2389 nisi
324 2331 459 2414 propter
482 2315 695 2402 adulterium,
724 2332 757 2391 et
773 2317 867 2390 duoit
883 2316 1040 2401 alteram,
1062 2315 1262 2391 moechatus
1281 2332 1346 2390 est:

235 2447 269 2503 et
293 2430 470 2504 dimissam
496 2432 556 2532 qui
582 2431 691 2520 ducit,
720 2431 939 2519 adulteravit;
958 2463 975 2502 n
996 2431 1055 2506 ubi
1080 2431 1271 2505 notandum
1303 2447 1350 2504 est

236 2544 388 2619 eamdem
413 2547 619 2634 versionem,
649 2573 736 2647 quae
767 2546 885 2621 llatth.
909 2548 947 2619 v.
975 2549 1032 2620 32.
1058 2563 1204 2620 verterat
1238 2572 1348 2622 vocem

237 2646 412 2759 πορνείαν
429 2687 489 2759 per
504 2663 766 2761 fornicationem,
788 2661 877 2736 hane
894 2664 1004 2762 ipsam
1021 2688 1137 2737 vocem
1160 2662 1348 2737 reddidisse

236 2800 297 2873 per
320 2775 520 2847 adulterium
541 2778 630 2871 (tl).

308 2890 358 2962 Ad
385 2891 469 2965 haee
494 2892 657 2966 accedunt
683 2892 780 2992 plura
805 2893 1008 2994 exemplaria
1033 2893 1194 2992 antiquae
1226 2894 1347 2968 versio·

236 3007 289 3078 nis
315 3005 438 3093 ltalae,
467 3033 555 3106 quae
580 3007 705 3106 pariter
729 3033 844 3081 vocem
871 3007 1028 3080 adulterii
1051 3007 1123 3080 voei
1146 3009 1348 3108 aequivocae

234 3121 460 3216 fornicatiouis
499 3121 719 3195 substituunt.
747 3123 802 3196 Sio
830 3149 895 3195 ms.
928 3122 1223 3196 Claramontanum
1258 3123 1348 3198 ellerl

235 3233 360 3307 Christi
377 3235 480 3308 verba
494 3236 611 3309 llatth.
622 3238 660 3308 V.
672 3239 729 3309 32.
744 3237 976 3337 «Quicumque
993 3236 1347 3338 dimiserit...exeeptu

236 3350 363 3423 ratione
393 3352 567 3437 adulterii,
604 3354 683 3426 lacit
712 3380 786 3427 eam
823 3354 1031 3427 moechari.»
1045 3353 1173 3428 Pariter
1203 3355 1241 3427 in
1273 3354 1344 3430 eod.

234 3464 428 3538 Corbeiensi
459 3468 492 3538 l.
515 3468 561 3540 ita
595 3467 732 3542 ellertur
761 3495 835 3568 cap.
863 3469 948 3540 xlx.
975 3495 1009 3543 v.
1040 3473 1073 3540 ll.
1099 3468 1348 3570 «Quicumque

234 3578 402 3654 dimiserit
418 3607 555 3655 uxorem
573 3608 682 3670 suam,
704 3600 843 3682 excepta
859 3609 960 3657 eausa
976 3583 1149 3667 adulterii,
1172 3582 1258 3658 lacit
1277 3608 1346 3658 eam

234 3694 442 3768 moechari.»
455 3697 510 3769 Sic
527 3697 628 3771 etiam
647 3699 681 3770 in
700 3698 967 3796 Cantabrigiensi
987 3698 1143 3796 leguntur
1168 3697 1257 3772 haee
1278 3723 1347 3772 ver·

233 3808 295 3881 ba:
309 3809 551 3913 «Quicumque
575 3813 741 3888 dimiserit
765 3841 904 3888 uxorem
930 3841 1045 3900 suam,
1066 3828 1208 3913 excepta
1225 3814 1345 3886 ratium

233 3924 407 4009 adulterii,
437 3944 469 3999 et
494 3928 627 4002 duxerit
651 3929 769 4015 aliam,
792 3930 987 4003 moechatur
1007 3932 1120 4025 (55).»

305 4148 355 4209 (54)
371 4149 410 4198 ct.
424 4149 554 4212 Polyglolt.
567 4153 677 4202 waltoni
691 4154 716 4201 ln
730 4153 769 4202 liis
780 4153 849 4203 loeis.

303 4229 353 4290 (55)
368 4229 406 4279 cl.
418 4228 484 4293 apud
501 4230 676 4295 Subuthierep.
687 4231 729 4282 eit.
739 4232 764 4282 ln
777 4233 837 4282 haee
849 4232 911 4282 loca
924 4233 971 4285 llio
982 4231 1031 4282 diei
1048 4232 1133 4295 nequit
1144 4245 1200 4283 esee
1210 4234 1340 4284 versionem

233 4318 262 4354 er
274 4307 396 4369 verrium,
408 4308 451 4360 sed
463 4308 565 4361 namur
576 4310 657 4361 verslo
668 4311 769 4375 astuque
780 4311 856 4362 latim
868 4311 973 4362 retorem
986 4312 1063 4376 ipsam
1076 4324 1162 4362 vocem
1173 4311 1310 4365 adultertr'.
