2796 5064
231 349 275 415 :ta
400 370 460 418 nu.
483 369 529 418 ιιι.
551 369 636 418 sacr.
658 370 681 417 ι.
704 371 742 419 nn
767 369 861 419 arra.
877 370 1000 420 esarsr.
1019 370 1163 420 carrara.

230 486 321 584 plum
345 486 632 584 patriarcharum,
655 489 729 586 ipse
746 488 904 587 opposuit
927 489 1038 562 verbis
1053 488 1221 565 Geneseos
1239 490 1338 565 verba

103 700 108 707 ι
229 599 569 699 Evangeliiddnotat
585 619 755 702 praeterea
770 603 858 676 idem
872 630 903 675 s.
913 603 1034 677 Doctor
1041 604 1240 703 Apostolum
1257 605 1342 681 bene

229 717 363 790 novisse
381 716 655 791 consuetudinem
675 718 786 816 plures
804 717 949 791 ducendi
968 743 1088 792 uxores
1106 718 1181 817 lege
1193 722 1341 798 mosaica

230 832 336 905 fuisse
360 831 531 932 probatam
549 851 583 907 st
599 833 863 933 patriarcharum
889 833 1041 932 exemplo
1061 833 1226 909 «Sciebat
1245 836 1343 935 (Apo

229 947 336 1020 stolus
349 952 376 1041 ),
394 947 522 1047 inquit,
545 949 611 1047 laps
629 975 829 1033 concessum,
847 964 880 1021 et
897 948 1050 1047 exemplo
1076 949 1341 1048 patriarcharum

229 1087 269 1133 ac
288 1052 395 1162 Moysi
418 1061 584 1136 familiare
610 1063 735 1162 populo
760 1079 898 1136 noverat
922 1063 956 1134 in
982 1061 1098 1135 multis
1123 1062 1287 1136 uxoribus
1304 1062 1343 1134 li·

230 1176 327 1251 beros
346 1204 520 1277 spargere:
543 1179 630 1278 ipsis
648 1205 784 1279 quoquc
801 1178 1033 1252 sacerdotibus
1058 1178 1162 1251 buius
1189 1177 1343 1251 licentiae

229 1290 363 1390 patebat
384 1291 559 1366 arbitrium
576 1295 648 1388 (91)
659 1324 690 1364 ,ιι
704 1292 880 1379 Quomodo
897 1318 975 1368 vero
992 1292 1078 1366 baec
1094 1293 1252 1392 componi
1271 1317 1345 1391 pos

229 1407 299 1479 sint
315 1433 391 1481 cum
409 1408 471 1495 iis,
492 1434 579 1508 quae
604 1409 696 1481 iuxta
718 1408 920 1481 contrariam
942 1408 1142 1482 sententiam
1158 1407 1241 1481 alibi
1261 1408 1344 1483 scri-

229 1520 307 1603 bere
332 1522 426 1596 risus
452 1539 518 1608 est,
548 1548 623 1596 mox
650 1522 852 1596 videbimus.

303 1639 456 1725 Interim,
472 1638 635 1712 utstatim
650 1637 811 1711 nonnulla
825 1638 892 1711 alia
905 1655 1052 1712 veterum
1068 1638 1261 1711 testimonia
1279 1637 1343 1711 bac

228 1755 272 1827 dc
297 1780 333 1826 re
358 1753 559 1839 allsramus,
592 1777 629 1824 se
658 1775 696 1825 so
720 1751 819 1825 offert
849 1753 1097 1839 Theodoretue,
1125 1753 1186 1853 qui
1217 1753 1344 1826 diserte

230 1869 376 1943 alfirmat
401 1866 494 1941 nulla
517 1866 590 1965 lege
615 1867 688 1941 sive
712 1868 856 1941 naturali
875 1867 947 1941 sive
964 1869 1090 1966 scripta
1116 1867 1342 1967 polygamiam

230 1985 415 2084 antiquitus
440 1985 574 2057 vetitam
599 1983 724 2056 luisse:
746 1982 915 2079 «Rogavit
934 1983 1076 2078 (Sara),
1093 1982 1221 2081 inquit,
1241 2009 1285 2057 ea
1301 1982 1343 2055 de

230 2125 333 2173 causa
363 2097 548 2183 Abrabam,
577 2114 615 2171 ut
646 2123 723 2171 cum
749 2097 838 2195 Agar
865 2098 1145 2196 congrederetur,
1173 2123 1242 2197 quo
1268 2097 1343 2196 ipsa

230 2212 353 2287 liberos
380 2213 459 2285 inde
481 2212 683 2312 susciperet,
704 2212 786 2313 quid
806 2213 958 2312 peccauit
973 2210 1169 2286 Abrabam?
1185 2213 1341 2298 blaxime,

231 2356 303 2401 eum
322 2355 422 2427 neque
447 2343 585 2413 acturo,
606 2356 705 2428 oeque
732 2329 786 2400 leo
810 2329 881 2401 ullo
907 2344 974 2400 tum
997 2330 1121 2427 scripto
1146 2327 1260 2428 plures
1285 2328 1345 2401 du·

230 2471 305 2519 cere
329 2470 450 2518 uxores
463 2512 465 2517 .
477 2443 669 2543 prohiberet
686 2447 800 2540 (92).»

304 2562 371 2634 Nec
387 2560 501 2634 minus
519 2558 703 2633 luculenter
715 2587 789 2633 cam
803 2561 989 2634 doctrinam
1002 2588 1032 2634 s.
1045 2559 1251 2657 Augustinus
1264 2587 1341 2660 pro

232 2679 342 2750 lessus
368 2691 430 2749 est.
452 2675 575 2749 Scribit
599 2676 708 2748 enim:
733 2674 992 2749 «Sufficiendao
1017 2675 1120 2776 prolis
1148 2701 1250 2748 causa
1274 2692 1345 2748 orat

232 2819 371 2867 uxorum
394 2790 539 2891 plurium
568 2789 668 2864 simul
694 2791 849 2865 univiro
875 2790 1105 2863 habendarum
1132 2791 1344 2888 inculpabilis

231 2907 423 2982 emmuctudo
439 2910 553 3004 (93).»
569 2908 674 3004 Negat
685 2923 718 2979 et
737 2906 810 3006 ipse
827 2931 904 2979 cum
922 2905 1127 2979 Theodoreto
1144 2905 1249 2978 ullam
1267 2921 1344 2978 tunc

232 3025 391 3125 temporis
416 3024 523 3123 legem
550 3023 721 3110 extitisse,
749 3050 819 3122 qua
841 3040 1008 3096 vetaretur
1032 3020 1245 3122 polygamiae:
1269 3022 1345 3094 «Eo

231 3160 398 3240 tempore,
420 3140 555 3239 quando
573 3139 847 3239 multiplicandas
864 3139 1070 3237 posteritatis
1090 3163 1213 3212 caussa
1231 3136 1344 3237 plures

233 3282 352 3329 uxores
371 3255 425 3327 lec
441 3254 536 3327 nullo
560 3253 761 3353 prohibebat
781 3257 853 3350 (llll
864 3287 895 3325 .»
912 3233 1055 3327 llcmum
1080 3252 1228 3327 ostendit
1246 3251 1346 3327 lacob

234 3372 267 3442 in
293 3368 457 3443 ducendis
492 3367 645 3467 pluribus
677 3369 836 3442 uxoribus
867 3369 1132 3469 haudquaquam
1156 3392 1342 3466 peccasse,

233 3511 272 3559 co
298 3484 372 3584 ipso
397 3481 487 3582 quod
514 3482 607 3556 nulla
629 3483 844 3583 impediretur
861 3485 934 3582 legs
952 3485 1024 3557 sive
1043 3481 1185 3557 naturali
1203 3483 1277 3556 siro
1293 3480 1345 3552 di-

233 3601 312 3672 rina
337 3597 498 3699 positiva:
527 3597 658 3671 «Iacob
683 3599 772 3697 quod
803 3625 861 3696 pro
887 3599 1013 3695 ingenti
1038 3598 1177 3671 crimina
1201 3613 1346 3694 quatuor

233 3714 437 3787 obiiciantur
449 3737 582 3798 uxores,
594 3711 740 3809 generali
756 3712 1003 3810 praelocutione
1020 3726 1191 3810 purgatur.
1202 3708 1345 3795 Quando

233 3830 322 3902 enim
348 3854 421 3901 mos
447 3844 535 3913 erat,
557 3827 681 3900 crimen
701 3853 767 3901 non
785 3826 984 3901 erar...Alia
1003 3827 1092 3899 enim
1111 3840 1190 3898 sunt
1208 3840 1345 3922 peccata

306 4087 355 4144 (st)
371 4083 447 4146 Epist.
459 4085 543 4133 Lxlx.
556 4082 592 4133 od
606 4087 750 4144 oceanum,
762 4096 786 4132 n.
798 4091 820 4132 5.
833 4084 881 4132 col.
894 4086 947 4132 ΙΙΙ.

307 4163 356 4223 (ut)
371 4164 470 4220 Quaest.
484 4164 580 4211 nxvn.
595 4161 619 4211 ln
632 4163 719 4212 Genus.

306 4245 355 4303 (aa)
373 4244 409 4292 De
419 4240 531 4292 dcetrtrr.
542 4242 633 4292 christ.
647 4241 689 4292 lib.
701 4242 743 4291 ΙΙΙ,
756 4254 811 4305 cap.
823 4243 878 4292 xll.
888 4254 914 4291 n.
927 4249 965 4292 ao.

306 4322 355 4383 (sl)
372 4325 407 4372 De
420 4325 471 4371 cto.
486 4324 544 4381 Μ,
557 4321 599 4372 lib.
612 4324 674 4372 ΙΙΙἸ.
685 4335 739 4385 rap.
751 4325 883 4373 ΧΙΙΧΙΙΙΙΙ.
895 4336 920 4372 n.
931 4331 953 4373 t.
