2796 5064
142 347 211 416 tta
288 368 348 419 ιιι.
363 365 411 417 ιιι.
429 363 515 416 sacr.
533 350 663 415 aarum.
680 364 721 415 on
738 364 851 417 rnarss.
868 366 964 416 ιιιιιι.
981 362 1106 417 annm.

216 484 438 584 Praecipuum
457 482 684 556 testimonium
703 482 756 556 cui
777 481 812 554 hi
830 508 946 558 omnes
964 483 1157 557 innituntur
1178 482 1255 556 illud

140 619 202 691 est,
216 600 308 704 quad
326 597 472 674 occurrit
490 596 613 671 lihlV.
625 595 731 699 contr.
750 599 910 673 Marcion.
927 625 1003 700 cap.
1018 599 1164 672 XXXIV.
1179 598 1258 673 Cum

139 720 231 795 enim
245 718 393 791 Marcion
411 714 624 790 contenderet
641 714 796 789 eumdem
815 740 881 788 non
898 740 973 791 esse
987 715 1112 790 veteris
1129 741 1170 790 ac
1187 715 1257 790 novi

141 833 340 910 Testamenti
355 847 541 916 auctorem,
559 830 647 903 inter
661 846 770 903 cetera
789 846 987 928 argumenta
1003 832 1048 905 ad
1063 857 1167 906 suum
1180 857 1260 915 com·

140 966 289 1024 mentum
304 945 526 1020 evincendum
540 945 680 1041 urgebat
693 944 774 1018 hina
784 945 923 1046 quidem
941 947 1195 1021 concessionem
1215 973 1259 1020 re

140 1063 234 1167 pudii
251 1089 310 1164 per
321 1062 468 1161 Moysem
481 1059 616 1161 laetam,
627 1058 705 1133 inde
716 1084 796 1133 vero
809 1058 959 1133 eiusdem
973 1060 1195 1134 abolitionem
1208 1087 1260 1162 per

141 1179 323 1253 Christum.
340 1175 448 1248 Allato
460 1173 629 1277 siquidem
648 1189 737 1247 testu
757 1175 938 1249 Deuteron.
958 1176 1073 1249 XXIV.
1095 1192 1129 1250 et
1141 1176 1257 1250 Christi

142 1298 222 1370 Luc.
237 1294 321 1366 Xlll.
339 1290 560 1366 concludebat
577 1313 681 1363 ovans
694 1317 702 1362 :
714 1320 732 1359 ιι
744 1289 844 1364 Vides
860 1289 1094 1364 diversitatem
1113 1292 1211 1390 Legis
1233 1307 1259 1362 et

57 1410 59 1415 ’
139 1409 332 1509 Evangelii,
360 1408 485 1508 Moysis
505 1423 537 1480 et
556 1404 729 1480 Christilu
746 1405 808 1479 Cui
827 1407 999 1506 respondit
1016 1407 1256 1482 Tertullianus:

142 1527 286 1600 «Plane.
308 1527 380 1598 Non
398 1523 488 1597 enim
507 1521 661 1620 recepisti
681 1520 766 1595 illud
788 1549 925 1631 quoque
938 1522 1161 1622 Evangelium
1179 1524 1257 1598 eius

141 1644 218 1716 dem
235 1639 404 1725 veritatis,
425 1652 459 1713 et
474 1635 626 1711 eiusdem
644 1635 788 1724 Christi,
811 1637 847 1710 in
864 1665 933 1738 quo
950 1638 1136 1740 prohiheus
1156 1639 1257 1712 divor·

143 1757 246 1845 tium,
270 1754 440 1856 propriam
458 1751 688 1853 quaestionem
709 1752 782 1826 eius
803 1751 968 1828 absolvit:
988 1753 1121 1854 Moyses
1133 1769 1259 1854 propter

143 1871 302 1944 duritiam
314 1868 551 1951 cordisvestri,
563 1869 731 1966 praecepit
744 1866 890 1940 libellum
902 1867 1037 1967 repudii
1047 1868 1151 1955 dora,·
1166 1895 1189 1943 a
1196 1870 1256 1968 pri·

143 1986 267 2059 mordio
285 2001 393 2058 autem
408 2010 474 2055 uua
490 1983 557 2082 suit
571 1984 638 2068 sia,
662 1983 742 2081 quia
759 1983 885 2056 scilieet
897 1986 957 2082 qui
970 2009 1097 2058 marem
1109 2000 1141 2058 et
1153 1985 1258 2085 [ocati

141 2128 220 2174 rrum
244 2100 382 2199 secerot,
410 2111 504 2170 eruat
528 2095 612 2182 duo,
634 2096 779 2182 dixerat,
800 2099 949 2171 iocerne
966 2125 1054 2184 uau;
1075 2098 1165 2198 quod
1180 2101 1257 2172 Dm

141 2216 251 2312 itaque
263 2215 389 2296 tonuit,
407 2211 497 2283 homo
510 2210 736 2284 disiuareerit?
747 2212 819 2285 Hoc
832 2213 922 2285 enim
938 2237 1102 2312 responso
1114 2231 1149 2288 et
1162 2211 1256 2314 Moysi

142 2327 412 2403 constitutionem
436 2327 597 2428 protexit,
618 2344 654 2400 ut
680 2327 751 2414 sui,
773 2344 806 2401 et
825 2327 992 2403 Creatoris
1022 2316 1256 2404 institutionem

143 2444 264 2518 direxit
277 2502 284 2530 ,
301 2460 337 2516 ut
350 2442 502 2517 Christus
519 2442 641 2541 ipsius.
659 2441 725 2515 Sed
738 2459 903 2544 quatenus
916 2472 957 2516 en
970 2444 1025 2519 his
1043 2445 1257 2519 revincendus

142 2586 199 2648 es,
220 2586 308 2659 quae
331 2560 506 2658 recepisti,
524 2561 573 2633 sic
594 2559 654 2631 tibi
678 2585 872 2648 occurram,
889 2586 929 2634 ac
942 2560 969 2635 si
984 2587 1082 2635 meus
1096 2561 1254 2634 Christus.

143 2679 261 2751 Nonne
274 2694 307 2752 et
320 2677 392 2777 ipse
406 2673 590 2775 prohibens
603 2675 799 2763 divortium,
816 2692 849 2750 et
863 2695 989 2777 patrem
1005 2694 1118 2752 tamen
1133 2694 1257 2776 gestans

141 2819 236 2880 eum,
260 2792 320 2892 qui
342 2818 467 2864 marem
490 2809 523 2864 et
547 2790 728 2864 foeminam
750 2792 875 2879 iunxit,
899 2793 1113 2867 excusaverit
1140 2792 1253 2892 potius,

139 2934 240 3008 quam
255 2908 453 2982 destruxerit
462 2907 569 3006 Moysi
584 2906 948 2981 constitutionemlhed
962 2934 1041 2982 ecce
1054 2924 1135 2983 tuus
1148 2909 1192 2984 sit
1205 2907 1256 2980 iste

140 3023 294 3100 Christus
308 3023 512 3097 contrarium
530 3020 655 3096 docens
669 3024 775 3123 Moysi
789 3039 822 3096 et
835 3024 1001 3113 Creatori,
1017 3041 1055 3097 ut
1067 3025 1099 3098 si
1114 3051 1181 3099 non
1194 3050 1256 3098 coa

140 3138 278 3211 trarium
292 3138 484 3223 ostendere,
503 3161 598 3211 meus
614 3138 669 3211 sit.
686 3139 770 3211 Dico
784 3140 873 3211 enim
892 3140 987 3212 illum
1004 3140 1256 3213 conditionaliter

142 3280 232 3326 nuno
257 3253 376 3327 lcaisse
402 3253 536 3326 divortii
564 3253 847 3354 prohibitionem,
869 3255 898 3329 si
917 3257 994 3330 ideo
1016 3256 1097 3356 quis
1123 3256 1256 3330 dimittat

141 3394 296 3453 uxorem,
318 3384 356 3440 ut
374 3369 474 3440 aliam
497 3368 616 3442 ducat:
639 3371 698 3467 qui
716 3369 897 3456 dimiserit,
919 3371 1047 3471 inquit,
1067 3381 1256 3457 uxoremst

142 3483 245 3555 aliam
262 3481 416 3567 duxerit,
433 3483 632 3556 adulterium
650 3488 835 3571 committit,
853 3503 883 3558 et
901 3489 961 3585 qui
975 3515 997 3559 a
1013 3491 1136 3560 marito
1154 3488 1256 3561 dimit·

140 3625 213 3670 som
230 3597 374 3682 duxerit,
392 3597 590 3670 adulterium
604 3602 783 3685 commisit,
805 3616 835 3672 et
852 3603 912 3698 qui
927 3629 948 3674 a
964 3605 1086 3675 marito
1099 3602 1256 3676 diorum

143 3710 297 3796 duruerit,
324 3740 423 3810 aeque
449 3713 579 3785 adulter
603 3729 668 3800 eat;
691 3741 731 3787 ex
753 3715 871 3788 eadem
896 3717 1013 3816 utique
1039 3742 1173 3806 causa,
1200 3739 1256 3818 qua

142 3853 209 3900 non
222 3827 299 3901 licet
312 3828 454 3915 dimitti,
471 3846 507 3901 ut
520 3828 588 3901 alia
604 3829 765 3902 ducatur:
783 3830 900 3904 illicite
912 3831 1002 3905 enim
1015 3832 1195 3908 dimissam
1207 3852 1256 3933 pro

141 3942 318 4017 indimissa
339 3943 487 4029 ducens,
509 3943 641 4018 adulter
658 3962 722 4018 est.
752 3947 862 4020 Manet
878 3947 968 4019 euim
990 3948 1251 4028 matrimonium,

143 4161 183 4213 ed.
198 4164 298 4227 Neapol.
315 4169 382 4214 1742.
397 4166 456 4215 torn.
468 4167 501 4214 ll.
512 4179 567 4229 pag.
580 4170 626 4216 779
640 4181 692 4230 seq.
707 4168 800 4218 Deinde
817 4181 875 4218 vero
887 4170 969 4219 Brauu
980 4182 1022 4232 op.
1033 4169 1077 4220 eit.
1089 4169 1210 4221 solutioni
1216 4164 1251 4218 td·

144 4245 193 4292 an
215 4243 297 4294 farere
311 4245 490 4295 Tertullianum
510 4250 611 4296 censent
624 4261 652 4296 er
670 4248 845 4297 recentioribus
857 4249 1001 4312 Burnquell;
1015 4251 1105 4300 Fratre.
1119 4254 1173 4301 tut.
1185 4251 1248 4311 llam

145 4321 321 4372 werltmrlster
332 4327 360 4373 ut
375 4324 437 4373 alios
454 4329 611 4388 praeturam.
