2796 5064
141 376 210 451 llo
297 397 359 448 ιιι.
376 396 424 449 ιιι.
440 394 673 449 summram.
689 391 857 447 ramnus
874 386 971 443 ιιιι.
988 385 1129 441 canor.-

140 517 354 593 Clnromatins
379 513 444 589 sub
467 514 569 588 linem
599 511 705 586 baina
727 523 887 586 uectatus
911 531 1015 609 posse
1037 506 1133 582 droa
1156 503 1246 578 adul·

138 650 240 721 taras,
262 656 352 731 quae
369 628 471 703 fidam
488 626 698 725 coniugalem
714 624 894 712 violarunt,
914 619 1103 722 depellere,
1125 645 1192 694 non
1207 635 1248 692 ta·

137 774 215 822 men
232 745 375 834 adiecit,
396 741 465 819 illis
481 742 657 830 dimissis,
678 766 801 815 novum
818 764 920 840 posse
937 737 1026 811 inire
1042 735 1246 834 coniugium.

136 863 209 939 lloc
232 887 332 962 porro
348 885 488 935 necesse
505 860 609 948 leret,
629 874 666 932 ut
681 854 951 932 &remedorum
967 851 1161 929 senoeutiae
1179 875 1249 948 eom

138 975 339 1079 adstipulari
365 975 567 1051 diceremus.

627 1142 664 1243 ὃ.
692 1140 763 1214 xx.

576 1291 818 1356 maurusam.

211 1425 371 1503 Doctrina
395 1423 593 1526 Hieronymi
618 1421 703 1498 adeo
726 1436 844 1523 aperta
859 1436 929 1509 est,
948 1435 989 1494 ut
1003 1418 1131 1496 animm
1154 1416 1254 1494 videri

139 1543 251 1644 possit
264 1540 501 1617 'Chemnitium
525 1537 682 1638 aliosque
705 1562 810 1613 ausos
834 1560 911 1613 csse
936 1561 1013 1610 eum
1040 1533 1133 1610 inter
1156 1532 1258 1608 divor

141 1657 178 1732 tii
204 1671 361 1757 patronos
387 1679 574 1729 recensere.

212 1769 436 1846 Occasionem
465 1766 502 1840 bi
528 1765 617 1842 nacti
650 1781 729 1840 sunt
752 1793 794 1842 ex
819 1766 880 1854 iis,
912 1789 1001 1866 quaa
1025 1789 1057 1839 s.
1077 1760 1258 1839 Doctcrin

140 1884 284 1985 epistole
307 1882 352 1959 ad
377 1881 550 1959 Oceanum
568 1880 693 1956 adiecit
708 1878 913 1957 exaenueudi
938 1903 1043 1955 causa
1065 1878 1260 1977 gmritateu

141 1999 275 2099 calpae,
290 2024 393 2100 quam
400 1996 539 2072 Fabiola
551 1995 762 2098 repudiando
775 1994 961 2070 adulterum
975 1992 1261 2092 maritumaeque

142 2111 304 2188 comalio
321 2112 504 2210 iungendo,
524 2112 720 2187 admiserat.
736 2111 798 2187 Ast
809 2135 1003 2212 perperam3
1020 2110 1070 2183 ita
1081 2108 1178 2183 anim
1196 2131 1263 2207 pro

142 2227 297 2327 sequitur
320 2252 350 2300 s.
371 2226 617 2328 Hieronymus:
634 2227 769 2326 «igitur
793 2242 826 2302 et
847 2224 1001 2314 Fabiola,
1022 2224 1108 2325 qnia
1126 2248 1263 2324 persna-

144 2355 235 2416 serat
269 2340 358 2430 aibi,
386 2356 421 2415 et
449 2341 591 2441 putabat
614 2368 636 2416 e
659 2368 699 2418 sa
724 2343 836 2418 uirum
867 2342 941 2415 iure
968 2339 1183 2427 dimissum
1211 2362 1264 2410 asc

143 2455 323 2554 Fccnqelii
345 2455 490 2553 ciperem
512 2472 665 2544 noceret,
694 2460 731 2530 io
755 2482 818 2555 qao
843 2453 990 2530 nubendi
1011 2455 1175 2528 enicem
1191 2478 1264 2526 coo·

142 2571 249 2656 actio,
277 2571 462 2644 viventibus
490 2573 591 2656 ciria,
625 2573 775 2673 foeminis
807 2585 1018 2670 amputator,
1048 2568 1134 2642 dum
1167 2566 1265 2642 multa

144 2684 272 2759 diaboli
297 2685 381 2760 vitat
403 2685 564 2774 vulnera,
593 2713 698 2761 unum
724 2688 857 2762 incauta
881 2686 1006 2760 vulnus
1031 2685 1183 2786 accepit.
1204 2680 1263 2756 Sed

144 2799 228 2900 quid
254 2825 316 2897 ego
333 2800 369 2873 in
387 2799 524 2875 abolitis
540 2815 573 2874 et
590 2802 738 2901 antiquis
756 2828 889 2889 moror,
909 2825 1082 2902 quaerens
1105 2821 1264 2875 excunte

145 2914 299 3015 culpem,
320 2915 417 2989 cuius
442 2917 680 3016 poenitentiam
698 2917 774 3017 ipsa
791 2917 949 2992 consessa
966 2913 1067 2990 esti»
1079 2915 1199 2990 llelert
1213 2913 1266 2988 de-

146 3028 227 3103 inde
250 3030 406 3107 acerbam
428 3056 469 3106 ac
494 3031 665 3130 publicam
695 3031 852 3106 Fabiolae
884 3031 1133 3131 poenitentiam
1154 3031 1263 3126 (tot).

220 3145 287 3217 Nec
313 3145 427 3218 minus
452 3146 631 3246 perspicua
656 3163 750 3234 sunt,
781 3173 869 3247 quae
895 3145 1014 3220 scribit
1040 3145 1078 3217 in
1104 3145 1209 3246 epist.
1230 3139 1265 3216 ad

147 3256 337 3330 Amandum
355 3258 609 3358 presbyterum:
626 3260 766 3360 «Reperi
787 3261 935 3334 iunctam
950 3258 1124 3359 epistolae
1138 3274 1266 3333 etccm

147 3370 344 3444 montariolo
362 3387 420 3445 tuo
435 3372 571 3446 brevem
589 3374 796 3462 chartulam,
819 3375 853 3446 in
872 3399 941 3474 qua
957 3372 1045 3446 haec
1063 3373 1177 3448 indita
1195 3373 1267 3446 lere

149 3482 287 3556 bantur:
309 3483 542 3572 Quaerendum
563 3487 681 3575 abeo,
710 3488 744 3559 id
771 3501 822 3561 est
847 3513 868 3561 a
893 3513 964 3574 ma,
993 3502 1112 3560 utrum
1137 3486 1263 3571 mulier,

149 3591 263 3667 relicto
281 3595 352 3670 viro
370 3597 542 3686 adultero,
563 3615 596 3674 et
612 3601 797 3688 sodomita,
818 3617 853 3675 et
869 3600 936 3674 alio
953 3599 1105 3700 pervim
1119 3615 1265 3701 eccepto,

149 3708 258 3808 possit
284 3709 412 3810 absque
438 3712 642 3810 poenitentia
666 3716 912 3790 communicare
930 3714 1119 3805 ecclesiae,
1145 3717 1270 3792 vivens

149 3820 263 3896 adhuc
287 3850 347 3913 eo,
374 3852 475 3926 quem
501 3829 595 3928 prius
622 3829 1053 3930 reliqueret....llesponde
1078 3831 1199 3932 itaqua
1222 3853 1267 3903 so

151 3938 238 4026 rori,
267 3965 355 4038 qaae
372 3968 393 4014 a
412 3940 509 4016 nobis
527 3971 629 4044 super
646 3971 709 4019 suo
726 3961 816 4019 stetu
833 3946 989 4047 quaerit,
1011 3971 1083 4021 non
1101 3963 1264 4029 nostram.

152 4052 213 4125 sed
239 4053 389 4153 Apostoli
414 4059 633 4134 sententiam:
654 4061 703 4132 Aa
727 4063 888 4159 iquorotir
914 4061 1204 4163 fratres....1t'ryc
1225 4059 1269 4132 cl·

152 4181 243 4238 cente
266 4169 359 4254 ciro,
384 4169 534 4246 adultera
553 4176 635 4259 erit,
660 4177 694 4246 si
716 4174 850 4249 duxerit
870 4176 1014 4249 aloem
1035 4179 1173 4265 ciram,
1193 4173 1266 4252 etin

224 4318 292 4383 (ιιι)
306 4319 351 4373 se.
362 4322 467 4375 usam.
480 4326 544 4390 opp.
555 4325 616 4378 em.
628 4326 647 4377 ι.
659 4325 731 4391 acet.
744 4329 864 4382 uxxvn
875 4341 902 4380 n.
912 4334 936 4382 a.
945 4332 970 4382 s.
983 4329 1105 4384 ωιιιε.
