2796 5064
142 342 213 415 2tt
299 362 421 415 narn.
438 361 526 414 secr.
544 361 674 414 numni.
691 361 732 414 nr
749 360 862 415 unus.
879 361 976 415 nnn.
992 361 1119 417 entur.

213 482 323 582 Atque
338 497 378 556 ut
394 479 438 555 eb
458 482 502 555 iis
521 480 745 567 testimoniis,
764 506 854 581 quae
869 479 963 557 clara
984 499 1087 572 sunt,
1107 481 1253 557 exordia·

141 626 235 689 mur,
256 625 297 673 ea
317 598 416 673 nobis
434 615 620 698 suppetunt
639 614 710 671 tum
726 624 767 672 ex
784 597 919 674 duobus
938 598 1037 674 libris
1049 599 1102 675 abl
1113 625 1253 687 wem,

140 734 211 791 tum
235 743 277 789 ex
302 714 389 788 libro
413 716 462 786 Dc
482 716 646 813 potientio
670 730 704 787 et
726 741 767 787 ex
792 714 878 787 libro
903 715 953 788 De
977 718 1199 816 monoperae

127 894 129 899 Α
214 831 252 903 ln
271 829 357 903 libro
375 831 402 901 l.
417 828 467 901 Ad
486 855 624 902 uxorem
646 855 722 928 cap.
743 831 780 902 V.
802 830 937 903 scribit:
954 829 1070 903 «Cum
1093 830 1179 931 quid
1200 831 1257 904 dil·

142 945 230 1021 ficile
247 946 399 1032 ridetur,
415 944 609 1018 difficiliora
622 944 708 1018 alios
728 944 891 1019 obeuntes
905 972 1159 1021 recenseamus.
1176 947 1258 1035 Quot

139 1063 231 1137 enim
256 1074 353 1147 sunt,
382 1060 442 1159 qui
462 1060 576 1133 statim
594 1086 615 1133 a
633 1059 767 1134 lavaero
784 1086 920 1134 carnem
937 1087 1034 1135 suam
1051 1061 1257 1161 obsignant?

141 1178 230 1265 Quot
247 1177 325 1250 item
341 1235 348 1262 ‚
366 1176 425 1276 qui
444 1202 614 1251 consensu
632 1176 707 1275 pari
724 1177 812 1250 inter
827 1203 867 1251 se
882 1177 1090 1252 matrimonii
1113 1178 1256 1252 debitum

141 1290 290 1367 tollunt?
307 1290 492 1365 voluntarii
506 1289 674 1391 spadones
694 1316 755 1390 pro
773 1290 957 1390 cupiditate
971 1292 1068 1389 regni
1090 1291 1254 1367 coelestis.

141 1408 241 1495 Quod
268 1407 299 1482 si
326 1406 421 1482 salvo
448 1406 663 1480 matrimonio
693 1405 900 1481 abstinentia
933 1406 1113 1496 toleratur,
1146 1421 1257 1506 quanto

140 1525 248 1624 osopio
272 1520 448 1621 adempto?
465 1520 572 1595 Credo
593 1521 683 1595 enim
704 1519 881 1597 difficilius
903 1521 1035 1598 salvum
1052 1520 1254 1622 derelinqui,

141 1664 244 1741 quam
257 1637 423 1712 amissum
438 1662 506 1710 non
519 1637 706 1713 desiderari
724 1639 799 1735 (tl)
809 1668 841 1710 ,υ
853 1637 926 1712 Lib.
941 1662 1022 1714 vero
1035 1639 1081 1712 ll.
1100 1637 1152 1712 Ad
1167 1664 1253 1713 uxor.

140 1781 216 1856 cap.
247 1755 275 1827 1.
295 1753 477 1827 «Proxime
508 1752 592 1840 tibi,
626 1753 759 1854 inquit,
795 1754 1020 1841 dilectissima
1051 1753 1089 1826 in
1121 1754 1254 1828 Domino

141 1895 326 1956 conserva,
354 1867 436 1968 quid
464 1868 629 1942 foeminae
646 1883 805 1956 senene,
825 1868 1040 1943 matrimonio
1061 1892 1254 1968 poscuntque

140 2000 226 2060 sorte
244 1983 411 2084 adempto,
433 1983 631 2058 sectandum
649 1983 714 2071 sit,
734 2000 772 2057 ut
787 1985 898 2085 potui,
918 1998 1151 2085 prosequutus
1172 2009 1249 2058 snm.

142 2103 238 2174 Nunc
256 2099 299 2173 ad
318 2097 469 2172 secunda
486 2098 629 2174 consilia
645 2118 899 2188 convertamur,
921 2116 1078 2200 respectu
1095 2099 1251 2175 humanae

141 2213 369 2300 infirmitatis,
406 2213 628 2311 quarumdam
663 2213 827 2315 exemplis
858 2213 1145 2301 admonentibus,
1177 2239 1251 2314 quse

141 2331 305 2412 diverso,
344 2327 396 2401 ool
431 2330 546 2401 meriti
576 2355 728 2414 socom,
761 2328 874 2403 oblata
904 2328 1133 2404 continentiae
1167 2353 1249 2403 ocos

142 2445 255 2532 sione,
291 2469 357 2518 non
388 2444 489 2518 modo
513 2442 709 2519 abiecerunt
733 2445 1016 2545 opportunitatem
1042 2444 1129 2518 tanti
1155 2443 1247 2525 boni,

142 2561 203 2636 sed
230 2587 273 2635 ne
296 2560 333 2633 in
359 2558 516 2634 nubendo
542 2560 680 2660 quidem
706 2559 909 2659 disciplinae
934 2559 1135 2634 meminisse
1155 2557 1250 2635 velue

141 2692 237 2764 runt,
265 2691 304 2751 ut
328 2676 364 2748 in
389 2675 533 2750 Domino
552 2675 767 2774 potissimum
788 2675 951 2749 nuberent
971 2677 1089 2770 (35).n

214 2793 251 2865 ln
278 2790 365 2865 libro
389 2791 439 2865 De
458 2790 619 2892 patientia
636 2816 712 2890 cap.
732 2790 807 2863 llll.
830 2789 966 2864 scribit:
981 2819 998 2858 o
1011 2788 1055 2862 At
1070 2789 1163 2863 enim
1185 2808 1247 2861 ouu

143 2935 277 2983 omnem
304 2907 454 3007 speeiem
479 2906 640 2981 salutaris
664 2905 867 3006 disciplinae
891 2903 1076 3003 gubernet,
1097 2902 1181 3005 quid
1204 2900 1248 2975 mi·

145 3052 219 3098 rum
237 3023 449 3125 quodetiam
469 3023 692 3122 poenitentiae
708 3021 896 3108 ministrat,
917 3018 1036 3094 solitae
1053 3018 1165 3120 lapsis
1187 3014 1248 3092 sub

145 3138 286 3215 uenire?
303 3139 387 3214 Cum
413 3139 582 3213 disiuncto
608 3136 841 3224 matrimonio,
869 3162 910 3209 ex
935 3161 975 3209 ea
999 3149 1114 3209 tamen
1139 3158 1245 3212 eausa.

142 3264 210 3357 qua
237 3256 315 3330 licet
340 3280 401 3329 seu
426 3255 500 3329 viro
525 3281 586 3328 seu
613 3254 778 3328 foeminae
794 3251 837 3326 ad
855 3249 1029 3325 viduitatis
1049 3272 1247 3351 perseveras·

141 3370 223 3444 tiam
242 3368 423 3456 sustineri;
445 3369 530 3442 haee
547 3384 717 3469 expectat,
739 3368 823 3441 haec
840 3380 993 3465 exoptat,
1014 3364 1101 3439 haec
1127 3376 1244 3442 exorat,

142 3484 382 3584 poenitentiam
401 3484 606 3584 quandoque
623 3483 778 3568 inituris,
802 3479 972 3556 salutem?
992 3479 1166 3567 Quantum
1181 3473 1245 3553 boni

144 3601 281 3699 utrique
298 3597 450 3674 consert‘l
463 3597 611 3671 Alterum
625 3624 690 3672 non
707 3596 896 3671 adulterum
914 3595 995 3670 lacit
1008 3597 1105 3691 (36),
1122 3592 1243 3668 alterum

141 3714 336 3789 emendat.»

213 3936 264 3999 (34)
278 3935 323 3984 Ed.
338 3934 426 3999 Rigalt.
441 3936 518 3985 Paris.
534 3940 601 3986 test.
615 3949 669 3999 pag.
685 3940 735 3984 rot.

213 4015 263 4077 (³5)
279 4014 342 4064 lbid⁴
356 4028 411 4078 pag.
423 4019 474 4065 167.
488 4013 526 4063 ed.
541 4014 618 4063 Puris.
634 4018 702 4064 1641.

211 4096 262 4159 (³6)
277 4098 345 4154 Quae
356 4094 430 4145 verba
441 4096 477 4145 sic
488 4097 585 4145 enarrat
596 4094 728 4159 Rignttius:
739 4115 750 4138 r
760 4094 901 4155 Disiuncto,
912 4093 1006 4156 inquit,
1017 4104 1047 4141 ex
1057 4104 1133 4141 ceum
1143 4080 1240 4140 meteri

138 4178 310 4238 matrimonio,
321 4177 437 4241 patientia
455 4175 597 4239 intercedit,
610 4176 782 4239 utplurimum
797 4175 854 4225 boui
865 4175 964 4237 utrique
973 4173 1083 4236 oculoru
1095 4173 1196 4222 altem
1206 4172 1242 4217 nus

138 4257 210 4320 lectt,
224 4257 272 4308 hoc
288 4258 339 4320 est,
359 4258 502 4321 coniugem,
520 4255 648 4321 repudiata
667 4255 770 4318 coniuge
792 4253 916 4316 adultera,
936 4266 986 4303 non
1006 4252 1086 4303 mittit
1105 4251 1138 4302 erl
1156 4250 1241 4300 allow

138 4337 290 4400 coniugium.
299 4338 339 4388 Sic
347 4339 385 4387 est
394 4336 507 4387 omuino:
521 4349 569 4386 non
581 4335 649 4398 lectt,
660 4347 708 4385 non
720 4335 812 4396 mittit,
825 4333 921 4386 cadere
932 4347 980 4383 non
993 4332 1077 4383 unit.»
1086 4327 1240 4391 Quoderlc·
