2796 5064
212 391 325 444 otras.
339 392 522 442 amium
534 392 647 445 meras.
659 394 756 446 arra.
772 393 877 444 araur.
894 392 965 444 ure.
982 393 1097 446 armo.
1146 374 1214 449 15!

115 525 156 586 ttt
174 510 379 585 matrimonii
391 510 583 599 ehriatieni;
600 511 659 586 alii
679 511 880 586 sacramenti
901 538 1023 587 nomen
1042 513 1142 587 etiam
1167 514 1218 589 la-

115 626 175 701 ius
201 642 370 726 usurpant
385 643 487 727 atque
512 627 676 702 insistunt
696 626 745 700 iili
773 627 1025 725 significationi,
1042 655 1144 729 quam
1168 630 1218 704 di·

115 740 211 816 imns
230 741 275 815 de
297 741 425 815 Christi
444 741 587 830 uniooe;
606 768 697 842 quae
713 741 851 842 quidem
878 743 1083 841 significatio
1103 742 1217 846 aliquo

115 854 197 930 mdo
220 855 311 931 inest
333 856 549 931 matrimonio
567 856 669 931 etiam
693 882 770 931 eum
790 873 928 931 nonest
952 874 1214 948 sacramentum,

115 985 196 1046 mur
224 970 361 1046 fuerunt
387 971 546 1071 coniugia
576 972 660 1046 inita
689 988 768 1047 aute
793 973 919 1047 Christi
951 973 1152 1064 adventum,
1184 992 1218 1051 et

115 1085 283 1161 tiamnum
315 1087 474 1185 coniugia
513 1086 723 1177 infidelium
753 1105 926 1188 praeterea
960 1089 1018 1162 alii
1053 1091 1217 1165 rationem

115 1202 300 1276 aeramenti
338 1203 473 1302 proprie
496 1203 605 1290 dieti,
631 1203 684 1277 vel
711 1204 828 1278 saltem
855 1203 1017 1279 rationem
1044 1205 1133 1304 signi
1159 1233 1217 1281 ea·

115 1314 213 1391 ibent
241 1331 280 1390 ut
308 1343 448 1392 eausam
476 1319 611 1393 unicam
645 1318 953 1394 indissoiubilitatis
979 1320 1212 1408 omnimodae;

115 1430 150 1504 lii
175 1448 217 1505 ut
238 1456 377 1506 eausam
404 1431 522 1506 saltem
548 1433 787 1534 praeeipuam
816 1433 874 1508 alii
892 1434 949 1509 vix
974 1460 1097 1508 causae
1119 1435 1217 1510 ratio
1317 1434 1320 1441 ’

115 1571 168 1620 em
195 1547 234 1619 in
259 1573 301 1621 ea
326 1564 535 1647 agnoscunt,
556 1548 616 1622 sed
643 1549 756 1648 petius
782 1576 856 1623 earn
881 1549 1008 1624 hebent
1026 1565 1063 1623 ut
1076 1550 1210 1648 signum

115 1663 232 1766 iiquod
251 1664 418 1764 positivae
439 1662 621 1739 voluntatis
639 1665 778 1753 Christi,
794 1693 835 1739 ex
861 1692 929 1766 qua
954 1666 1089 1740 tandem
1116 1691 1215 1767 repe-

115 1795 168 1854 ant
188 1778 368 1854 chmstiani
393 1780 595 1854 matrimonii
624 1780 827 1855 firmitatem.

165 1892 373 1993 Argumenta
390 1895 516 1995 quihus
534 1912 674 1970 utuntur
690 1898 812 1998 partim
831 1896 995 1972 indirecta
1016 1913 1110 1984 sunt,
1133 1923 1210 1998 par-

115 2028 151 2084 ra
181 2009 323 2084 directa.
352 2009 566 2086 Centendunt
583 2013 690 2112 primo
714 2013 963 2087 matrimonium
982 2037 1049 2086 non
1074 2011 1209 2112 probari

115 2116 332 2198 tthissoluhile
357 2150 397 2198 ex
423 2123 497 2223 lege
518 2141 678 2213 naturae,
699 2150 809 2226 neque
829 2153 870 2200 ex
892 2127 1062 2226 primitiva
1081 2127 1212 2201 institu-

115 2264 200 2328 one3
225 2255 333 2316 restat
353 2265 435 2339 ergo
460 2255 498 2313 ut
522 2267 563 2313 ea
582 2240 863 2316 indissolubilius
894 2269 915 2315 a
946 2243 1074 2316 ratione
1099 2267 1212 2316 saera-

115 2357 194 2431 tmti
221 2373 367 2456 petatur.
399 2355 529 2430 Deinde
550 2357 722 2430 insistunt
751 2356 863 2432 verbis
894 2356 987 2430 Pauli
1013 2355 1140 2457 Ephes.
1169 2356 1206 2428 V.

120 2473 379 2547 Sacramentum
398 2471 461 2547 hoe
478 2498 638 2571 magnum
656 2487 724 2561 est;
740 2498 803 2570 ego
824 2490 935 2547 autem
954 2472 1032 2547 dieo
1050 2472 1086 2544 in
1112 2470 1211 2545 Chri-

115 2603 143 2664 to
167 2602 203 2662 et
233 2588 269 2660 in
293 2586 448 2663 eeclesia.
472 2618 490 2658 r
511 2588 582 2662 fleo
604 2614 684 2663 tero
700 2603 957 2673 sacramentam,
973 2590 1022 2662 uti
1047 2588 1210 2664 adversus

115 2726 266 2777 mmum
293 2727 334 2775 ae
350 2717 527 2776 novatores
552 2728 620 2776 see.
642 2703 725 2774 xvi.
747 2701 894 2777 ostendit
909 2703 1116 2802 vasquezius
1140 2729 1208 2778 non

115 2808 131 2890 Ι
161 2815 338 2889 Christum
370 2832 406 2890 et
434 2815 636 2905 eeclesiam,
669 2816 729 2890 sed
760 2816 804 2891 ad
833 2816 1083 2891 matrimonium
1112 2816 1210 2891 reser-

115 2956 141 3007 u
163 2947 337 3033 quatenus
361 2931 496 3029 siguum
527 2933 709 3034 praesefert
730 2933 869 3007 unionis
894 2932 1018 3007 Christi
1045 2948 1078 3007 et
1101 2932 1208 3007 eecle-

115 3050 163 3124 ἰο
176 3049 293 3145 (102).
319 3046 402 3120 Cum
426 3049 527 3145 igitur
549 3049 809 3124 christianorum
827 3049 1020 3147 coniugium
1047 3048 1206 3123 exhibeat

115 3188 222 3264 gnam
243 3160 492 3237 indissolubilis
518 3164 766 3239 coniunctionis
784 3163 882 3237 Verbi
900 3190 977 3238 oum
996 3162 1206 3238 humanitate

115 3333 118 3348 ,
140 3277 277 3353 Christi
302 3292 379 3352 oum
398 3277 560 3367 ecelesia,
580 3306 620 3353 ex
646 3280 722 3380 ipsa
747 3296 868 3354 natura
898 3280 946 3354 rei
971 3307 1075 3380 quam
1102 3280 1207 3379 signi-

115 3410 164 3471 rat
180 3394 375 3468 omnimoda
391 3394 687 3469 indissolubilitate
701 3397 887 3496 praeditam
901 3397 946 3473 sit
959 3412 1100 3496 oportet.
1115 3395 1206 3482 Qua-

115 3526 222 3614 opter
238 3535 315 3583 oum
332 3509 419 3584 inter
434 3529 562 3585 ceteras
579 3511 748 3587 attulisset
760 3476 990 3603 auotohitatem
1003 3538 1033 3585 s.
1043 3511 1202 3598 Thomas,

115 3626 145 3701 ti
173 3625 309 3700 sorihit:
334 3656 351 3696 r
374 3627 621 3701 Matrimonium
650 3627 713 3701 fuit
739 3627 879 3729 quidem
910 3628 946 3700 in
969 3627 1072 3702 reteri
1102 3625 1201 3725 lege.

115 3756 187 3817 mut
210 3742 344 3815 eratin
367 3742 517 3816 officium
538 3760 697 3830 naturae,
720 3770 787 3817 non
812 3759 923 3818 autem
954 3759 1053 3844 prout
1073 3758 1126 3816 est
1150 3769 1204 3817 aa·

115 3872 294 3932 amentum
319 3857 566 3932 ooniunetionis
586 3858 711 3932 Christi
736 3875 768 3933 et
792 3858 978 3946 ecelesiae,
1004 3884 1093 3957 quae
1119 3882 1204 3932 non·

115 3992 168 4048 am
198 3989 272 4047 erat
296 3972 403 4061 sacta,
428 3972 518 4047 unde
545 3989 580 4047 et
603 3974 639 4046 in
663 3975 766 4048 veteri
795 3973 869 4073 lege
898 3973 1041 4048 dabatur
1067 3972 1202 4046 libellus

115 4087 241 4190 rpudii‚
261 4087 351 4187 quod
370 4102 422 4161 est
441 4105 557 4162 eontra
578 4089 778 4163 sacramenti
796 4089 957 4164 rationem
981 4089 1103 4185 (103)»
1125 4112 1203 4160 eon·

152 4255 221 4318 (tot)
237 4257 408 4319 verumne
421 4257 539 4307 matrim.
553 4256 621 4322 Disp.
634 4259 871 4330 11.o.6.n.tseqq.

156 4335 225 4402 (tot)
237 4342 259 4388 t.
274 4342 298 4388 ².
309 4349 335 4399 q.
351 4342 403 4388 tot.
413 4349 449 4386 ar.
462 4343 485 4388 t.
498 4335 562 4389 adt.
