2796 5064
145 352 227 423 tub·
298 372 359 427 nn.
381 374 429 426 ιιι.
450 373 539 426 eron
562 373 697 426 ιιιιιιι
715 372 882 426 osrrnrss.
897 373 1000 426 narn:
1018 370 1147 429 muer.

145 495 244 568 tenda
268 488 331 569 est.
360 493 518 594 Cumque
537 519 586 567 ea
612 492 816 591 significatio
850 491 964 568 indita
982 494 1030 568 sit
1052 494 1265 575 matrimonio

145 609 316 696 bdelium,
341 634 382 682 eo
403 609 479 708 ipso
505 609 596 709 quod
617 608 825 710 baptismum
848 608 1091 710 susceperunt,
1111 628 1147 686 et
1163 638 1274 686 mem--

145 724 206 798 bra
233 739 312 798 sunt
337 724 481 811 Christi,
502 724 582 798 inde
600 725 654 812 fit,
679 741 716 798 ut
733 726 981 799 matrimonium
999 725 1103 800 etiam
1121 725 1166 798 'in
1191 727 1265 801 inb·-

146 837 282 912 delitare
293 841 501 912 contractum
518 855 597 937 post
612 838 794 938 coniugum
812 840 1065 927 conversionem
1085 842 1164 915 sine
1184 845 1276 916 noro·-

144 978 313 1027 oonsensu
338 955 558 1028 extrinsecam
586 955 710 1053 pariter
735 956 824 1028 bane
848 956 1039 1030 firmitatem
1064 956 1235 1056 anquirat.

224 1071 321 1156 Quod
348 1070 377 1143 si
406 1072 438 1141 l.
470 1071 617 1169 penitius
642 1072 744 1145 etiam
770 1070 907 1145 maioris
927 1071 1072 1145 huiusce
1097 1072 1275 1149 firmitatis·

145 1187 231 1261 ratio
248 1201 447 1286 quaeratur,
468 1212 522 1260 res
543 1188 589 1260 ita
609 1188 731 1286 exponi
757 1202 885 1286 potest,
908 1203 947 1261 ut
962 1188 1046 1262 ratio
1066 1186 1267 1263 sacramenti

144 1317 179 1375 et
205 1299 409 1399 significatio
433 1301 679 1374 eoniunotionis
703 1300 832 1375 Christi
857 1327 934 1374 oum
959 1301 1107 1376 eeclesia
1132 1303 1272 1377 nonsit

146 1414 281 1515 proprie
305 1412 615 1487 indissolubilitatis
639 1439 759 1502 cause,
787 1415 847 1489 sed
874 1416 984 1515 potius
1012 1417 1149 1513 siguum
1168 1443 1191 1491 a
1207 1442 1270 1515 poe

143 1529 293 1617 steriori,
319 1554 389 1628 quo
412 1528 643 1626 intelligimus,
674 1546 834 1630 suscepto
858 1530 1041 1631 baptismo,
1064 1531 1135 1604 iam
1158 1531 1265 1606 losum

146 1671 213 1719 non
238 1643 363 1718 babere
387 1669 465 1717 eum
490 1670 627 1732 oasum,
655 1645 785 1745 inquo
804 1647 999 1745 supremus¹
1015 1649 1132 1719 reruni
1154 1647 1267 1722 Domi·

149 1786 214 1833 nus
231 1759 401 1861 disposuit
418 1759 669 1833 matrimonium
686 1759 876 1839 infidelium
897 1759 1099 1834 dissolri'iu
1118 1762 1264 1837 feroran

145 1874 323 1975 baptismi,
344 1874 583 1974 quandoalter
606 1875 811 1950 oonrertitur
833 1892 867 1949 et
892 1873 977 1948 alter
1000 1875 1268 1975 pneiliueuobu·¹

146 1989 256 2063 bitere
281 1988 402 2063 renuit.
431 1988 605 2062 Sio'etiam
625 2012 729 2088 quum
748 1989 999 2062 matrimonium
1018 1988 1182 2064 fidelium·¹
1195 2014 1271 2066 enm

146 2106 356 2180 summatum·
376 2121 446 2193 est,
474 2105 817 2187 oessatzetiamaltei·
834 2131 936 2191 nasus
952 2105 1067 2180 ex‘bis
1078 2106 1267 2206 inquibus

144 2218 309 2294 Cbristus'
327 2221 517 2321 disposuit,
542 2237 581 2294 ut
598 2221 793 2319 ooniugium
810 2220 1072 2310 dissolveretur,
1093 2249 1219 2323 nempe
1229 2224 1270 2297 in·

148 2337 294 2410 larorem
319 2353 429 2410 status
453 2335 627 2434 religiosi..
646 2337 739 2410 liaeo
763 2362 864 2436 porro
888 2337 997 2411 maior
1021 2337 1268 2413 indissolubili·

148 2467 199 2525 tas
219 2446 406 2525 eitrinseoa
431 2467 507 2537 est,
526 2450 642 2551 neque
660 2450 806 2523 aliunde
830 2451 964 2524 tandem
980 2450 1106 2550 pendet
1122 2456 1271 2551 ‘quanio

146 2566 270 2640 Christi
296 2566 477 2640 uoluntate.
503 2566 594 2638 biset
618 2567 706 2639 enim
730 2566 979 2639 matrimonium
997 2585 1265 2642 consummatum

149 2680 332 2784 perfectius
358 2681 814 2756 exhibeatieoniunotionem
840 2680 965 2754 Christi
991 2707 1068 2757 cum
1097 2681 1263 2768 eeclesia,

145 2825 247 2899 quam
269 2797 518 2871 matrimonium
540 2813 671 2870 tantum
697 2813 826 2885 ratum,
846 2797 1011 2872 tamensi
1037 2796 1201 2873 Christus
1216 2824 1265 2873 ue

150 2913 292 3001 luisset,
321 2912 487 3015 potuisset
518 2912 615 2986 certe·
631 2912 776 2986 statuero
792 2969 805 2999 ,.
828 2914 866 2985 ut
891 2912 1151 2987 matrimonium
1173 2914 1270 2988 etiam

148 3045 417 3107 eonsummatum
436 3027 844 3102 fidelium‘dissolveretur
860 3027 895 3100 in
913 3027 1059 3101 la'rorem
1073 3025 1264 3128 religionis,

148 3168 216 3220 non
240 3140 779 3229 obstante'ratiouesaoramenti
813 3140 846 3217 et
870 3143 958 3241 signi
983 3144 1144 3242 perfecti,
1175 3159 1267 3244 prout

147 3285 188 3334 ea
212 3287 279 3334 non
302 3257 457 3335 obs'tante
475 3260 725 3333 matrimonium
744 3257 893 3331 fidelium
909 3285 980 3332 non
997 3276 1265 3335 eonsummatum

147 3375 356 3449 dissolvitur.
367 3371 427 3447 ¹lla
441 3371 543 3472 igitur
556 3374 811 3448 sacramentalis
827 3374 1029 3470 significatio
1042 3389 1077 3447 et
1087 3376 1177 3449 ratio
1195 3376 1264 3475 ipsa

148 3489 348 3564 sacramenti
375 3515 440 3562 non
467 3486 570 3562 elficit
593 3514 655 3587 per
678 3514 716 3562 se
741 3486 1073 3562 indissolubilitatem
1087 3496 1099 3574 ,'
1122 3489 1191 3562 sed
1211 3513 1265 3588 po·

148 3605 216 3678 tius
246 3605 379 3701 signum
410 3620 461 3677 est
486 3631 506 3676 a
531 3605 706 3703 posteriori
731 3630 799 3703 quo
824 3603 1015 3701 colligimus
1044 3605 1265 3679 extrinsecam

149 3718 444 3794 dissolubilitatem
469 3720 607 3792 omnino
632 3746 798 3793 cessasse.
1128 3720 1133 3728 ’

222 3836 295 3908 llao
321 3833 450 3909 ratione
477 3840 510 3906 b.
539 3836 659 3935 erponi
687 3852 828 3933 possunt
848 3836 891 3907 de
909 3835 1096 3909 extrinseca
1116 3835 1266 3908 firmitate

150 3965 219 4023 tum
237 3951 356 4023 saneti
380 3950 577 4047 Augustini,
599 3967 677 4022 tum
703 3951 844 4047 Eugenii
869 3951 922 4020 lv.
951 3949 1177 4037 testimonia,
1201 3965 1264 4022 tum

149 4066 216 4140 alia
234 4080 368 4166 patrum
385 4083 418 4138 et
435 4066 652 4140 conciliorum
669 4064 786 4152 effata,
816 4064 941 4164 quibus
963 4079 996 4139 et
1012 4065 1262 4164 matrimonium

149 4207 209 4280 per
235 4208 271 4255 se
299 4181 537 4256 indissolubile
561 4183 702 4267 dieitur,
731 4198 763 4253 et
789 4179 890 4254 simul
916 4181 1061 4255 maxime
1087 4179 1262 4256 indissolu-

150 4296 218 4369 bile
242 4297 426 4383 asse'ritur,
448 4298 529 4397 quia
554 4313 606 4369 est
632 4313 892 4370 sacramentum.
