2796 5064
247 380 317 431 aar.
334 382 378 432 tv.
397 382 562 433 neumae.
581 385 670 433 rnaxr
686 386 722 433 nr
737 386 810 434 nan.
836 386 980 436 rutnans.
994 389 1064 437 mr.
1077 391 1100 438 t.
1180 368 1247 437 tot

125 497 229 570 elesia
247 497 368 587 latina;
390 516 534 573 ceterum
556 503 588 571 l.
618 503 702 575 adeo
730 505 815 601 ipsis
835 531 1032 601 persuasum
1052 506 1158 579 luisse
1185 509 1249 581 hac

125 612 156 683 in
181 638 219 685 re
247 612 375 686 nullum
395 641 433 687 se
450 615 657 714 praesidium
677 618 711 687 in
729 619 912 717 Scripturis
931 646 971 692 ac
992 620 1169 694 traditione
1191 623 1247 695 ha·

123 726 223 812 berc,
261 746 298 801 ut
329 750 513 830 numquam
543 732 705 804 ecclcsiae
732 759 891 805 romanae
924 735 1057 806 crimini
1090 739 1249 812 verterint

122 843 216 941 quod
238 847 440 919 contrariam
458 847 644 920 doctrinam
663 863 696 919 et
715 851 843 945 praxim
862 867 1130 938 consectaretur;
1154 879 1250 924 num-

122 983 227 1056 quam
255 978 430 1060 propterca
465 964 550 1036 inter
585 979 632 1036 tot
657 963 850 1036 schismatis
884 963 1030 1036 faciendi
1066 969 1249 1040 recensitas

121 1096 248 1146 causas
275 1074 440 1148 interdum
466 1076 675 1164 levissimas,
697 1077 783 1150 hanc
802 1077 844 1150 dc
862 1076 1159 1153 indissolubilitate
1177 1108 1249 1154 ma·

122 1188 273 1260 tri-onii
299 1189 552 1264 adnumerarint
566 1193 664 1285 (30);
686 1217 747 1264 nec
774 1191 914 1290 proinde
931 1194 965 1263 5.
986 1218 1147 1292 umquam
1171 1220 1248 1268 eum

123 1319 280 1399 ageretur
303 1304 346 1378 de
364 1305 540 1405 utriusque
559 1305 724 1380 ecclesiae
746 1332 829 1404 pace
851 1307 922 1379 sive
940 1305 1003 1378 sub
1020 1307 1192 1405 Stephano
1211 1311 1246 1380 V.

122 1417 198 1491 sive
222 1418 288 1492 sub
313 1418 471 1516 Gregorio
486 1419 529 1492 ll.
557 1420 630 1493 sive
655 1419 790 1492 demum
817 1419 881 1492 sub
900 1420 1053 1517 Eugenio
1079 1421 1130 1492 lV.
1161 1423 1249 1495 inter

121 1532 284 1607 articulos
296 1533 521 1608 dissensionis
534 1535 636 1609 istum
650 1552 946 1609 commemoratum
960 1536 1083 1621 luisse;
1102 1539 1134 1608 6.
1149 1536 1247 1610 adeo

122 1674 192 1745 que
211 1649 489 1723 consuetudinem
508 1650 596 1724 hanc
614 1677 691 1725 esse
710 1676 824 1724 revera
837 1649 1028 1723 habendam
1045 1650 1148 1724 veluti
1167 1651 1247 1725 abu-

122 1789 201 1836 sum
226 1762 382 1862 pluribus
407 1765 531 1839 seculis
552 1765 725 1850 inolitum,
747 1792 814 1838 non
833 1791 932 1839 secus
958 1791 997 1838 ac
1016 1765 1072 1838 alii
1092 1765 1242 1852 abusus,

122 1879 181 1979 qui
205 1906 310 1979 penes
332 1906 469 1977 graccos
487 1880 641 1956 obtinent
657 1881 700 1955 oh
719 1881 805 1956 alias
825 1908 948 1956 causas
968 1882 1086 1968 etiam,
1115 1899 1247 1982 praeter

123 1993 348 2081 adulterium,
369 1994 551 2068 dirimendi
568 1996 724 2091 coniugia
745 1995 857 2094 quoad
880 1995 1075 2082 vinculum;
1105 1996 1245 2096 inques

122 2106 255 2182 abusus
267 2134 383 2182 vocem
396 2135 493 2183 suam
508 2109 628 2208 iugiter
649 2135 732 2184 rom.
751 2110 926 2210 pontifices
944 2110 1134 2187 extulerunt
1150 2137 1247 2209 grae-

121 2225 173 2298 cis
198 2232 408 2324 opponentes
432 2225 661 2324 evangelicam
683 2240 716 2298 et
741 2225 960 2325 apostolicam
989 2226 1175 2300 doctrinam
1203 2227 1247 2300 de

122 2339 318 2413 omnimoda
332 2340 535 2414 matrimonii
548 2337 857 2425 indissolubilitate3
869 2366 977 2439 neque
990 2365 1070 2413 vero
1083 2367 1244 2440 umquam

122 2457 235 2553 graeei
260 2483 299 2530 se
323 2455 502 2530 defendere
524 2472 718 2557 potuerunt;
743 2455 917 2555 multoque
941 2454 1053 2528 minus
1077 2472 1246 2530 tentarunt

121 2570 302 2644 ecelesiam
318 2596 488 2644 romanam
507 2571 570 2643 hac
588 2572 623 2642 in
643 2597 678 2643 re
696 2571 819 2643 erroris
846 2595 1026 2656 accusare;
1048 2595 1182 2669 semper
1200 2587 1245 2643 ta·

122 2713 200 2760 nen
226 2687 262 2758 in
287 2713 349 2760 sua
375 2688 464 2762 avita
491 2687 734 2761 consuetudine
758 2685 942 2784 generatim
968 2686 1242 2786 perstiterunt,a

121 2828 191 2902 qua
215 2801 356 2875 difficile
380 2803 527 2902 prolecto
552 2818 604 2875 est
629 2819 697 2875 eos
714 2827 870 2875 revocare
898 2804 989 2897 (31).

198 2983 250 3045 (⁸0)
265 2985 345 3046 Atque
365 2982 406 3032 ltin
424 2982 546 3033 anundus
567 2985 604 3032 est
621 2984 686 3032 sam.
711 2982 781 3032 Klein
804 2983 847 3045 qui
869 2982 896 3032 in
914 2982 956 3030 eit.
979 2980 1076 3031 dissert.
1092 2983 1130 3030 Da
1146 2983 1238 3030 taetri·

121 3067 228 3123 monto,
249 3061 309 3113 dum
329 3062 376 3112 sub
395 3063 436 3113 tit.
459 3061 492 3113 da
509 3062 642 3113 adulterio
662 3061 684 3126 §.
704 3065 779 3113 cvtt.
801 3062 929 3126 profitetur
949 3075 976 3112 ae
997 3074 1068 3125 agere
1086 3062 1118 3110 de
1137 3060 1241 3111 dissolu·

122 3143 190 3193 tiene
210 3144 311 3206 propter
327 3141 476 3193 adulterium
499 3141 524 3191 in
542 3141 646 3192 eceteda
664 3143 778 3192 orientalt
795 3143 891 3192 tantum
911 3141 1048 3202 detortae,
1072 3142 1186 3205 patefacit
1208 3145 1243 3192 ta·

122 3235 179 3272 men
200 3224 306 3271 menum
332 3233 402 3271 suam
422 3222 548 3284 proterens
567 3224 710 3284 argumenta
727 3234 792 3284 qnae
812 3221 955 3271 edentatem
976 3221 1072 3283 praxim
1091 3222 1243 3271 communire

121 3301 247 3352 videntur.
267 3301 360 3350 Etenim
383 3300 453 3351 inita
472 3301 552 3364 ipsum
574 3302 635 3351 haec
655 3303 737 3365 pratis
757 3301 874 3352 tundatur
892 3311 912 3352 t.
926 3301 952 3351 in
971 3301 1052 3352 verbis
1070 3302 1163 3352 Cirristi
1181 3305 1242 3352 titat-

121 3382 159 3432 ttr.
171 3384 237 3431 xtx.
251 3389 274 3432 t.
290 3381 315 3430 in
337 3381 420 3431 verbis
438 3395 459 3431 s.
474 3381 557 3431 Basilii
579 3394 633 3430 can.
647 3384 689 3430 lx.
704 3389 726 3430 3.
741 3381 766 3429 ln
785 3394 870 3430 eornm
892 3381 1063 3444 explanatione
1080 3394 1155 3445 quam
1174 3380 1243 3431 dedit

121 3465 246 3524 mearam
268 3460 357 3512 deinde
377 3460 461 3511 subdit
481 3465 504 3511 t.
521 3465 616 3524 praetor
633 3462 753 3511 Basiliam
772 3461 888 3511 videntur
908 3461 988 3510 eidem
1008 3461 1089 3511 tavare
1108 3461 1240 3524 origenes,

121 3540 289 3605 Epiphanius,
305 3541 428 3601 taurins,
441 3539 609 3590 Theodoretus
619 3543 644 3589 et
653 3539 744 3603 plures
756 3540 804 3590 ulit
812 3557 822 3600 ,·
836 3548 859 3590 5.
876 3540 940 3589 inter
954 3540 1044 3591 latinos
1061 3539 1162 3591 adducit
1174 3544 1244 3590 tiras·

121 3634 207 3684 mam,
224 3621 368 3671 Caietannm
379 3657 387 3683 ,
400 3621 575 3681 catharinnrn3
597 3627 621 3669 tt.
639 3620 709 3669 addit
728 3634 827 3683 graccos
846 3636 861 3670 a
880 3621 1014 3671 tridentino
1032 3635 1082 3671 non
1103 3623 1177 3671 luisse
1196 3620 1240 3670 da·

121 3702 236 3761 mmtos,
248 3701 273 3749 et
286 3701 429 3762 aFteuryc,
449 3699 597 3761 'tournetym
613 3700 714 3749 tnenioo
725 3703 751 3749 et
761 3701 896 3762 Gauzaniga
908 3700 934 3748 id
945 3701 1072 3750 attirmari.
1084 3702 1112 3749 tn
1123 3700 1241 3762 quibusa

121 3790 179 3829 rere
202 3778 268 3828 ttnnc
288 3782 412 3828 auctorem
431 3777 567 3839 abluente,
580 3779 669 3842 partim
688 3779 738 3827 iarn
750 3778 873 3841 vidimus,
894 3780 982 3842 partim
1002 3793 1061 3829 vero
1077 3792 1108 3829 ex
1129 3778 1240 3828 dicendis

121 3858 253 3909 mutante.
275 3859 404 3908 Musaei
424 3861 548 3921 praeterea
568 3858 686 3908 adnotare
708 3860 1023 3921 eranumcaieunun,
1035 3861 1060 3909 et
1078 3859 1241 3909 cathericum

121 3941 180 3989 maa
200 3937 389 3988 celebrationem
407 3951 467 3988 sesa.
480 3941 567 3988 xxiv.
580 3952 649 3988 conc.
665 3939 793 3989 tridentini
812 3938 954 4003 scripsisse;
974 3942 1102 3989 Ermmum
1120 3951 1146 3988 ae
1167 3940 1241 3988 retra·

121 4019 216 4078 emme,
235 4017 379 4067 Caletanum
400 4019 501 4067 vernet
520 4018 680 4067 catttnrinum
692 4018 783 4082 scripta
803 4032 848 4069 sua
865 4019 983 4069 ecclmiae
993 4017 1125 4068 subiecisse
1139 4016 1239 4066 iudicio.

198 4097 251 4160 (at)
266 4097 325 4147 Plus
343 4097 417 4147 semel
439 4096 547 4146 diximus
567 4110 709 4159 graecorum
728 4111 854 4148 erroneam
877 4100 902 4148 et
920 4111 1022 4161 pravam
1043 4097 1139 4161 praxim
1156 4096 1182 4145 in
1203 4094 1240 4144 di·

121 4175 241 4228 rimandis
261 4176 382 4239 coniugiis
403 4175 436 4226 ob
457 4175 606 4226 adulterium
627 4177 746 4240 originem
773 4179 845 4229 unice
865 4179 969 4228 uenisse
995 4192 1024 4227 en
1049 4177 1144 4240 legibus
1164 4176 1239 4239 impe·

121 4256 232 4308 riattbua.
256 4256 284 4306 td
305 4270 378 4321 porro
400 4269 466 4306 nune
485 4256 621 4306 luculenter
638 4257 712 4308 etiam
732 4261 829 4308 conant
848 4272 879 4309 ex
899 4258 946 4321 iis,
969 4271 1033 4320 quac
1050 4257 1144 4320 egregie
1164 4255 1240 4305 disse·

121 4338 172 4388 ruit
191 4340 220 4388 n.
236 4338 304 4387 Pitra
322 4338 347 4386 in
367 4337 507 4387 recendens
528 4337 609 4400 operis
627 4350 703 4401 nuper
716 4337 776 4388 editt
796 4340 877 4388 alti).
892 4338 973 4388 nnattt
986 4337 1104 4402 areopagi
1119 4335 1239 4401 praeside,
