2796 5064
269 350 339 402 car.
356 349 404 402 ιιι.
420 350 461 401 ιιι
473 349 571 402 sensu
588 350 879 403 cernennentes.
896 352 991 404 ιιιιιι.
1007 351 1078 403 ιιι.
1096 355 1119 405 ι.
1191 333 1260 406 3¹9

147 468 215 556 his,
231 496 323 570 quae
339 469 494 568 leguntur
510 471 545 542 in
565 470 639 543 eius
648 469 871 544 Commenter.
884 497 988 571 super
997 471 1115 546 Matth.
1127 472 1213 546 xlx.
1225 477 1260 547 9.

147 583 261 658 «Sole
283 584 460 659 fornicatio
484 600 551 671 est,
581 609 670 684 quae
694 585 809 659 uxoris
828 586 940 659 vincat
956 586 1132 659 ellectum:
1160 588 1263 664 immo

145 723 223 772 cum
250 697 311 772 illa
335 724 438 771 unam
464 723 599 772 carnem
626 699 661 771 in
688 697 789 772 aliam
816 699 988 787 diviserit,
1017 716 1104 774 etse
1123 701 1263 775 fornice·

142 813 234 887 tione
260 813 469 912 separaverit
492 840 512 887 a
537 814 678 902 marito,
708 841 775 888 non
801 813 900 888 dehet
933 815 1057 901 teneri;
1080 841 1122 889 ne
1152 816 1263 890 virum

142 954 281 1030 quoque
299 927 364 1003 suh
380 928 558 1004 maledicto
576 929 696 1017 iaciat,
717 929 850 1003 dicente
872 929 1061 1029 Scriptura:
1079 930 1147 1016 Qui
1165 931 1263 1004 odul-

142 1059 246 1117 tcrom
280 1059 382 1131 tenet,
410 1047 531 1119 stultus
555 1060 587 1118 ct
617 1046 738 1144 impius
763 1060 822 1119 eet.
847 1044 1057 1145 Ubicumque
1081 1061 1133 1119 est
1158 1046 1263 1144 igitur

141 1159 323 1233 fornicatio
347 1177 381 1234 et
405 1159 637 1234 fornicationis
654 1162 823 1262 euspicio,
845 1160 950 1234 libere
966 1186 1051 1234 uxor
1066 1159 1258 1235 dimittitur.

139 1273 179 1347 llt
203 1274 291 1373 quie
316 1289 445 1374 poterat
461 1274 631 1363 accidere,
651 1291 689 1348 ut
706 1274 829 1374 aliquis
847 1274 1049 1348 calumniam
1073 1275 1197 1348 laceret
1213 1276 1263 1350 in·

140 1388 294 1476 nocenti,
315 1404 349 1462 et
364 1388 408 1462 oh
429 1390 613 1464 secundam
627 1388 795 1489 ¹copulem
823 1390 1038 1488 nuptiarum,
1066 1391 1170 1464 reteri
1200 1391 1262 1465 cri·

140 1528 216 1578 men
244 1503 469 1603 impingeret,
497 1504 549 1580 sic
573 1505 719 1604 priorem
743 1504 913 1579 dimittere
938 1504 1072 1578 iubetur
1099 1531 1257 1594 uxorem,

139 1634 174 1692 ot
199 1617 411 1708 secundam,
440 1619 550 1719 prima
573 1620 725 1707 virente,
753 1645 820 1694 non
846 1617 1260 1714 hebeet(16ll).ullerum

139 1733 260 1833 ecquis
286 1733 323 1806 in
340 1733 498 1808 adductis
514 1733 628 1809 verhis
646 1733 876 1835 deprehendet
891 1760 913 1807 a
930 1760 959 1808 s.
980 1735 1122 1808 Doctore
1139 1735 1260 1809 dietin-

139 1847 288 1923 ctionem
312 1847 385 1922 heri
407 1849 494 1923 inter
515 1848 715 1923 adulterium
734 1848 912 1949 probatum
930 1864 964 1923 et
978 1875 1044 1922 non
1058 1847 1260 1951 probatum?
1341 1928 1343 1933 ,

139 1961 289 2061 Insuper
305 1963 443 2037 concedi
460 1964 543 2039 viris
560 1963 818 2038 dissolutionem
837 1961 949 2063 quoad
967 1962 1160 2050 vinculum,
1180 1990 1258 2038 eum

137 2103 301 2178 expresse
325 2077 470 2152 affirmet
486 2079 533 2152 ita
550 2078 659 2153 iuhori
677 2078 844 2152 dimittere
862 2103 1000 2151 uxorem
1017 2077 1255 2166 fornicantem,

138 2208 175 2266 ut
196 2191 377 2266 secondum
395 2196 509 2292 primo
530 2196 658 2267 vivente
683 2221 747 2265 oon
773 2192 917 2267 hebeat?
933 2191 1000 2265 dut
1023 2193 1124 2266 etiam
1141 2192 1258 2292 dispa-

137 2307 272 2382 ritatem
296 2308 384 2383 inter
405 2310 516 2383 virum
541 2336 581 2383 ec
605 2308 779 2383 mulierem
805 2308 924 2383 hocin
945 2334 1027 2382 casu
1050 2309 1254 2407 significari,

136 2447 215 2533 cum
241 2441 357 2522 aperte
380 2425 585 2499 eontrarium
618 2424 738 2499 doceat
768 2422 838 2498 illis
871 2424 1001 2497 verbis:
1016 2423 1139 2524 «Apud
1173 2450 1254 2512 nos,

137 2536 231 2637 quod
255 2563 324 2610 non
349 2536 427 2612 licet
451 2538 626 2626 foeminis,
647 2565 754 2638 aeque
778 2564 846 2611 non
872 2537 951 2612 licet
974 2537 1078 2611 viris:
1099 2553 1130 2610 ct
1146 2537 1258 2611 ecdem

135 2653 280 2725 mites
301 2654 383 2750 pari
405 2651 585 2725 conditione
602 2667 747 2726 censetur
767 2649 910 2748 (167)?»

210 2765 340 2839 Eodem
367 2765 403 2838 in
420 2767 526 2866 pretio
543 2764 701 2840 habenda
718 2780 813 2853 sunt,
833 2791 922 2865 quae
941 2763 998 2836 elii
1017 2780 1252 2853 autumarent,

135 2880 300 2953 nimirum
325 2907 356 2954 s.
377 2881 618 2982 Hieronymum
644 2880 783 2980 perinde
800 2906 841 2954 ao
858 2907 887 2953 s.
905 2880 952 2952 lo.
976 2878 1254 2976 Chrysostomum

134 3020 252 3068 veram
271 3021 368 3068 suam
382 2995 495 3069 studio
507 2996 637 3069 celasse
650 2995 849 3069 sententiam
871 2996 970 3091 (168)
987 3022 995 3080 ;
1017 3009 1154 3067 autnon
1172 2994 1256 3068 satis

134 3109 202 3183 sihi
230 3110 425 3184 constitisse
442 3127 499 3185 aut
515 3110 714 3184 delectatum
733 3136 810 3184 esse
825 3110 965 3182 nimium
984 3108 1071 3182 ideis
1093 3109 1256 3183 monasti-

134 3224 185 3298 cis
205 3228 322 3320 (169).
344 3226 436 3299 Haec
461 3226 550 3299 enim
575 3226 710 3314 omnia,
738 3225 862 3326 hisque
891 3224 1016 3298 similia
1049 3224 1255 3325 patefaciunt

135 3337 334 3412 huiusmodi
352 3340 554 3440 scriptores,
575 3340 633 3440 qui
648 3339 728 3412 talia
742 3339 1061 3426 comminiscuntur,
1079 3338 1171 3411 haud
1186 3339 1252 3412 sibi

134 3451 269 3527 sincero
295 3453 408 3526 animo
429 3453 653 3553 'proposuisse
678 3453 851 3527 veritatem
877 3455 1055 3554 persequi,
1083 3453 1143 3528 sed
1162 3454 1255 3527 iuxta

134 3568 355 3667 anticipetam
382 3570 581 3643 sententiam
607 3568 692 3643 velle
709 3569 762 3642 vel
781 3568 902 3642 invitos
920 3568 963 3640 ad
981 3595 1018 3642 se
1037 3568 1248 3669 pertrahere,

134 3682 369 3783 obluctarique
394 3683 438 3756 iis
463 3686 524 3784 qui
543 3684 745 3761 contrarium
764 3683 895 3756 docent.
918 3683 1009 3756 llaec
1022 3701 1184 3784 perpetua
1201 3699 1253 3758 est

133 3786 277 3874 istorum
302 3825 379 3887 ers,
408 3815 446 3873 ut
470 3800 500 3873 si
526 3800 693 3901 quaedam
719 3799 863 3874 obscure
888 3798 979 3872 dicta
995 3799 1190 3886 videantur,
1211 3826 1251 3873 ea

203 4003 273 4066 (tot)
288 4005 326 4053 lte
338 4005 420 4055 Brenn
431 4006 472 4056 clt.
482 4005 585 4056 Dissert.
599 4019 654 4070 peg.
666 4011 695 4056 ³5
704 4018 757 4069 seq.

203 4082 272 4145 (rot)
289 4084 499 4146 Bptsthxxvll.
512 4084 549 4136 cd
566 4087 659 4136 ocean.
670 4098 695 4136 n.
705 4091 728 4136 8.
739 4083 789 4134 col.
798 4087 853 4135 455.
865 4082 904 4134 ed.
917 4083 959 4132 cit.
968 4083 1028 4133 tom.
1037 4084 1057 4132 1.

201 4164 271 4225 (188)
286 4164 323 4213 tta
333 4164 399 4214 anot.
410 4178 450 4228 op.
463 4178 572 4230 germen.
587 4168 726 4216 Tentomcn
747 4163 858 4227 theotoc.
868 4166 967 4214 rtattet.
979 4166 1038 4212 note
1050 4168 1104 4213 688.
1116 4173 1170 4224 pag.
1182 4166 1235 4210 188.

202 4241 270 4304 (ree)
287 4241 329 4293 uu
341 4244 391 4294 loe.
402 4245 461 4295 Betz
471 4244 497 4295 iu
505 4259 546 4310 op.
557 4258 632 4309 germ.
641 4245 790 4297 flammato
801 4244 933 4296 noohstm.
941 4241 1028 4306 lecum
1037 4241 1170 4291 Bovcrtoe
1180 4241 1252 4290 circo

126 4322 278 4375 dtoorttum
296 4326 347 4375 cte.
360 4337 413 4390 pag.
433 4332 469 4377 to.
