2796 5064
91 417 95 423 .
140 356 211 430 iii
285 378 347 429 cra.
369 375 418 429 m.
438 376 526 429 sacr.
544 374 673 428 aarum.
686 375 727 426 nn
745 373 857 426 rantes.
874 372 970 425 utra.
988 369 1116 426 mutar.

138 499 238 574 lieres
256 498 398 572 iudaeae
415 495 572 570 inventae
595 496 680 583 sint,
702 519 791 595 quae
815 517 971 568 mmanaa
1002 493 1177 567 imitantes
1198 517 1257 566 an

139 640 198 690 sae
223 613 347 687 suerint
370 612 502 686 maritis
528 605 681 684 libellum
707 609 788 684 dara
805 606 937 709 repudii
964 609 1080 704 (tot).

211 727 261 800 Ex
288 728 342 800 his
359 726 516 801 omnibus
534 740 624 826 patet
648 724 814 798 eiusmodi
839 722 1112 798 constitutionem
1133 723 1263 798 mosai-

138 866 214 916 cam
239 866 306 915 non
331 840 439 914 luisse
458 840 726 940 praeceptivam,
750 837 810 912 sed
838 853 967 912 tantum
992 837 1260 936 permissivum,

139 983 180 1032 ec
196 983 257 1058 per
272 982 347 1032 eam
365 955 527 1031 divinitus
543 953 830 1055 dispensationem
851 952 964 1028 datam
982 952 1093 1028 fuisse
1108 953 1264 1054 pomae-

138 1098 202 1148 rae
225 1072 291 1171 legi
322 1069 632 1145 indissolubilitatis
656 1096 677 1142 a
701 1070 773 1143 Deo
798 1070 876 1169 ipsc
903 1068 1109 1144 constitutae
1132 1068 1170 1142 in
1196 1094 1266 1143 nu-

139 1189 285 1290 ptiarum
309 1184 519 1262 institutione
545 1185 632 1260 inter
655 1201 920 1286 protoparentes.

555 1399 765 1460 naucitatis
784 1399 834 1456 111.

176 1581 312 1654 Quaestio
331 1577 505 1656 expenditur
526 1593 563 1637 an
586 1584 615 1637 et
640 1579 788 1654 quomodo
813 1576 938 1653 perfecta
963 1574 1226 1662 indimoinntiitas,

227 1692 303 1753 quae
316 1692 350 1735 er
366 1675 429 1752 iege
442 1675 608 1753 evangeliea
622 1676 739 1755 propria
751 1680 796 1734 est
808 1672 988 1733 Matrimonii
998 1671 1168 1751 christiani,

391 1769 559 1830 deducenda
578 1773 616 1830 sit
635 1786 652 1830 e
673 1773 784 1830 ratione
803 1770 989 1831 sacrmenti.

136 2027 142 2033 .
215 1970 314 2070 apud
340 1969 514 2067 theologos
539 1995 656 2044 omnes
681 1968 864 2044 catholicos
882 1982 990 2043 ratum
1008 1969 1185 2071 fixumque
1207 1984 1256 2043 est

142 2086 177 2159 in
199 2085 274 2185 lege
306 2084 502 2184 evangelica
531 2087 579 2160 ita
604 2084 842 2175 indissolubile
868 2110 945 2161 esse
973 2084 1194 2184 coniugium,
1221 2099 1254 2158 ut

139 2199 244 2276 semel
269 2226 309 2274 ac
325 2218 593 2276 consummatum
618 2199 737 2288 suerit,
758 2226 942 2301 numquam
963 2199 1073 2299 possit
1098 2198 1251 2276 dissolvi.

139 2316 183 2391 At
208 2317 238 2392 si
264 2333 378 2391 tantae
400 2315 567 2391 firmitatis
588 2317 673 2391 ratio
688 2332 884 2419 quaeratur,
902 2343 969 2391 non
994 2341 1063 2390 cna
1088 2332 1144 2392 est
1163 2316 1254 2391 theo

140 2432 293 2531 logorum
320 2433 499 2507 sententia.
521 2432 585 2518 Qui
604 2460 644 2506 ex
662 2432 734 2507 solo
758 2433 859 2506 etiam
885 2434 960 2507 iure
978 2448 1122 2507 naturae
1146 2431 1255 2506 maui-

140 2549 246 2623 monii
273 2547 602 2623 indissolubilitatem
632 2548 765 2649 probari
797 2549 932 2624 omnino
965 2547 1195 2635 contendunt,
1222 2561 1255 2620 ut

143 2687 247 2764 supra
271 2661 435 2752 diximus,
457 2662 481 2735 ii
500 2679 620 2763 putant
636 2664 837 2736 sacramenti
855 2663 1018 2737 rationem
1043 2662 1102 2737 vix
1129 2661 1255 2764 aliquid

140 2777 265 2850 addere
297 2804 399 2877 posse
422 2779 556 2852 nativae
579 2776 885 2867 indissolubilitati;
906 2777 964 2851 alii
982 2803 1056 2851 eam
1073 2779 1189 2878 potius
1206 2776 1256 2850 de

138 2893 269 2967 ducunt
293 2920 334 2968 ex
360 2909 538 2994 praecepto
564 2893 705 2994 positivo
730 2908 800 2967 tum
818 2894 899 2981 Dei,
918 2894 977 2993 qui
1004 2892 1255 2969 matrimonium

140 3007 184 3080 ab
209 3008 305 3081 initio
331 3032 371 3080 ea
393 3006 465 3106 lege
486 3008 651 3095 instituit,
681 3022 749 3080 tum
775 3007 901 3080 Christi
928 3006 987 3107 qui
1013 3005 1100 3080 illud
1119 3008 1164 3081 nd
1191 3007 1256 3107 pri·

140 3123 266 3196 atinam
297 3123 508 3196 severitatem
525 3123 690 3211 restituit;
709 3123 767 3197 alii
786 3122 933 3224 denique
951 3149 992 3197 ex
1016 3148 1060 3197 eo
1075 3122 1171 3223 quod
1191 3148 1257 3197 ma·

141 3236 333 3308 trimonium
361 3236 584 3310 christianum
603 3238 644 3310 ad
671 3238 866 3335 dignitatem
889 3237 1090 3339 sacramenti
1107 3253 1255 3312 evectum

140 3349 186 3423 ait
201 3366 234 3421 et
255 3349 415 3449 peculiari
442 3351 590 3450 quodam
608 3353 707 3426 modo
727 3354 889 3428 unionem
914 3353 1012 3427 Verbi
1034 3378 1114 3428 cum
1142 3352 1258 3428 huma·

141 3462 264 3549 nitate,
293 3480 326 3537 et
348 3463 472 3538 Christi
502 3491 578 3538 cum
599 3466 742 3539 ecclesia
767 3467 946 3564 significet.

213 3577 319 3652 Nobis
336 3605 426 3652 nune
446 3579 680 3654 disserendum
699 3599 826 3656 tantum
843 3600 894 3658 est
911 3584 954 3657 de
978 3583 1044 3658 hac
1063 3585 1165 3659 tertia
1182 3609 1256 3658 sen·

142 3691 259 3779 tentia,
274 3693 364 3767 circa
382 3721 483 3794 quam
501 3696 557 3769 uix
574 3696 642 3768 dici
657 3712 765 3797 potest
781 3715 907 3797 quanta
927 3699 962 3771 in
981 3726 1023 3773 ea
1039 3699 1256 3801 proponenda

139 3806 186 3881 sit
210 3807 404 3909 opinionum
438 3811 595 3884 varietas.
626 3814 771 3898 Quidam
797 3815 888 3888 enim
925 3815 1072 3889 maxime
1096 3816 1257 3892 insistunt

140 3916 259 4014 rationi
279 3925 348 3999 veri
362 3941 395 3998 at
409 3926 534 4025 proprii
553 3930 753 4002 sacramenti
772 3930 995 4029 novaelegis,
1013 3957 1104 4031 quae
1122 3931 1255 4033 propria

134 4157 136 4160 ·
181 4141 183 4145 ’
207 4141 216 4204 (
224 4142 277 4203 tot)
293 4142 424 4193 salomaei
435 4144 576 4196 Herodiasa
587 4149 689 4211 iosepiro
700 4151 950 4214 navioarctaeoiog.
960 4152 1060 4204 liniti.
1072 4167 1096 4204 c.
1108 4159 1132 4206 7.
1145 4169 1170 4205 n.
1187 4155 1251 4217 ¹⁰3⁸

137 4225 276 4280 dbfflvni.
286 4244 309 4279 e.
322 4236 344 4281 5.
353 4218 379 4280 n.
388 4235 411 4282 t.
422 4234 514 4296 primae
525 4234 588 4286 inter
595 4236 695 4288 iudaeos
706 4238 999 4307 foeminaeperhihentur,
1009 4255 1075 4305 quea
1084 4247 1172 4296 contra
1181 4242 1250 4296 maio·

141 4320 196 4360 rum
212 4306 429 4378 consuetudinem,
441 4314 517 4366 immo
527 4316 639 4380 ettegem
651 4318 728 4383 ipsam
740 4319 849 4372 libellum
869 4320 964 4386 repudii
983 4319 1084 4376 mtdtit
1101 4322 1249 4377 undiduint
