2796 5064
142 367 210 438 278
286 388 348 437 nn.
361 386 408 438 ιιι.
425 385 512 437 succ.
529 386 660 436 inrum.
677 386 718 435 nu
736 384 849 435 morse.
868 384 964 435 narra
981 382 1108 435 cnmsr.

211 507 344 580 Direota
369 522 478 580 autern
504 506 726 580 desumuntur
753 530 793 577 ex
819 503 930 578 verbis
959 503 1045 602 ipsis
1071 501 1256 583 lactantii,

138 649 225 723 quae
252 623 282 695 si
307 621 465 694 attentius
492 622 717 720 inspiciantur
741 621 810 693 duo
835 619 1052 717 significant,
1081 621 1116 690 1.
1140 643 1261 716 nempe

138 739 325 812 adulterum
341 764 429 822 csse,
450 738 509 836 qui
523 765 545 809 a
559 740 677 809 marito
695 739 828 809 eiectum
844 735 1000 820 dcccrit5
1021 737 1055 806 2.
1068 732 1259 807 adulterum

139 853 264 952 pariter
275 879 352 925 esse
365 879 454 939 eum,
471 854 531 950 qui
538 867 669 949 praeter
682 851 840 923 adulterii
846 853 971 925 ,crinren
985 876 1123 923 acorem
1135 849 1264 921 dimisa·

137 970 196 1052 rit,
212 984 249 1039 ut
266 968 404 1040 alteram
421 968 538 1050 ducat,
564 967 689 1067 quibus
707 966 947 1066 posterioribus
964 966 1080 1039 verbis
1098 965 1265 1064 implicite

139 1082 332 1179 significare
349 1081 455 1155 voluit
472 1083 664 1155 Lactantius
689 1109 766 1154 eum
792 1081 864 1154 sore
890 1107 983 1154 reum
1003 1081 1186 1167 adulterii,
1205 1080 1261 1181 qui

138 1197 371 1271 fornicationis
388 1224 510 1284 causa,
533 1197 579 1269 ita
596 1197 744 1270 dimittat
760 1224 914 1284 uxorem,
934 1213 971 1269 ut
988 1199 1091 1271 ducat
1108 1198 1259 1280 alteram,

139 1339 216 1386 eurn
234 1338 314 1386 vero
331 1312 525 1398 innoxium,
546 1313 605 1411 qui
629 1312 693 1385 hoc
713 1312 748 1383 in
774 1337 857 1386 casu
882 1312 1099 1386 fornicariam
1126 1339 1260 1386 uxorem

139 1426 368 1500 tantummodo
393 1426 558 1513 dimittat,
579 1427 663 1525 quin
681 1426 782 1499 aliam
799 1428 914 1502 ducat.
937 1427 1070 1514 Quibus
1088 1426 1195 1501 veluti
1212 1427 1260 1499 di-

138 1542 208 1641 gito
233 1542 360 1617 indicat
385 1543 544 1616 Matthaei
570 1542 797 1617 testimonium
815 1545 901 1616 xlx.
920 1548 954 1616 9.
971 1545 1061 1616 Sane
1080 1543 1184 1630 hanc,
1205 1568 1261 1615 nec

139 1658 240 1732 aliam
267 1685 345 1733 esse
366 1659 528 1732 lactantii
555 1673 700 1763 mentem
726 1660 760 1731 iu
787 1659 919 1733 obiecto
943 1658 1017 1734 loco
1041 1658 1208 1756 colligunt
1223 1685 1260 1731 ex

139 1774 308 1874 pericope,
324 1801 394 1873 qua
410 1773 580 1847 concludit
592 1775 683 1873 quod
697 1791 797 1848 antea
809 1774 956 1848 dixerat:
977 1774 1167 1846 Dissocicri
1181 1775 1259 1846 crim

139 1917 255 1988 corpus
276 1905 306 1962 et
323 1890 467 1963 distrahi
482 1891 570 1962 Deus
589 1892 705 1964 noluit.
728 1889 823 1976 Quae
847 1888 1019 1964 conclusio
1045 1905 1259 1989 praepostera

139 2030 179 2079 ac
204 2006 291 2080 salsa
325 2021 437 2093 esset,
465 2007 495 2079 si
521 2022 558 2079 ut
583 2006 790 2080 contendunt
820 2004 1032 2092 adversarii,
1067 2005 1258 2078 Lactantius

140 2120 253 2219 reipsa
276 2121 418 2194 dissolvi
444 2121 555 2221 quoad
581 2121 754 2195 vinculum
779 2121 972 2218 coniugium
999 2121 1207 2194 asseruisset
1220 2118 1259 2192 ob

139 2232 296 2307 adulterii
321 2233 500 2332 flagitium.
521 2235 683 2332 Congruit
709 2252 880 2334 praetcrea
906 2234 1073 2308 sententia
1098 2233 1257 2309 lactantii

142 2347 186 2421 de
203 2348 277 2423 sola
294 2349 493 2424 dimissione
510 2353 622 2452 quoad
637 2368 745 2424 torum
764 2351 807 2424 oh
821 2351 1024 2424 adulterium
1042 2377 1121 2424 cum
1135 2350 1255 2436 verbis,

140 2489 228 2562 quae
253 2491 293 2537 ex
319 2490 360 2538 eo
385 2464 648 2564 descripsimus:
670 2465 822 2538 «Divina
846 2465 898 2537 lox
923 2466 969 2537 ita
994 2463 1082 2538 duos
1101 2464 1137 2536 in
1157 2464 1259 2538 matri·

140 2578 312 2664 monium,
333 2580 424 2678 quod
445 2596 497 2652 est
515 2580 548 2650 in
569 2606 692 2678 corpus
717 2607 842 2666 unum,
872 2581 943 2678 pari
970 2580 1042 2652 iure
1067 2579 1254 2662 coniunxit,

139 2711 176 2767 ut
201 2695 333 2768 adulter
360 2696 544 2781 habeatur,
573 2696 732 2794 quisquis
757 2722 953 2794 compagem
979 2696 1135 2793 corporis
1161 2697 1196 2767 in
1213 2694 1258 2765 di-

140 2834 239 2883 versa
260 2809 488 2882 distraxerit.»
502 2810 593 2882 llaec
618 2811 707 2881 enirn
734 2836 810 2882 cum
836 2808 1007 2906 generalia
1025 2809 1114 2895 sint,
1137 2809 1257 2882 nullam

139 2926 369 3024 exceptionem
401 2926 602 3010 admittunt,
632 2951 693 2998 seu
725 2926 837 2998 verius
863 2924 1092 3023 exceptionem
1130 2949 1256 2999 omnem

139 3040 333 3113 excludunt.
362 3040 536 3140 Siquidem
565 3043 678 3139 reipsa
706 3041 854 3140 corporis
880 3065 1042 3137 compago
1068 3068 1104 3111 rn
1132 3041 1257 3114 diversa

140 3154 409 3242 distraheretur,
439 3157 518 3229 data
545 3157 701 3230 facultate
726 3156 769 3230 oh
791 3156 993 3229 adulterium
1020 3154 1164 3230 alterius
1190 3181 1257 3228 con·

140 3271 248 3365 iuge,
278 3272 381 3343 aliurn
407 3287 466 3343 ant
491 3272 590 3344 aliam
616 3272 774 3345 ducendi.
802 3272 843 3345 Et
868 3271 952 3344 haec
976 3271 1091 3369 quoad
1117 3272 1255 3369 primum

140 3401 264 3457 textum
290 3413 330 3457 ex
356 3385 417 3462 lib.
439 3389 491 3458 Vl.
514 3416 544 3460 c.
568 3391 626 3460 23.
650 3391 762 3460 Dicin.
781 3390 1032 3459 institutionum.

214 3499 332 3586 Quoad
359 3501 500 3575 alterurn
527 3530 606 3576 vcro
631 3504 811 3600 allegatum
832 3531 872 3576 ex
890 3504 1040 3600 Epitome
1057 3529 1136 3601 cap.
1155 3501 1252 3574 thl.

139 3617 407 3690 animadvertunt
424 3619 546 3690 cruditi
567 3623 599 3690 1.
613 3621 751 3692 verbnm
772 3621 893 3691 resolvi
917 3645 984 3717 quo
1004 3619 1111 3690 utitur
1124 3619 1257 3691 Lactan-

141 3730 206 3804 tius
232 3732 266 3802 in
290 3758 391 3805 sensu
412 3732 616 3808 christianae
634 3733 845 3832 antiquitatis
862 3733 953 3806 haud
972 3758 1075 3831 posse
1093 3733 1203 3832 accipi
1220 3728 1255 3802 ad

141 3846 399 3943 significandam
425 3874 536 3920 veram
564 3850 673 3947 quoad
700 3849 871 3921 uinculum
897 3848 1160 3948 diremptionem
1187 3872 1257 3919 con·

140 3962 243 4059 iugii,
274 3964 333 4036 scd
360 3963 468 4037 solum
494 3965 537 4036 ad
564 3965 838 4038 dissociationcm
870 3963 1118 4061 designandam
1152 3959 1255 4064 quoad

141 4079 380 4153 habitationem
409 4097 442 4152 et
468 4096 588 4153 torum.
606 4080 711 4152 Cuius
738 4081 785 4152 rci
812 4080 1001 4178 exemplum
1029 4080 1254 4177 proferuntur

140 4221 234 4268 conc.
251 4195 482 4281 foroiuliensi,
504 4197 594 4295 quod
614 4196 734 4268 iisdem
751 4221 835 4294 pene
847 4195 960 4268 verbis
979 4194 1085 4267 utitur
1098 4195 1143 4268 ad
1157 4193 1252 4269 solam

115 4393 118 4399 ¹
140 4308 414 4387 dissociationem
428 4311 540 4412 quoad
555 4328 662 4386 torum
677 4310 948 4409 significandam.
960 4310 1016 4386 tit
1028 4310 1121 4387 enim
1133 4305 1249 4386 canl.
