2796 5064
221 216 292 290 m
365 236 428 290 ur.
448 235 498 289 ιιι.
510 234 627 289 merto
642 233 830 287 strennus
847 232 961 285 mons.
977 231 1077 284 xtra.-
1091 231 1224 285 caum,

296 356 421 432 luserit
444 353 585 456 proinde
610 353 674 428 hos
699 367 809 428 textus
829 352 968 440 nllarre,
996 367 1031 425 et
1056 351 1284 450 perlustrare,
1306 371 1340 428 nt

222 474 314 576 qood
323 472 513 546 Alexander
525 471 638 572 reipsa
650 470 796 545 senserit
807 467 1143 570 colligamusrltque
1155 470 1342 570 utaprimo

222 588 459 676 exordiamur,
476 613 597 687 nempe
613 613 635 660 a
654 612 731 686 cap.
747 586 834 658 Vlll.
852 586 900 659 ἰιι
919 611 958 660 se
978 583 1082 658 habet
1095 583 1283 660 Alexandri
1300 613 1343 660 rc

224 730 409 806 sponsum:
440 702 681 778 «consuluisti
707 728 790 790 nos,
811 717 923 775 utrum
942 700 1029 774 inter
1043 699 1158 775 virum
1180 717 1218 776 et
1232 701 1345 777 mulie·

224 846 316 908 rem,
344 817 504 919 praestito
526 817 579 892 rel
605 843 672 892 non
691 816 853 917 praestito
878 830 1107 904 sacramento,
1129 816 1161 889 si
1179 814 1345 914 Ιιςὶιίιιιιιι

222 959 412 1010 consensus
436 932 651 1008 intervenerit
673 933 717 1006 de
740 930 936 1033 praesenti,
964 929 1094 1004 carnali
1125 930 1250 1032 copule
1278 957 1344 1005 non

224 1067 363 1158 secuta,
391 1049 491 1125 licent
515 1049 647 1124 mulieri
672 1048 731 1123 elii
749 1047 893 1122 nubere:
917 1044 970 1121 vel
991 1045 1021 1120 si
1044 1047 1205 1146 nupserit
1220 1046 1345 1134 alii,et

222 1165 369 1243 carnalis
395 1165 496 1242 luerit
515 1163 636 1266 copula
657 1181 791 1253 secuta,
811 1190 856 1238 en
875 1161 920 1236 ab
941 1163 1018 1263 ipso
1036 1162 1163 1237 debent
1184 1162 1343 1264 soporum

223 1283 332 1384 Super
355 1281 420 1356 hoc
443 1280 657 1382 inquisitioni
680 1297 758 1355 tuae
782 1278 892 1354 taliter
911 1277 1183 1379 respondemus:
1212 1277 1346 1379 quodsi

224 1396 394 1498 legitimus
419 1423 606 1472 consensus
631 1423 652 1471 a
678 1396 910 1484 solemnitate,
931 1421 1001 1497 qua
1026 1393 1099 1467 lieri
1127 1393 1239 1482 solet,
1261 1420 1347 1494 prae

225 1511 540 1614 mntesucerdote,
567 1512 751 1586 autetiam
784 1513 859 1587 eius
889 1510 1037 1599 notario,
1069 1508 1164 1584 sicut
1189 1508 1290 1584 etiam
1313 1509 1346 1582 in

225 1630 432 1730 quibusdem
456 1627 539 1703 locis
559 1628 671 1704 adhuc
687 1627 905 1717 observatur,
924 1651 1038 1702 eornm
1055 1625 1195 1701 idoneis
1211 1624 1348 1700 testibus

227 1746 428 1820 interveniet
454 1745 499 1819 de
530 1745 722 1845 praesenti,
758 1745 805 1818 ita
828 1743 920 1845 quod
945 1769 1034 1817 unus
1053 1740 1169 1816 alium
1195 1742 1234 1815 in
1258 1766 1348 1831 snam

194 1898 197 1904 ·
227 1878 344 1937 mutuo
355 1888 524 1937 consensu
535 1860 649 1936 verbis
657 1861 827 1963 expressis
840 1859 993 1960 recipiet,
1005 1857 1179 1958 utrimque
1190 1856 1343 1932 dicendo:

228 1977 298 2075 Epo
321 1993 349 2049 te
373 1979 494 2077 recipio
515 1979 550 2049 iu
566 2003 689 2063 meam,
707 1991 737 2050 et
762 2003 818 2076 epo
836 1989 864 2049 tr
888 1977 924 2047 in
947 1999 1074 2047 meum:
1093 1972 1170 2048 sive
1196 1972 1245 2048 sit
1267 1972 1348 2046 iura·

227 2105 402 2177 mentum,
431 2090 504 2163 sive
526 2116 615 2177 non,
644 2116 711 2164 non
737 2088 817 2165 licet
836 2087 969 2163 mulieri
994 2085 1055 2161 ulii
1081 2085 1240 2162 nubere:
1269 2084 1347 2161 etsi

228 2204 400 2303 nupserit,
421 2220 455 2278 et
472 2204 572 2277 luerit
596 2203 743 2288 carnalis
768 2203 890 2305 copula
911 2203 1113 2290 subsecuta,
1135 2202 1180 2277 eb
1199 2229 1243 2278 eo
1259 2227 1349 2303 sepu-

228 2319 295 2394 rari
321 2318 440 2408 debet,
469 2336 503 2394 et
528 2337 565 2394 ut
589 2320 634 2394 ad
656 2320 818 2420 primum
828 2319 966 2408 redeat,
988 2316 1228 2394 ecclesiastice
1243 2317 1350 2393 distri·

228 2434 339 2510 ctione
356 2434 531 2535 compelli:
559 2435 717 2534 quamvis
743 2434 801 2508 elii
827 2433 925 2508 aliter
949 2433 1116 2521 sentiant,
1138 2433 1240 2508 aliter
1258 2432 1366 2507 etiam.

228 2578 249 2625 a
275 2551 481 2651 quibusdam
501 2550 819 2651 praedecessoribus
846 2549 970 2624 nostris
993 2550 1038 2623 sit
1058 2548 1249 2652 aliquando
1275 2546 1351 2622 iudi·

229 2687 341 2743 catum
362 2671 511 2764 (131).»

303 2786 345 2857 Ut
369 2784 503 2857 interim
531 2784 587 2859 hic
613 2785 794 2872 sistamus,
821 2784 963 2864 fidenter
983 2809 1100 2857 assero
1124 2782 1213 2855 nihil
1241 2782 1351 2858 hocin

229 2916 386 2974 contextu
404 2900 542 2999 reperiri
567 2899 659 2999 quod
685 2898 728 2972 ad
755 2926 824 2973 rem
851 2915 1000 2973 nostram
1023 2898 1202 2973 referatur.
1227 2899 1350 2972 Etenim

231 3018 265 3085 l.
295 3042 358 3089 nos
383 3015 516 3113 agimus
542 3014 580 3086 de
607 3017 703 3098 iore,
739 3040 800 3087 seu
826 3014 869 3087 de
894 3012 1050 3113 eoquod
1082 3039 1169 3085 rom.
1208 3012 1352 3089 Pontifex

230 3129 338 3229 possit
362 3145 421 3203 aut
445 3158 511 3204 uon
540 3130 648 3229 possit
672 3131 762 3204 circa
780 3131 1069 3231 dispensationem
1088 3131 1123 3203 in
1142 3131 1353 3207 matrimonio

230 3259 321 3328 rato;
350 3244 385 3313 in
411 3243 475 3317 hac
500 3262 610 3318 autem
636 3247 793 3320 decretali
823 3248 934 3345 agitur
964 3247 1134 3346 desorto,
1164 3248 1353 3322 declarante

231 3357 392 3432 Pontifice
408 3358 443 3431 in
463 3385 564 3434 casus
582 3362 695 3461 specie
719 3363 761 3436 de
785 3390 855 3464 quo
880 3364 1103 3460 interrogatus
1122 3362 1252 3451 luerat,
1276 3360 1354 3463 quid

229 3474 458 3570 censendum
488 3492 522 3549 at
544 3476 636 3550 nulla
655 3479 781 3552 ratione
799 3480 832 3550 in
851 3505 891 3552 ea
908 3479 1019 3576 agitur
1036 3477 1078 3550 dc
1095 3478 1203 3578 potita
1221 3479 1356 3578 dispen-

231 3591 386 3678 satione,
414 3615 522 3690 eaque
547 3592 761 3666 concedenda
792 3608 851 3686 aut
879 3592 1090 3690 deneganda.
1126 3594 1162 3664 2.
1198 3591 1356 3680 Quaestio

231 3707 383 3780 Pontifici
408 3707 581 3808 proposita
597 3725 649 3780 est
667 3708 710 3781 de
727 3709 942 3782 matrimonio
960 3710 993 3780 in
1010 3734 1154 3805 genere,
1176 3709 1252 3783 sive
1270 3706 1355 3782 istud

229 3821 332 3893 luerit
348 3839 617 3896 consummatum
644 3823 715 3897 sive
741 3851 820 3897 non.
843 3825 904 3898 Cui
932 3826 993 3897 rite
1012 3825 1188 3924 respondit
1208 3825 1354 3899 Pontifex

231 3962 272 4008 ex
290 3965 406 4011 norma
425 3938 590 4026 iuridica,
614 3939 677 4014 hoc
695 3941 945 4015 matrimonium
963 3967 1029 4015 non
1048 3967 1151 4041 posse
1172 3940 1355 4014 ullomodo

231 4049 393 4140 dissolvi,
425 4055 557 4128 etiamsi
584 4055 706 4129 mulier
731 4073 808 4157 post
833 4058 953 4150 initum
979 4056 1092 4155 uerbis
1111 4055 1164 4131 de
1190 4053 1351 4161 praesenti

222 4175 225 4178 ⁴
306 4204 372 4265 (ιιι)
387 4207 454 4256 Aeto
472 4208 565 4257 concil.
580 4173 656 4259 tlard.
670 4211 728 4259 torn.
743 4211 785 4259 vt.
801 4223 852 4274 por.
871 4211 901 4259 tr.
915 4209 962 4259 col.
979 4159 1046 4262 tttl.
1178 4167 1181 4170 >
