2796 5064
265 380 336 431 oar.
347 378 392 431 vr.
405 378 446 431 nn
458 379 538 432 nias.
551 380 647 431 ulra.
660 381 743 445 anri,
760 380 824 432 ucri
838 380 998 432 cousuuu.
1015 383 1086 434 arr.
1100 383 1144 434 iv.
1199 361 1269 433 tol

154 494 265 571 solum
291 497 482 596 pontificem
507 513 617 599 potest
640 498 746 586 solvi,
767 524 834 574 non
858 515 911 573 est
935 499 1134 588 insolubile,
1155 500 1271 576 ethos

153 610 230 686 ideo
263 612 344 713 qnia
373 628 484 713 potest
507 640 568 716 per
591 614 878 715 dispensationem
913 616 1121 715 pontificiam
1156 617 1267 705 solvi3

151 753 233 826 ergo
258 755 321 802 nec
339 729 511 805 vinculum
536 730 683 829 coniugii
710 731 773 805 rati
799 732 863 806 erit
886 731 1087 821 insolubile,
1108 733 1139 807 si
1156 747 1271 834 posset

151 844 309 919 similiter
335 844 434 921 solvi.
1178 865 1179 868 ’

225 962 261 1033 8«.
289 962 362 1035 Non
389 977 499 1063 potest
523 989 678 1037 summus
704 963 852 1063 pontifex
876 978 1081 1039 statuerent
1102 966 1270 1039 matrimo-

149 1075 245 1147 nium
272 1091 381 1150 ratum
406 1076 556 1152 solvatur
572 1105 753 1178 perunum
770 1077 864 1152 aliud
881 1078 971 1180 quod
989 1078 1088 1151 luerit
1112 1104 1270 1154 consum·

148 1207 291 1265 matum.
312 1193 401 1292 Ergo
423 1219 486 1267 nec
505 1211 615 1296 potest
631 1221 692 1295 per
709 1194 996 1295 dispensationem
1017 1192 1098 1266 illud
1118 1194 1264 1268 solvere:

147 1307 302 1381 eiusdem
335 1309 506 1410 siquidem
531 1327 584 1385 est
608 1311 783 1410 potestatis
815 1309 966 1398 solvere,
995 1325 1029 1383 et
1052 1323 1268 1409 casumque

147 1423 300 1498 solvatur
323 1439 482 1500 statuere.

223 1542 259 1612 a.
288 1539 386 1626 Quod
410 1542 440 1615 si
463 1541 617 1616 nonnulli
643 1543 821 1643 pontifices
846 1542 1096 1617 matrimonium
1118 1539 1267 1642 quando-

146 1680 217 1755 qna
234 1671 342 1728 ratum
361 1656 550 1745 solverunt,
572 1658 752 1732 dicandum
768 1673 822 1732 est
838 1684 896 1733 eos
914 1656 979 1731 hac
996 1656 1117 1754 agendi
1136 1657 1266 1730 ratione

146 1785 284 1845 saculos
310 1771 417 1846 luisse
442 1774 643 1847 sententiam
669 1761 896 1873 probabilem,
926 1789 958 1847 et
983 1773 1073 1871 apud
1100 1772 1184 1846 iuris
1209 1798 1266 1846 ca-

145 1884 261 1959 nonici
281 1887 406 1985 peritos
424 1914 652 1962 communem:
668 1888 760 1990 quod
778 1890 813 1962 in
831 1916 868 1963 ra
884 1890 1028 1964 obscura
1046 1888 1133 1987 ipsis
1150 1888 1264 1976 licuit;

146 2014 182 2074 ct
205 1999 256 2072 illi
278 2001 480 2103 quibuscum
504 2005 554 2079 sic
579 2005 644 2079 luit
667 2006 900 2105 dispensatum
917 2031 961 2079 er¹
975 2006 1065 2078 iusta
1082 2031 1185 2079 causa
1201 2005 1263 2079 tuti

144 2115 284 2191 luerunt
295 2120 392 2214 (101)
401 2178 408 2191 .
418 2121 491 2193 Non
503 2119 682 2194 defuerunt
693 2137 803 2194 tamen
817 2120 875 2194 alii
889 2121 1065 2221 pontifices
1080 2121 1139 2221 qui
1153 2120 1266 2195 existi·

142 2248 278 2307 marcnt
301 2260 339 2308 se
363 2236 421 2309 tali
447 2253 611 2337 potestate
636 2263 701 2311 non
728 2237 872 2339 pollere,
900 2255 938 2311 ut
963 2238 1179 2313 Innocentius
1196 2238 1257 2309 lll.

142 2373 222 2448 cap.
248 2349 306 2423 Ec
325 2366 422 2450 parte
455 2351 505 2425 tit.
534 2353 582 2426 De
613 2380 755 2426 concers.
788 2348 968 2452 coniupct.,
994 2353 1052 2426 ubi
1083 2353 1265 2453 respondet

141 2464 395 2540 matrimonium
425 2466 512 2541 inter
539 2466 706 2566 legitimas
741 2496 903 2568 personas
937 2484 1165 2556 contractum,
1193 2467 1263 2542 illis

140 2580 333 2656 viventibus
358 2583 451 2658 nullo
477 2610 560 2658 casu
585 2609 687 2684 posse
712 2584 874 2672 dissolri,
903 2585 970 2657 nisi
995 2582 1048 2658 vel
1073 2610 1114 2656 ex
1139 2583 1263 2657 revela·

142 2695 237 2770 tione
259 2697 397 2786 divina,
417 2699 471 2772 vel
488 2700 517 2773 si
536 2726 596 2802 per
620 2699 789 2775 carnalem
814 2699 968 2801 copulam
994 2713 1262 2773 consummatum

140 2836 212 2886 non
235 2812 356 2903 luerit,
383 2841 443 2916 per
468 2814 608 2890 alterins
633 2815 876 2916 professionem
894 2814 929 2886 in
947 2813 1119 2911 religione.
1141 2813 1262 2887 (leuse

140 2925 202 3000 bnt
225 2926 329 3025 igitur
352 2928 386 3001 in
413 2930 625 3005 matrimonio
650 2931 750 3004 etiam
774 2957 841 3005 non
867 2943 1097 3003 consummato
1122 2928 1262 3026 dispen-

140 3043 307 3118 sationem
325 3046 533 3147 pontificiam
551 3047 637 3120 nihil
655 3072 756 3147 posse
769 3046 880 3146 quoad
895 3047 968 3119 eius
986 3045 1256 3144 diremptionem.

139 3159 235 3232 ldem
248 3162 399 3236 sensisse
405 3162 631 3236 Alexandrum
639 3164 700 3234 lll.
709 3188 749 3235 ex
763 3187 858 3236 conc.
868 3161 1091 3236 lateranensis
1101 3161 1256 3260 parteVl.

138 3302 171 3352 c.
190 3279 227 3350 8.
243 3278 355 3378 colligi
381 3297 511 3382 potest,
533 3299 631 3382 prout
655 3284 794 3358 Pontius
819 3282 952 3380 egregie
977 3281 1062 3354 illud
1087 3280 1256 3382 expendit.

138 3393 234 3468 ldem
250 3411 383 3472 constat
394 3397 597 3474 derldriano
610 3400 663 3471 vl.
680 3399 723 3473 de
740 3426 808 3500 quo
827 3398 926 3472 relert
937 3399 1035 3470 Dom.
1053 3398 1151 3484 Soto‚
1167 3396 1258 3496 quod

213 3609 279 3671 (tot)
294 3611 496 3662 llucreleruntur
506 3625 570 3676 quae
580 3612 754 3663 animadvertit
763 3613 896 3664 Bouuetus
906 3613 976 3663 Hlst.
985 3610 1031 3661 dea
1040 3609 1190 3661 camellis.
1204 3610 1257 3656 vll.

135 3700 164 3739 n.
176 3694 215 3740 tt.
228 3691 254 3740 et
267 3696 307 3741 cl.
320 3703 350 3741 ex
365 3691 494 3742 occasione
511 3691 700 3755 dispensationis
719 3705 734 3741 a
750 3690 813 3741 lulio
830 3694 862 3740 ll.
875 3704 1005 3741 concessae
1024 3691 1129 3740 llenrleo
1148 3689 1215 3736 Vlll.
1227 3686 1259 3735 sd

135 3767 278 3820 ducendam
289 3784 392 3822 uxorem
404 3772 512 3823 defuncti
525 3773 607 3823 lratris
619 3774 657 3823 sui
669 3773 779 3822 Arcturi:
794 3792 806 3816 a
817 3774 865 3822 ces
883 3771 997 3821 mallotes
1013 3769 1044 3819 de
1061 3769 1174 3831 dispense
1187 3780 1213 3817 se
1223 3767 1258 3816 re·

136 3848 207 3913 glent
221 3852 326 3901 convent
342 3864 387 3916 per
404 3851 437 3902 dc
452 3851 558 3915 slmples
570 3852 758 3916 protoln'lttes5
769 3853 793 3901 et
804 3865 837 3902 on
848 3851 910 3902 n'est
920 3865 965 3914 pas
975 3849 1055 3911 obllge
1064 3847 1105 3911 d'y
1117 3847 1259 3897 rechercher

135 3929 164 3981 la
178 3929 300 3982 certitudo
314 3930 346 3983 de
357 3932 382 3982 la
392 3932 440 3996 tol,
452 3932 513 3983 dont
524 3935 603 3983 meme
612 3934 671 3984 elles
682 3946 713 3984 ne
722 3935 779 3984 sont
789 3946 834 3998 pas
846 3933 960 3995 toulonrs
972 3930 1113 3994 capables...
1123 3927 1187 3986 Qu'il
1197 3941 1213 3991 y
1223 3927 1258 3978 alt

135 4021 172 4076 pu
191 4009 261 4060 avoir
275 4023 318 4062 sur
337 4013 400 4063 cette
419 4012 520 4062 muliere
541 4014 648 4076 quelque
666 4014 783 4064 diversitt
803 4013 834 4064 de
853 4012 1010 4071 sentimenta,
1027 4011 1087 4060 c'est
1110 4022 1177 4059 assez
1195 4008 1257 4072 qn’ll

134 4100 170 4140 ιο
183 4089 222 4140 llll
234 4102 278 4153 pes
291 4089 391 4142 trident
406 4103 454 4156 que
468 4092 493 4142 la
504 4090 617 4156 dispensa
632 4092 670 4142 fut
685 4092 806 4143 contraire
819 4105 868 4143 aux
885 4091 932 4142 lois
946 4090 1055 4153 divinas,
1068 4087 1210 4151 ausquelles
1223 4087 1258 4137 les

133 4168 259 4221 ditatione
271 4172 329 4222 sont
341 4170 443 4236 obligas.
456 4173 526 4223 cette
536 4172 639 4223 matters
650 4171 711 4224 etnit
720 4170 787 4224 donc
795 4173 826 4224 (la
835 4173 860 4222 la
873 4172 960 4222 nature
972 4169 1003 4220 de
1017 4169 1090 4220 celles
1101 4169 1134 4218 orl
1145 4169 1200 4218 toul
1215 4167 1256 4217 de-

134 4249 203 4315 pend
218 4248 287 4302 dela
304 4250 429 4315 pradsnoe
443 4251 488 4304 des
507 4253 660 4318 nepotiana,
677 4254 703 4304 et
719 4252 783 4306 dans
801 4252 932 4316 lesquelles
945 4251 970 4301 ln
986 4251 1066 4300 bonne
1077 4248 1111 4300 lol
1126 4249 1180 4315 doit
1196 4248 1256 4298 taire

131 4330 158 4382 n
171 4341 244 4395 ιφω
259 4329 304 4384 ue
317 4331 497 4386 omunia.»
509 4332 737 4386 nomvmcue
749 4333 810 4385 lom.
823 4334 887 4384 xni.
899 4344 955 4397 pai.
971 4334 1025 4383 so.
1037 4332 1063 4382 et
1076 4333 1121 4383 ors
1138 4315 1191 4394 sed.
