2796 5064
269 390 337 440 mr.
354 389 376 438 ι.
394 390 434 438 nn
449 388 622 438 romonum
640 387 845 437 smumnnm.
863 389 933 437 inr.
947 388 981 436 n.
1134 367 1177 436 33

75 507 181 592 milia,
213 507 273 580 uhi
298 507 355 579 uni
381 506 454 578 viro
479 504 592 604 plures
622 531 741 578 uxores
777 506 977 601 iunguntur,
1006 530 1081 575 cum
1109 531 1176 578 non

71 623 177 721 possit
192 649 282 695 unus
298 623 350 696 vir
369 621 524 694 sulficere
542 621 584 692 ud
603 620 876 693 satisfaciendum
896 620 1049 719 pluribus
1066 622 1179 694 uxori·

69 735 132 809 bus
157 735 201 809 ud
225 751 357 821 votum,
378 735 507 835 etquis
525 733 783 809 communicatio
801 733 947 833 plurium
966 735 1000 806 in
1017 761 1085 808 uno
1103 735 1177 807 olfi-

68 850 120 923 eio
141 867 260 924 causat
285 850 395 938 litem,
426 849 513 923 sicut
539 848 631 947 figuli
657 850 864 923 corrixantur
887 851 929 923 ud
958 850 1117 936 inuicem,
1147 867 1180 924 et

68 965 225 1040 similiter
250 964 363 1065 plures
389 992 511 1040 uxores
538 965 640 1038 unius
665 965 727 1037 viri
745 969 858 1061 (76).»

140 1079 230 1153 lllud
259 1080 366 1154 obiter
389 1081 522 1154 tundem
554 1080 673 1153 iuverit
706 1079 993 1164 animadvertere,
1031 1098 1179 1179 spectato

70 1198 172 1270 etium
196 1195 270 1270 solo
295 1212 434 1270 naturae
456 1195 548 1283 iure,
571 1194 710 1267 difficile
734 1195 913 1268 admodum
940 1221 1032 1282 esse,
1061 1196 1180 1269 infide-

68 1310 140 1397 les,
170 1337 276 1409 penes
301 1336 387 1411 quos
414 1308 603 1410 polygamiu
623 1309 748 1406 viguit,
771 1327 828 1382 uut
845 1336 949 1407 penes
968 1337 1052 1409 quos
1071 1311 1180 1384 haete-

70 1451 132 1498 nus
157 1424 303 1513 0btinet,
324 1451 345 1498 u
366 1440 503 1524 peceato
527 1449 707 1510 excusare,
729 1451 768 1497 ex
786 1451 825 1497 eo
851 1426 1063 1523 potissimum
1089 1426 1179 1524 quod

71 1539 178 1615 iinon
197 1540 331 1614 honesti
349 1539 493 1613 alicuius
518 1538 596 1612 linis
621 1539 727 1636 gratia
752 1538 844 1612 illam
870 1541 1098 1639 frequentent,
1120 1540 1180 1613 sed

72 1655 179 1729 solum
211 1654 366 1728 libidinis
395 1670 510 1743 aestu,
539 1681 607 1754 quo
632 1654 689 1741 fit,
718 1672 756 1726 ut
779 1655 952 1728 brutorum
977 1682 1068 1727 moro
1094 1654 1181 1727 ultru

72 1796 171 1869 quam
198 1768 284 1842 lerut
307 1768 454 1843 hominis
481 1769 653 1843 rationalis
688 1769 835 1843 conditio
860 1796 899 1842 uc
923 1770 1093 1868 dignitus,
1124 1769 1181 1842 illu

73 1909 107 1957 se
122 1883 317 1984 implicent,
337 1910 377 1956 ex
395 1910 463 1984 que
480 1884 656 1956 innumera
679 1910 765 1983 pene
791 1884 878 1958 mala
903 1885 1177 1984 proficiscuntur,

73 1999 261 2074 cuiusmodi
292 2015 372 2072 sunt
404 1998 557 2099 tyrannis
583 2000 616 2070 in
645 2000 796 2084 lumilia,
825 2000 968 2072 filiorum
996 2000 1182 2073 inconsultu

75 2112 325 2214 multiplicatio,
356 2113 488 2187 illorum
523 2113 712 2210 neglectus,
742 2114 953 2213 interemptio
987 2113 1177 2197 interdum,

73 2246 126 2303 aut
150 2228 272 2304 saltem
306 2228 441 2329 publica
474 2229 638 2328 expositio
662 2230 697 2301 in
722 2230 786 2302 viis
813 2256 851 2302 uo
877 2231 977 2314 loris,
1007 2246 1042 2301 ut
1067 2247 1180 2304 notum

74 2360 176 2418 estex
196 2344 288 2418 indis
314 2359 414 2443 etque
439 2344 647 2431 sinensihus,
676 2370 780 2444 penes
805 2371 891 2444 quos
918 2345 1060 2442 singulis
1083 2347 1180 2417 annis

74 2457 327 2533 innumerabilis
344 2484 461 2532 reeens
479 2475 630 2534 natorum
650 2459 736 2557 perit
752 2459 929 2532 multitudo
946 2459 1086 2554 (inm
1099 2458 1181 2532 haee

74 2571 112 2645 de
136 2573 212 2647 iure
237 2589 388 2648 naturae.

140 2779 194 2843 (7⁶)
212 2783 240 2831 in
251 2782 294 2831 iv.
306 2783 373 2832 Seni
386 2781 412 2832 d.
425 2789 463 2835 is.
476 2796 501 2846 q.
518 2789 538 2834 t.
551 2784 598 2834 art.
610 2791 630 2832 t.
644 2783 670 2833 iu
680 2797 747 2847 corp.

140 2861 194 2925 (77)
211 2860 345 2911 Burburum
364 2861 431 2912 hune
448 2875 541 2913 morem
563 2863 700 2926 exponendi
715 2863 742 2912 in
757 2863 816 2913 ioris
827 2876 856 2912 ao
868 2864 915 2912 viis
929 2863 1034 2926 publicis
1049 2862 1152 2913 inientes
1168 2877 1183 2914 n

75 2941 214 3004 psentibus
229 2941 307 2993 nimiu
323 2943 392 3007 prole
405 2943 500 2993 onustis
513 2943 642 3006 moquum
655 2955 708 2993 esse
724 2956 796 2993 nemo
811 2944 848 2992 est
866 2942 909 3005 qui
925 2941 1112 2993 aerumnosis
1124 2944 1183 2994 ustis

75 3022 150 3073 licuit
157 3022 235 3072 verbu
245 3022 401 3085 s.Augustini
412 3022 499 3074 ulierre
509 3037 539 3073 ex
550 3024 627 3086 Epist.
635 3022 873 3073 xcviiiediieur.
884 3030 938 3074 no.
949 3021 1039 3086 quibus
1047 3023 1073 3072 id
1081 3024 1183 3075 teetutm

74 3102 179 3153 minen
190 3101 352 3165 -stiqumuo
369 3102 443 3153 etiem
463 3116 526 3166 quos
547 3103 678 3153 cmdelitur
695 3105 807 3166 parentes
829 3106 993 3166 exposuerunt
1012 3103 1182 3154 nutriendosn

74 3181 235 3246 quibuslibet,
251 3194 437 3246 nonnumquam
456 3196 471 3232 u
488 3183 564 3233 suerio
582 3183 719 3246 uirginibus
739 3183 902 3246 colliguntur,
921 3184 946 3232 et
962 3181 1035 3232 nbeis
1046 3181 1183 3234 oiieruutur

74 3261 100 3312 ed
116 3261 296 3327 baptismum.»
304 3262 430 3313 interdum
446 3263 486 3313 uei
504 3264 570 3326 ipses
586 3265 676 3313 meires
693 3263 739 3313 hue
757 3261 788 3312 de
803 3275 877 3313 musa
890 3263 993 3313 inientes
1010 3276 1068 3313 suos
1085 3274 1183 3315 neeesse

74 3343 137 3392 iestis
148 3343 188 3393 est
195 3355 218 3392 s.
229 3343 289 3392 otto
299 3354 487 3405 pomeranorum
500 3343 625 3406 apostolus
635 3343 672 3392 sie
681 3341 795 3392 mulieres
804 3342 937 3391 allocutus:
948 3344 993 3391 «tit
1001 3343 1084 3404 purius
1099 3341 1181 3392 loomi-

75 3431 140 3483 neus,
152 3419 450 3484 quluroe,omulieres,
468 3433 556 3470 necere
573 3421 748 3484 eonsueristim
769 3420 835 3483 quod
857 3423 975 3483 quantum
994 3421 1184 3471 abominationis

77 3496 169 3561 tutent,
178 3499 286 3562 exprimi
301 3511 414 3549 sermone
428 3511 478 3549 uon
494 3500 668 3562 potest...sive
677 3499 927 3562 igitursitmmeoiuo
936 3501 988 3550 sive
998 3500 1116 3563 tuemini,
1128 3500 1183 3550 diii·

79 3580 152 3638 μία
162 3577 271 3630 enutrite
286 3579 372 3642 pertus
389 3579 494 3629 vestros:
510 3578 555 3629 Dei
570 3578 636 3629 enim
647 3581 684 3629 est
697 3580 722 3629 et
732 3592 823 3629 merem
839 3592 980 3643 procreare,
991 3582 1016 3630 et
1027 3580 1183 3630 foeminum.»

80 3656 142 3719 tpud
152 3655 267 3708 nolimu.
276 3669 353 3707 mens.
366 3657 412 3706 lui.
424 3658 486 3709 tom.
498 3659 517 3706 i.
530 3656 555 3706 in
570 3657 620 3706 vita
632 3658 758 3708 s.0ttonis
769 3671 822 3721 erp.
836 3661 865 3709 ΙΙ.
877 3671 901 3708 n.
913 3663 953 3709 77.
964 3672 1017 3722 pig.
1029 3662 1083 3710 tot.
