2796 5064
246 376 317 427 ms.
335 374 372 426 ιι.
392 373 433 424 nn
450 371 563 425 tnntss.
580 371 674 423 ιιιιιι.
692 370 725 422 ιιι
743 369 833 421 crus.
853 369 1098 467 sputamen.
1173 349 1243 420 tat

134 519 205 568 cusu
221 494 455 593 fornicationis
471 518 492 565 a
509 490 649 564 muliere
673 504 747 563 onte
772 489 891 562 initum
916 488 1028 562 adhuc
1052 490 1244 588 coniugium

131 608 328 685 commissae
359 607 558 682 solutionem
589 605 791 679 matrimonii
824 618 942 704 postea
972 606 1155 691 contracti,
1184 632 1245 680 scu

129 725 308 800 diuortium
335 723 465 797 licitum
490 722 660 797 docuisse.
677 721 719 795 ht
743 721 823 793 dnm
849 747 914 794 vox
938 705 1095 817 πορνεία
1121 720 1164 792 ad
1180 722 1247 794 cri-

129 868 199 914 men
227 855 305 912 cntc
330 838 580 912 matrimonium
605 853 773 932 patratum
796 851 968 922 revocant,
990 834 1091 908 simul
1109 851 1243 908 conten·

128 955 207 1029 dunt
234 981 298 1053 per
321 980 414 1041 mm,
442 979 509 1026 non
535 952 641 1026 solam
667 951 936 1038 fornicationem,
966 951 1026 1024 sed
1051 949 1119 1024 alia
1143 951 1245 1024 etiam

128 1069 222 1144 foeda
239 1068 372 1166 flagitia
389 1084 467 1141 ante
483 1067 734 1141 matrimonium
754 1067 905 1140 admissa
930 1065 1137 1164 significari,
1157 1092 1247 1166 quae

128 1200 200 1256 sunt
226 1180 335 1256 cauda
360 1180 515 1268 divortii3
545 1181 647 1281 idque
673 1206 739 1253 non
766 1182 880 1253 minus
899 1207 939 1252 ex
957 1179 1186 1278 littera'quam
1205 1206 1246 1252 ax

128 1298 249 1399 spiritu
265 1295 441 1370 doctrinae
458 1294 584 1370 Christi
604 1311 717 1395 patere
734 1295 951 1370 contendunt.
973 1296 1021 1366 Ειι
1043 1294 1152 1368 littera
1168 1295 1245 1394 qui-

129 1412 223 1499 dem,
254 1436 333 1485 cum
359 1410 568 1511 exploratum
593 1411 639 1485 sit
661 1437 744 1485 voce
767 1396 923 1510 πορνεία
949 1437 1016 1485 ιιοιι
1042 1410 1143 1484 modo
1177 1409 1246 1484 for-

130 1526 354 1613 mentionem,
374 1526 608 1600 verumetiam
627 1527 743 1624 gravia
761 1525 829 1599 alia
846 1526 973 1623 flagitia
991 1526 1025 1598 in
1047 1551 1117 1599 sac.
1138 1525 1248 1598 literis

132 1640 281 1715 denotari
296 1668 305 1726 3
325 1665 395 1739 qua
408 1639 516 1713 latiori
536 1641 782 1738 significatione
800 1643 911 1714 lesum
924 1668 1039 1714 rocem
1053 1641 1142 1714 hanc
1155 1641 1247 1740 pari-

130 1773 176 1830 ter
190 1781 384 1854 usurpasse
395 1781 434 1828 ex
449 1756 617 1830 adiunctis
631 1757 695 1830 loci
709 1757 825 1830 Matth.
841 1758 927 1829 xlx.
946 1757 1116 1858 praesumi
1129 1757 1241 1831 dehet.

131 1871 177 1943 Ex
202 1871 330 1971 spiritu
355 1895 435 1944 tero
460 1887 627 1970 quatenus
654 1874 750 1945 lesus
776 1870 904 1946 abusus
930 1898 1128 1972 erroresque
1153 1871 1246 1971 apud

130 1986 267 2060 iudaeos
293 2012 335 2059 ex
361 2003 577 2086 praepostera
602 1987 688 2085 legis
711 1988 985 2087 interpretatione
1000 1987 1244 2061 invalescentes

131 2101 261 2175 amoliri
288 2099 355 2174 sihi
382 2103 575 2201 proposuit,
604 2119 642 2175 ut
666 2101 730 2175 hac
755 2103 884 2176 ratione
908 2106 1046 2176 causas
1062 2102 1247 2175 divortium

132 2215 275 2290 faciendi
295 2231 478 2291 coarctaret
495 2233 674 2317 postquam
690 2218 752 2290 rite
771 2218 892 2290 initum
915 2218 1015 2292 fuerit
1032 2217 1240 2315 coniugium.

132 2331 250 2405 Verum
278 2358 355 2404 oum
381 2330 537 2406 Christus
563 2348 652 2405 certe
677 2331 821 2405 nolucrit
846 2334 879 2404 in
905 2332 979 2431 lege
1004 2360 1066 2406 sua
1091 2333 1149 2406 illa
1169 2360 1246 2433 per·

132 2473 266 2521 manere
291 2446 471 2544 coniugia,
500 2474 588 2547 qnae
612 2464 681 2520 tum
709 2448 763 2522 ius
788 2448 941 2521 naturale
966 2464 1037 2521 tum
1063 2449 1154 2546 leges
1177 2475 1246 2524 mo-

132 2561 214 2637 rales
239 2561 426 2650 damnant,
453 2562 575 2636 exinde
600 2562 762 2660 colligunt
783 2561 965 2636 Salvatoris
982 2563 1084 2636 verba
1102 2564 1136 2634 in
1154 2580 1247 2637 utro-

131 2703 193 2777 que
218 2676 379 2750 Matthaei
405 2692 497 2750 textu
522 2677 565 2750 de
591 2678 809 2751 fornicatione
834 2677 953 2751 aliisve
979 2676 1087 2752 foedis
1107 2678 1246 2774 flagitiis

131 2806 200 2864 onte
225 2792 377 2888 coniugii
395 2792 653 2866 celebrationem
673 2792 812 2892 patratis
825 2819 901 2867 esse
915 2792 1134 2890 intelligenda
1151 2794 1241 2889 (ts).

198 2905 264 2980 Mis
283 2907 445 2980 insistens
460 2907 623 2994 Gartzius,
645 2933 712 2980 non
730 2907 830 2981 modo
848 2908 968 3007 prohat
985 2934 1149 3007 suamque
1166 2907 1246 2982 facit

132 3022 376 3122 expositionem
400 3023 494 3096 vocis
520 3008 676 3122 captain
703 3051 763 3124 pro
789 3024 1007 3097 fornicatione
1032 3039 1109 3096 ante
1131 3023 1246 3095 matri-

130 3139 277 3213 monium
311 3154 475 3237 peracta,
511 3139 570 3213 scd
603 3156 636 3213 et
673 3140 871 3213 confirmare
901 3138 1063 3213 adnititur
1099 3166 1139 3213 ex
1174 3164 1242 3226 eo,

129 3253 217 3354 quod
244 3252 435 3327 Matthaeus
461 3254 635 3354 scripserit
659 3254 869 3352 evangelium
895 3281 994 3328 suum
1021 3281 1081 3354 pro
1107 3253 1245 3328 iudaeo-

128 3369 341 3442 christianis.
362 3369 432 3442 lam
455 3395 536 3443 vero
559 3369 768 3469 exploratum
793 3389 845 3446 est
865 3371 956 3471 apud
975 3370 1116 3445 iudaeos
1139 3372 1244 3446 moris

128 3483 258 3570 fuisse,
278 3497 316 3556 ut
333 3483 479 3558 sollicite
496 3501 573 3558 ante
590 3485 704 3559 omnia
720 3486 763 3558 de
781 3512 929 3585 sponsae
940 3486 1130 3583 uirginitate
1145 3512 1247 3585 quae-

129 3616 272 3672 rerctur.
296 3599 447 3673 Indidem
467 3616 499 3672 et
517 3600 590 3700 ipsc
608 3600 719 3674 intulit
736 3627 777 3674 ex
790 3602 934 3675 testibus
947 3601 1104 3675 Matthaei
1119 3600 1246 3674 nullam

128 3714 295 3790 contineri
321 3715 500 3790 divortium
526 3716 673 3791 faciendi
701 3717 980 3818 prohibitionem,
1001 3717 1060 3791 uhi
1077 3717 1140 3790 uiri
1159 3743 1247 3792 com·

128 3831 279 3930 pararint
295 3831 413 3906 ductas
432 3860 452 3907 a
471 3860 508 3908 se
524 3860 646 3908 uxores
663 3835 895 3909 fornicationis
910 3835 1038 3932 flagitio
1052 3852 1129 3908 ante
1143 3835 1244 3909 initas

130 3947 267 4047 nuptias
285 3947 392 4022 fnisse
409 3950 657 4050 coinquinatas.
677 3951 810 4024 Etenim
828 3950 944 4024 Matth.
962 3951 998 4022 V.
1012 3953 1070 4024 32.
1090 3950 1245 4024 Christus

131 4062 170 4135 de
194 4063 256 4136 illo
281 4063 420 4162 speciali
447 4080 575 4139 tantum
601 4091 682 4139 casu
708 4065 840 4140 locutus
865 4082 934 4153 cst,
963 4091 1031 4166 quo
1060 4065 1112 4140 vir
1142 4090 1246 4163 spon·

202 4250 254 4311 (ts)
270 4251 307 4301 tta
327 4253 413 4301 auctor
430 4250 608 4303 dissertationis
627 4255 664 4302 Dc
681 4253 786 4302 tustittc
806 4251 990 4302 dtccrttornrn.
1012 4248 1145 4312 salisburgi
1165 4247 1246 4299 editae

139 4339 174 4376 ιιι.
188 4336 256 4382 tata.
268 4330 334 4393 apud
348 4331 492 4394 Bosforany
504 4345 545 4394 op.
557 4330 631 4395 ctt.§.
642 4339 681 4384 52.
695 4344 749 4395 pag.
763 4339 853 4396 etseq.
