2796 5064
344 390 414 442 aar,
426 390 511 440 uns
528 389 637 440 soson
652 390 780 441 rrrnnr.
796 390 892 441 uara.
909 391 983 442 aar.
997 391 1034 443 u.
1053 422 1056 429 -
1176 370 1245 443 itt

128 510 214 599 dus,
243 507 596 582 infinitamortalium
622 507 730 582 millia
754 509 843 585 mule
867 526 1021 584 tenentur
1048 509 1244 610 illaqueata.

127 627 216 703 Num
233 625 303 700 coi't
322 624 594 713 matrimonium,
622 625 652 699 si
678 626 778 700 modo
803 626 912 700 coitus
938 625 1158 715 successerit,
1178 627 1249 702 imo

127 743 158 817 ai
176 767 245 815 non
264 739 482 828 successerit,
511 737 597 811 nihil
621 740 707 813 inter
733 739 928 815 coniunctos
954 743 1130 830 convenit,
1155 756 1248 816 unta

127 875 181 934 est
192 883 326 932 morum
340 871 372 930 et
385 855 595 954 ingeniorum
613 854 877 930 dissimilitudo:
895 857 985 930 rixae
1003 858 1115 956 iuges,
1132 857 1248 932 odium

127 971 396 1059 immedicabile,
414 971 551 1044 timetur
565 998 749 1059 venenum,
766 972 901 1046 timetur
916 974 1054 1060 caedes,
1075 974 1161 1046 nihil
1180 1001 1248 1049 non
1337 1028 1339 1032 ι

127 1087 293 1161 malorum
307 1100 520 1185 expectatur,
537 1102 655 1160 neuter
667 1084 800 1160 caelebs
815 1103 924 1186 potest
937 1087 1067 1175 vivere,
1085 1089 1115 1162 si
1126 1089 1249 1178 cohue

128 1219 222 1291 rent,
249 1202 305 1277 bis
330 1202 418 1301 perit
441 1218 603 1302 uterque:
630 1202 659 1276 si
685 1218 832 1276 mutetur
855 1204 1070 1301 coniugium,
1091 1229 1170 1304 spes
1196 1220 1250 1279 est

126 1335 310 1416 utrumque
327 1316 397 1391 fore
415 1317 633 1391 incolumem:
652 1317 806 1392 fortassis
825 1345 885 1418 pro
897 1343 1021 1392 causae
1032 1318 1250 1392 circumstan-

128 1433 186 1508 tiis
211 1433 307 1506 ols'ud
335 1432 540 1531 responderet
564 1433 752 1532 Apostolus,
781 1449 812 1506 et
835 1435 985 1506 nonnihil
1014 1435 1180 1508 reluceret
1208 1433 1249 1506 de

126 1552 237 1648 rigore
261 1549 392 1621 consilii
415 1550 630 1647 superiores.»
651 1550 694 1622 Et
723 1549 869 1624 adducto
893 1549 1046 1648 exemplo
1069 1548 1246 1637 Fabiolae,

128 1691 233 1766 quam
258 1664 403 1752 Paulus,
432 1679 470 1739 ut
490 1665 565 1763 ipse
589 1682 703 1766 putat,
727 1665 756 1738 si
775 1666 819 1739 ad
838 1691 915 1738 eum
941 1664 1166 1763 confugisset,
1188 1665 1250 1736 mi·

129 1779 224 1853 nime
240 1780 408 1878 coegisset
424 1779 468 1853 ad
486 1781 698 1854 retinendum
717 1779 858 1881 pravum
884 1781 969 1855 adeo
990 1782 1168 1870 maritum,
1189 1804 1252 1855 nec

128 1896 357 1996 poenitentiae
382 1895 591 1986 addixisset,
619 1895 675 1970 c'ui
700 1896 743 1969 ab
768 1897 930 1997 episcopo
955 1897 1092 1971 addicta
1116 1911 1187 1985 est,
1209 1922 1251 1970 eo

128 2011 223 2112 quod
240 2010 337 2084 alteri
356 2011 549 2112 nupsisset,
571 2010 760 2086 concludit:
786 2011 1000 2086 ulliserebat
1016 2037 1070 2085 me
1093 2012 1246 2100 illorum,

126 2153 216 2227 quos
241 2126 400 2200 videbam
426 2126 623 2202 huiusmodi
648 2126 794 2202 vinculis
821 2127 1111 2202 inextricabilibus
1138 2126 1251 2228 impli-

126 2260 244 2328 catos,
273 2269 360 2342 quos
387 2242 538 2316 sciebam
565 2269 642 2317 esse
667 2242 831 2342 plurimos
847 2245 962 2340 (32).e

201 2354 268 2427 liii
286 2372 325 2428 ut
343 2356 511 2430 suadeant
534 2356 707 2430 vinculum
731 2359 846 2455 ipsum
872 2357 1022 2455 coniugii
1044 2359 1250 2458 quandoque

127 2470 216 2546 solvi
241 2470 385 2559 debere,
413 2471 612 2569 confugiunt
638 2471 680 2543 ad
709 2471 856 2545 indolem
887 2472 997 2571 ipsam
1026 2470 1067 2545 ac
1091 2473 1248 2573 spiritum

126 2586 302 2684 religionis
320 2586 541 2673 christianae;
559 2585 766 2660 constituunt
782 2586 872 2658 enim
893 2612 1080 2687 repugnare
1097 2587 1252 2661 christia·

126 2726 192 2775 nae
215 2699 389 2799 religionis
414 2701 547 2800 spiritui
567 2727 607 2774 ac
624 2700 803 2774 moralitati
830 2700 1028 2775 sententiam
1054 2696 1103 2774 de'
1122 2701 1247 2775 vinculi

126 2816 389 2892 matrimonialis
419 2816 614 2891 omnimoda
643 2814 961 2903 indissolubilitate;
992 2815 1111 2914 religio
1136 2817 1245 2903 enim,

126 2931 249 3020 aiunt,
279 2959 384 3033 quum
412 2959 473 3032 pro
499 2959 658 3035 supremo
684 2933 751 3005 fine
777 2928 968 3007 beatitatem
994 2931 1168 3005 hominum
1187 2932 1250 3005 ba-

126 3048 227 3136 beat,
248 3074 289 3123 eo
307 3049 385 3148 ipso
399 3050 517 3150 nequit
533 3048 634 3124 talem
652 3049 824 3123 continere
849 3047 1059 3134 doctrinam,
1081 3071 1169 3148 quae
1187 3046 1249 3121 bo·

125 3165 212 3239 mini
240 3189 381 3264 scopum
407 3166 578 3241 felicitatis
611 3165 748 3266 assequi
784 3163 966 3238 connitenti
998 3159 1165 3237 sacrificiu
1190 3189 1252 3263 per

125 3305 231 3381 quam
256 3280 411 3356 difficilia
438 3283 601 3381 imponat.
623 3281 708 3369 Quis
730 3307 812 3356 sane
830 3279 957 3379 estqui
984 3304 1050 3353 non
1075 3276 1191 3356 videat
1206 3306 1248 3354 ex

201 3541 254 3604 (tt)
271 3542 839 3608 sanctio1.adcor.v11.0pp.od.nugdum
853 3543 1006 3594 Balantum.
1014 3544 1057 3593 vl.
1066 3544 1184 3607 p.7ot.et
1193 3545 1249 3595 702.

125 3623 208 3688 atqua
220 3622 262 3672 liic
271 3623 309 3673 est
319 3626 435 3675 Erasmus
444 3625 515 3675 cuius
526 3624 572 3675 bsc
581 3623 612 3675 de
623 3637 650 3674 rs
659 3637 716 3674 cum
724 3623 905 3687 propositiones
919 3636 1024 3674 censura
1035 3636 1050 3674 a
1061 3623 1177 3674 facultate
1185 3621 1249 3686 peri·

124 3699 201 3752 simei
219 3702 318 3752 rotatm
338 3701 456 3766 fuissent,
473 3706 499 3753 et
513 3703 614 3766 quidem
628 3703 770 3764 haereseos,
784 3709 904 3753 an.1526.
918 3704 1060 3767 squameus
1073 3715 1116 3766 per
1127 3715 1168 3752 eas
1179 3713 1248 3764 prae·

124 3777 194 3832 indi
214 3778 313 3830 ridetur
329 3782 514 3833 matrimonium
529 3795 573 3846 per
592 3781 741 3832 adulterium
762 3779 863 3833 dissolvi
882 3785 1001 3844 quantum
1016 3779 1049 3831 ad
1059 3780 1195 3831 vinculum.
1206 3780 1251 3829 list

124 3860 208 3922 mim,
225 3859 341 3923 inquiunt
357 3862 518 3926 parisienses,
534 3862 661 3913 vinculum
681 3862 866 3912 matrimonium
885 3863 939 3912 iure
956 3862 1041 3912 divino
1061 3859 1250 3923 indissolubile,

123 3939 196 3991 atad
208 3940 351 3992 corinthios
366 3941 475 3993 scribens
486 3943 617 4006 Apostolus
632 3943 784 3993 demonstrat
798 3946 847 3993 etc,
859 3961 872 3985 u
883 3946 911 3992 ut
921 3955 935 3992 a
946 3956 972 3992 se
983 3941 1103 3992 eiusmodi
1119 3953 1248 3990 censuram

124 4021 288 4085 amoliretur,
315 4023 441 4088 respondit
462 4036 520 4074 suas
539 4024 717 4088 propositiones
742 4024 911 4086 intelligendas
933 4023 1008 4074 luisse
1028 4022 1061 4073 de
1083 4023 1249 4086 separatione

124 4101 217 4167 quood
232 4104 336 4166 torum,
349 4116 401 4153 non
415 4104 504 4169 quood
520 4103 667 4155 vinculum.
680 4106 711 4154 nt
721 4105 763 4167 qui
779 4105 832 4156 eius
846 4103 920 4155 rerba
938 4103 1036 4168 legerit,
1051 4103 1161 4166 prolecto
1176 4114 1247 4152 nurn-

123 4195 201 4246 quem
211 4181 260 4232 sibi
271 4183 429 4246 persuadebit
438 4184 470 4235 de
480 4185 532 4235 sola
543 4185 589 4235 huc
600 4184 682 4249 quoad
694 4187 777 4235 torum
787 4185 939 4248 separatione
949 4185 1029 4248 ipsum
1039 4182 1114 4234 luisse
1126 4181 1246 4233 toruum.

123 4263 162 4314 ct.
177 4263 305 4326 'rournely
323 4267 361 4314 De
374 4268 454 4315 metr.
472 4267 567 4328 quaeat.
581 4267 611 4314 v.
625 4268 671 4315 art.
684 4267 715 4315 li.
731 4268 765 4316 De
777 4265 904 4328 firmitut.
917 4266 986 4316 utne.
999 4265 1103 4327 contus.
1117 4262 1158 4314 ed.
1168 4262 1247 4314 Paris.

126 4346 197 4393 17⁶⁵.
210 4342 272 4392 tom.
285 4344 330 4393 xi.
339 4355 395 4406 pag.
406 4349 449 4394 tus
460 4355 514 4406 sea.
