2796 5064
140 359 209 429 eto
283 376 405 431 imur.
421 374 508 428 secr.
523 374 655 427 rursm.
677 375 717 427 nn
734 373 847 428 mnrss.
868 373 964 427 nm.
987 372 1119 428 eninr.

139 520 313 571 romanum
327 495 363 566 in
375 491 656 593 responsionibus
668 492 803 566 Nicetae
814 490 1066 590 metropolitani
1080 490 1260 567 Heracleae

138 610 181 685 ed
194 608 453 701 Constantinum
466 607 675 707 episcopum.
693 607 732 678 ln
747 607 997 704 interrogatione
1008 605 1169 681 mecedo.
1185 607 1258 680 «dn

138 724 285 824 puellam
310 737 460 823 oporteat
483 722 638 821 accipere
662 720 765 795 aliurn
791 720 920 807 virum,
945 745 1022 794 cum
1040 721 1095 794 vir
1110 721 1189 795 eius
1211 737 1259 796 est

140 841 174 913 in
200 855 392 913 extraneam
414 838 582 936 regionem
604 837 795 937 proiectus,
819 836 934 938 ibique
959 836 1189 912 concubinam
1205 864 1259 911 na·

138 972 235 1030 ctus:
252 971 286 1029 et
298 955 375 1054 ipsa
387 955 451 1027 viri
466 955 608 1049 reditum
624 953 732 1028 tribus
744 952 843 1027 annis
861 953 1060 1054 expectavit.
1080 953 1187 1054 Resp.
1202 954 1259 1028 llic

138 1069 314 1171 quidemn
338 1070 525 1144 concubina
548 1068 721 1158 discedet,
745 1095 812 1142 nee
829 1069 874 1143 ab
890 1095 993 1144 uxore
1018 1069 1252 1167 separabitur:

138 1184 198 1259 sed
226 1211 287 1259 nee
312 1185 387 1285 ipsa
412 1183 456 1257 ad
480 1183 565 1258 alias
584 1183 756 1258 festinabit
773 1182 922 1282 nuptias.
939 1181 1061 1256 libera
1080 1184 1176 1257 enim
1194 1200 1264 1284 est,

142 1307 205 1394 (ut
237 1298 346 1399 inquit
374 1296 580 1399 Apostolus)
600 1297 687 1371 ‘viro
716 1313 870 1384 mortno,
906 1322 972 1371 non
997 1313 1114 1371 autem
1147 1324 1189 1373 eo
1214 1299 1257 1371 vi-

140 1430 289 1512 vente.»
318 1415 479 1512 Interroq.
502 1415 536 1486 3.
568 1410 711 1485 «Puella
733 1411 900 1513 quaedam
924 1412 1033 1485 virum
1056 1415 1210 1512 accepit,
1229 1429 1257 1489 et

139 1527 388 1627 sponsaliorum
403 1527 490 1602 lacta
508 1543 560 1600 est
577 1526 722 1626 precatio
740 1542 775 1600 et
790 1525 999 1627 benedictio:
1016 1551 1097 1601 cum
1117 1527 1255 1602 carnalis

141 1669 209 1719 non
235 1644 472 1717 intervenisset
495 1642 640 1742 copula,
667 1641 720 1716 vir
743 1630 897 1715 insuam
924 1666 1060 1717 socrum
1083 1643 1255 1744 prolapsus

139 1773 212 1844 est,
242 1756 415 1856 gravidam
440 1756 536 1843 lecit,
565 1755 647 1857 quid
673 1755 863 1830 faciendum
888 1755 1101 1857 esti'llesp.
1130 1758 1183 1832 De
1203 1757 1256 1830 bae

143 1873 310 1972 speciest
335 1873 429 1974 prins
450 1871 708 1972 respondimus:
741 1896 831 1945 nnnc
852 1888 963 1945 autem
979 1871 1076 1971 quod
1095 1873 1253 1972 suppetit,

140 1988 440 2089 respondebimus:
466 1987 567 2062 licere
583 1987 656 2062 viro
674 2012 771 2060 sunm
790 2011 927 2060 uxorem
943 1986 1091 2061 hebere:
1112 1987 1178 2062 sed
1195 2012 1256 2088 pro

141 2101 195 2175 cul
220 2128 241 2175 a
263 2127 362 2177 socru
381 2101 617 2176 removendum
636 2127 730 2188 esse,
756 2100 800 2175 ob
821 2100 943 2174 malam
963 2102 1253 2203 consuetudinem,

140 2241 183 2288 ne
200 2215 348 2314 amplius
367 2205 411 2289 ab
435 2241 477 2288 ea
501 2214 693 2315 pelliciatur
712 2216 851 2311 (216).»
876 2217 914 2287 ln
931 2200 1077 2317 utroque
1094 2217 1256 2319 proposito

141 2357 223 2404 cusu
242 2347 312 2403 tum
330 2331 372 2404 de
392 2329 568 2418 adulterii,
594 2344 664 2403 tum
681 2330 783 2403 etiam
799 2329 843 2403 de
860 2329 982 2404 incesti
1006 2331 1143 2429 flagitio
1159 2332 1258 2430 egitur

143 2445 282 2519 alterins
316 2447 470 2544 coniugis
488 2475 497 2535 ;
534 2462 676 2544 negatur
700 2460 811 2520 tamen
836 2445 908 2519 siue
933 2463 1110 2521 nocentem
1141 2463 1256 2548 partem

145 2561 216 2634 sive
244 2560 452 2634 innocentem
480 2586 581 2660 posse
610 2560 695 2633 alias
724 2560 809 2632 inire
834 2561 992 2659 nuptias,
1019 2577 1126 2662 atque
1157 2576 1256 2663 aperte

145 2702 281 2777 quoque
299 2677 435 2775 nuptiae
454 2677 692 2762 excluduntur,
712 2675 844 2752 vivente
861 2676 973 2750 adhuc
985 2675 1093 2750 altero
1110 2678 1253 2775 coniuge,

145 2819 185 2864 ex
206 2793 403 2867 auctoritate
428 2791 590 2891 Apostoli.

217 2910 291 2982 Huc
311 2908 435 3008 pariter
452 2924 582 3009 spectat
603 2910 746 3010 epistola
763 2910 870 2981 lxlv.
892 2910 1028 2983 loannis
1048 2936 1163 3010 papae
1178 2907 1250 2983 Vlll.

145 3025 187 3097 ad
215 3025 404 3099 Ederedum
432 3026 582 3125 archiep.
611 3025 808 3122 anglorum,
842 3026 876 3096 in
908 3052 976 3127 qua
1002 3026 1146 3110 scribit:
1177 3024 1252 3098 eliis

144 3158 267 3228 autem,
280 3168 366 3240 quos
384 3143 511 3216 asseris
525 3168 646 3216 uxores
664 3142 818 3241 proprias
836 3157 952 3216 contra
969 3160 1189 3244 praeceptum
1204 3142 1252 3214 lto

145 3256 227 3327 mini
255 3256 461 3356 relinquere,
483 3257 731 3356 praecipimus,
752 3283 862 3357 neque
879 3257 988 3331 virum
1006 3257 1051 3331 ab
1069 3285 1192 3346 uxore,
1210 3280 1251 3328 ne

145 3398 211 3470 que
237 3397 373 3444 uxorem
398 3399 418 3445 a
443 3373 515 3447 viro
532 3431 539 3460 ,
558 3373 624 3446 nisi
650 3399 754 3446 causa
779 3372 1031 3458 fornicationis,
1062 3373 1248 3449 discedere:

145 3486 235 3585 quod
250 3487 279 3558 si
293 3487 331 3557 ob
346 3488 401 3557 boc
415 3487 622 3576 discesserit,
635 3514 770 3567 manere
785 3490 974 3589 innuptum,
991 3488 1046 3561 vel
1066 3491 1247 3588 innuptam,

146 3616 204 3675 aut
217 3601 280 3675 sibi
297 3617 410 3675 mutuo
425 3604 646 3677 reconciliari:
668 3606 826 3704 quoniam
844 3605 977 3679 dicente
993 3606 1155 3694 Domino,
1174 3598 1250 3692 Qud

146 3719 234 3790 Deus
260 3720 450 3802 coniunxit,
483 3720 572 3791 bomo
599 3747 663 3791 ooo
686 3735 834 3819 separet:
857 3738 890 3793 et
914 3720 990 3793 ideo
1016 3745 1096 3793 cum
1122 3722 1249 3821 priorem

147 3835 294 3932 legitimo
307 3834 373 3906 sibi
389 3836 600 3909 matrimonio
615 3836 760 3908 iunctam
773 3837 919 3936 quisque
932 3837 1091 3912 deserere
1106 3848 1246 3938 nequeat

146 3951 239 4023 oolla
260 3952 384 4022 ratione
405 3952 460 4022 illi
474 3978 607 4050 prorsus
632 3951 826 4025 conceditur
850 3952 952 4026 aliam
974 3954 1109 4028 vivente
1133 3954 1246 4055 priore,

147 4066 357 4140 conducere:
387 4067 477 4165 quod
505 4068 535 4140 si
565 4067 697 4154 lecerit,
726 4085 759 4143 et
784 4095 849 4142 non
874 4069 1055 4142 emendare
1080 4068 1147 4145 sub
1170 4065 1249 4143 satis

225 4257 290 4318 (216)
308 4259 382 4307 luris
397 4269 490 4320 praeco
509 4259 612 4307 restant
634 4259 690 4308 lom
707 4260 827 4310 conontct
844 4270 925 4322 quom
938 4258 1035 4309 ctntlts.
1056 4261 1093 4310 lo.
1110 4252 1245 4311 medati·

149 4335 300 4385 Frencolurt.
318 4342 385 4386 1598.
403 4338 463 4386 lom.
478 4337 496 4385 l.
510 4336 553 4387 lib.
566 4338 601 4386 V.
615 4350 640 4399 p.
665 4344 719 4387 tto.
