2796 5064
194 420 604 476 macaronesum.
631 422 662 475 ιιι
676 425 766 476 caus.
783 426 893 476 ιιιιιι.
912 426 983 478 ιιι.
995 424 1041 479 ιιι.
1122 402 1191 477 sou

115 523 158 599 tri
184 540 303 624 posset
326 549 429 612 uxor,
461 526 544 626 quin
569 524 706 626 publice
728 543 821 600 esset
844 527 983 601 infamia
1012 543 1125 603 nomia
1153 557 1193 603 ao

134 637 309 713 adulterio
325 640 489 714 convicta.
519 640 556 713 ld
574 667 653 715 vero
671 641 837 715 absonum
855 658 928 730 est,
956 660 1112 745 essetque
1129 644 1194 720 hoo

115 752 312 853 brespeotu
329 756 522 853 evangelica
539 757 610 845 lex,
631 774 669 831 ut
686 757 855 846 diximus,
872 759 987 859 aliquo
1005 761 1104 835 modo
1122 759 1195 859 lege

115 869 226 945 naim
249 870 406 944 deterior.

154 983 227 1057 Sed
252 1000 287 1057 et
309 1011 349 1058 ex
375 983 442 1058 alio
468 986 578 1084 capite
603 985 748 1059 deterior
774 987 856 1060 loret
880 987 933 1060 lex
963 987 1087 1061 Christi
1120 990 1194 1086 lege

115 1099 202 1200 tysis
216 1155 226 1187 ,
242 1098 334 1198 quod
348 1098 404 1172 hic
417 1117 522 1173 morte
539 1099 733 1199 plectendos
748 1101 900 1174 statuerit
912 1101 1082 1176 adulteros
1101 1105 1191 1198 (89);
1271 1114 1273 1120 '

115 1229 186 1289 atra
198 1240 283 1288 vero
295 1213 449 1290 Christus
467 1242 554 1291 nora
571 1216 645 1313 lege
664 1243 728 1291 sua
743 1217 972 1291 constituisset
989 1232 1027 1290 ut
1043 1217 1194 1292 adultera

115 1329 280 1404 tadulter
290 1347 430 1429 possent
442 1332 539 1405 novis
553 1357 592 1404 se
608 1333 746 1428 iungere
766 1332 915 1431 nuptiis,
932 1331 1085 1431 adeoque
1102 1333 1193 1407 uiam

115 1444 275 1521 issimam
301 1445 366 1520 hac
391 1447 519 1520 ratione
542 1448 773 1545 coniugiorum
799 1447 979 1536 solutioni,
1006 1465 1039 1520 et
1063 1447 1195 1521 adulte·

115 1559 250 1635 rviam
276 1561 484 1660 aperuisset,
514 1561 560 1634 ita
584 1578 621 1634 ut
646 1562 778 1662 quoties
805 1562 963 1660 coniuges
988 1560 1114 1635 vinculi
1140 1563 1193 1635 sui

115 1675 220 1751 rtaesi
252 1701 340 1750 novo
370 1675 540 1750 inhiarent
567 1678 748 1775 coningio,
782 1678 879 1752 toties
905 1704 965 1777 per
992 1676 1193 1751 adulterium
1227 1755 1231 1762 ,

115 1814 160 1865 in
180 1789 250 1864 sihi
278 1789 322 1863 ad
347 1817 470 1866 novum
496 1793 690 1891 coniugium
717 1819 835 1892 parare
857 1809 1006 1893 possent.

141 1906 195 1982 Eo
221 1904 275 1979 vel
300 1905 409 2003 magis
432 1907 522 2007 qnod
548 1907 583 1979 in
607 1908 710 1982 veteri
735 1906 828 2005 lege,
851 1906 933 1981 solis
956 1907 1040 1982 viris
1062 1932 1195 1981 conces·

115 2046 147 2095 ιιι
163 2036 259 2095 esset
275 2020 370 2094 uxori
388 2022 565 2121 repudium
582 2021 663 2095 dare
685 2024 780 2117 (tt),
801 2038 916 2095 contra
932 2047 1011 2095 vero
1029 2023 1064 2093 in
1083 2047 1191 2109 nova,

118 2151 217 2237 patet
229 2161 271 2208 er
288 2135 389 2210 llarci
407 2137 448 2207 ii.
471 2139 529 2208 12.
555 2136 624 2210 «iit
641 2137 670 2210 si
688 2164 772 2210 uxor
784 2137 953 2210 dimiserit
964 2137 1073 2209 virum
1093 2163 1193 2211 suum

126 2249 189 2325 alii
216 2251 391 2350 nupserit,
416 2251 662 2339 moechatur,»
684 2252 718 2323 in
741 2252 1011 2327 adversariorum
1029 2253 1194 2351 interpre-

115 2366 217 2454 done,
247 2367 277 2439 si
302 2367 354 2439 vir
379 2367 608 2441 fornicationis
626 2393 687 2441 seu
709 2367 865 2441 adulterii
890 2395 967 2442 reus
989 2383 1099 2456 essct,
1121 2393 1195 2468 pos·

115 2494 221 2557 tnxor
237 2482 338 2556 etiam
356 2483 548 2580 coniugium
562 2483 793 2583 disrumpere,
814 2501 847 2557 et
863 2484 919 2557 alii
935 2483 1074 2557 nubere.
1092 2485 1196 2556 Nemo

115 2623 151 2673 ro
176 2598 310 2696 ignorat
326 2597 425 2696 longe
443 2598 658 2697 procliviores
677 2625 753 2672 esse
770 2598 928 2672 mulieres
947 2598 990 2671 ad
1009 2623 1113 2671 novas
1133 2626 1196 2671 nu·

148 2766 203 2830 (aa)
219 2769 291 2818 Dect.
303 2768 380 2818 xxii.
393 2775 432 2820 aa.
451 2788 463 2812 n
474 2768 500 2818 Si
510 2763 638 2818 dormierit
648 2768 688 2817 vir
700 2780 757 2819 curn
773 2780 850 2817 uxore
863 2766 977 2829 alterius,
989 2767 1093 2828 uterque
1105 2766 1195 2815 morie·

115 2866 130 2913 ·,
148 2847 179 2899 id
190 2851 248 2912 est,
267 2848 365 2900 adulter
379 2851 404 2899 et
418 2849 546 2900 adultere:
563 2852 588 2899 et
602 2846 697 2900 coleras
712 2850 806 2899 maium
822 2849 853 2898 de
870 2849 953 2899 israel.
966 2868 979 2891 ν

151 2928 204 2993 (tio)
221 2928 293 2985 Quod
310 2932 384 2978 etiarn
395 2931 499 2978 testatur
514 2929 632 2992 Iosephus
642 2928 701 2978 dum
714 2943 754 2992 op.
767 2928 809 2978 cii.
822 2928 864 2977 lib.
879 2930 931 2977 xv.
944 2940 967 2976 c.
980 2929 1035 2976 vil.
1050 2940 1075 2975 n.
1095 2933 1130 2976 to.
1146 2925 1194 2975 dis·

115 3018 157 3059 ns
175 3005 208 3057 de
222 3007 336 3069 salome,
357 3019 421 3070 quae
443 3006 578 3057 cnebboro
599 3003 688 3057 marito
708 3019 753 3057 suo
773 3006 806 3055 ob
822 3009 903 3056 ortum
923 3005 988 3056 inter
1005 3018 1031 3055 se
1046 3004 1194 3067 dissidium,

115 3090 174 3140 nt
192 3087 306 3138 libellum
321 3088 418 3152 repudii
431 3087 464 3138 ad
480 3088 639 3138 dissuendam
659 3088 861 3150 matrimonium,
872 3086 971 3138 subditi
991 3089 1104 3137 «Contra
1119 3098 1195 3149 quam

115 3166 313 3221 ntiodaeorum
324 3167 402 3231 legem
420 3181 477 3217 nam
493 3167 547 3217 viro
564 3167 664 3230 quidem
681 3167 745 3230 apud
761 3181 806 3216 nos
816 3166 840 3217 id
858 3167 937 3216 iacere
951 3166 1021 3228 iicct;
1041 3167 1197 3230 neutiquam

115 3246 296 3311 esoemince,
313 3261 377 3311 quse
392 3251 479 3311 sponte
494 3247 647 3310 discesserit,
663 3261 707 3296 nec
723 3247 793 3296 alieri
811 3244 901 3296 nubere
917 3246 953 3295 ias
969 3247 1020 3308 esi,
1034 3245 1081 3295 nisi
1096 3245 1165 3309 prius
1181 3257 1195 3294 a

115 3328 163 3380 rlto
174 3327 324 3378 dimittetur.
334 3347 347 3371 ν
358 3331 421 3392 opp.
435 3328 496 3378 edit.
508 3331 661 3391 Havercamp
673 3330 733 3377 tom.
745 3331 767 3377 l.
779 3341 834 3392 pag.
846 3331 893 3378 iot
903 3340 955 3391 seq.
973 3328 1001 3376 in
1017 3326 1132 3377 adductis
1143 3339 1195 3377 uer·

126 3408 270 3459 iniouatur
289 3406 381 3471 duplex
402 3407 526 3470 dimissio,
544 3407 620 3457 nitere
642 3406 725 3470 quoad
744 3408 871 3456 vinculum
891 3421 936 3470 per
954 3405 1051 3469 repudii
1070 3405 1197 3469 libellum

115 3500 152 3541 era
171 3487 256 3554 quoad
281 3491 379 3551 torum,
402 3501 466 3552 quae
488 3488 540 3538 nine
562 3487 645 3538 libello
666 3487 762 3552 repudii
782 3484 836 3537 deri
855 3489 958 3550 poterat.
978 3489 1022 3536 Per
1034 3486 1097 3535 banc
1118 3488 1196 3550 poste·

115 3580 166 3620 ιιι
178 3566 347 3619 dimissionem
358 3566 465 3632 coniugii
480 3568 607 3618 vinculum
627 3581 676 3617 non
696 3567 890 3630 dissolvebatur,
911 3580 958 3617 nec
973 3568 1069 3630 poterat
1084 3579 1147 3616 uror
1163 3565 1199 3614 di·

115 3660 149 3701 Ιι
163 3647 197 3698 ed
211 3648 262 3697 alia
276 3650 333 3697 vois
348 3648 463 3710 baudra
479 3660 521 3711 per
538 3649 645 3711 priorem
660 3661 734 3711 uero,
744 3647 866 3710 integrum
877 3648 916 3696 ius
933 3650 986 3697 erat
995 3647 1111 3696 dimissae
1122 3659 1199 3697 noras

115 3727 198 3780 ficare
209 3727 316 3793 nuptias.
330 3729 395 3778 ilinc
409 3741 438 3777 ex
452 3728 554 3778 historia
567 3728 646 3792 gentis
656 3731 681 3777 et
696 3741 792 3777 morum
805 3728 949 3777 iudaeorum
961 3731 1060 3791 apparet
1072 3725 1197 3790 quomodo

115 3808 171 3861 heis
185 3809 252 3860 cisra
266 3821 319 3859 esse
333 3807 420 3858 debuit
434 3821 464 3858 ea
478 3809 570 3858 ctrristi
582 3809 689 3869 locutio,
700 3820 763 3871 qirae
779 3808 937 3871 grammatice
953 3806 1031 3857 videri
1047 3809 1131 3870 posset
1145 3820 1196 3856 am·

115 3902 163 3955 μς
185 3889 303 3940 nimirum
323 3902 355 3939 an
374 3903 403 3939 ea
424 3889 535 3953 exceptio
551 3889 584 3939 ad
603 3889 680 3939 solam
703 3889 872 3938 dimissionem
888 3888 996 3938 coerceri
1012 3887 1119 3937 deberet.
1137 3890 1199 3937 Num

115 3970 196 4024 niem
215 3969 283 4034 epod
298 3970 399 4020 iudaeos
417 3970 478 4019 heac
497 3970 547 4020 duo
569 3983 614 4018 usu
631 3972 656 4018 at
674 3970 850 4019 consuetudine
870 3969 1094 4032 distinguebantur,
1106 3967 1199 4016 scilicet

115 4064 179 4103 trun
199 4048 344 4114 simpliciter
363 4048 499 4112 dimittere,
516 4051 541 4098 et
561 4047 598 4098 iili
617 4049 684 4098 omni
700 4048 799 4098 vinculo
817 4050 913 4098 solutae
933 4060 1009 4097 noras
1029 4046 1127 4109 nuptias
1146 4058 1198 4107 per·

115 4132 186 4194 dere,
207 4131 267 4180 binc
288 4129 405 4194 queniam
426 4115 540 4179 christus
559 4128 727 4192 exceptionem
750 4129 831 4192 posuit
850 4131 906 4191 post
924 4128 1026 4178 verbum
1048 4127 1193 4186 dimiserit,

115 4211 171 4263 llam
189 4224 247 4261 tero
268 4212 324 4274 post
344 4210 445 4260 uerbum
462 4208 585 4269 duxerit,
607 4208 740 4272 inlelligere
761 4209 843 4259 iudaei
861 4210 922 4259 satis
942 4210 1085 4271 potuerunt,
1104 4206 1196 4256 aduite-

115 4304 140 4342 ιι
154 4290 289 4355 legitimam
309 4303 362 4342 esse
377 4302 476 4341 ωιιιιιιι
491 4288 568 4338 soiius
586 4287 748 4351 dimissionis,
765 4302 813 4338 non
835 4290 915 4339 autem
927 4289 991 4352 piam
1013 4286 1106 4349 repudii
1120 4284 1194 4335 ciisiu

115 4370 165 4423 ead
182 4370 320 4423 sirmium.

162 4482 202 4537 iil
1101 4480 1132 4528 it
