2796 5064
142 365 210 436 282
285 385 346 437 nm.
359 384 407 437 in.
424 382 511 436 arur.
527 383 657 434 earnm.
679 383 719 433 nr
737 381 848 434 innisa.
873 382 966 433 narn.
990 380 1115 434 cnnnr.

139 506 218 579 lecit
230 496 292 591 ‚et
311 530 383 578 non¹
403 504 569 600 ignorarit
586 504 733 602 priorem
751 500 844 575 illam
868 501 1042 575 mulierem
1062 502 1140 576 aine
1157 527 1258 576 causa

127 592 278 694 ‘eiectam
296 614 512 714 luissei'lli).
538 620 640 693 Porro
665 617 724 690 illa
749 617 890 691 canonis
914 617 1034 692 verba:
1065 644 1168 717 qoem
1191 621 1257 690 aine

139 759 239 807 cocao
251 734 404 831 reliquit,
425 731 643 829 intelligenda
658 732 816 807 videntur
832 731 876 804 de
892 731 1049 819 muliere,
1071 757 1163 832 quae
1180 733 1258 806 licet

140 848 286 922 conuerti
312 848 475 934 noluerit,
504 863 615 921 tamen
632 848 829 921 cohabitare
846 849 921 921 sine
937 847 1143 922 contumelia
1160 848 1261 923 Crea-

140 964 222 1039 toris
245 963 401 1050 volebat,
430 989 586 1064 quaeque
610 964 746 1037 ducitur
771 989 837 1037 non
856 964 899 1036 ab
916 963 984 1038 alio
1001 964 1118 1060 gentili
1149 969 1208 1062 (ut
1225 965 1259 1036 iu

140 1104 248 1177 primo
272 1079 375 1152 huius
399 1079 539 1153 canonis
561 1085 696 1175 casu),
722 1078 783 1152 sed
805 1106 827 1152 a
848 1078 958 1166 fideli,
981 1077 1041 1179 qui
1067 1105 1143 1152 eam
1170 1080 1261 1154 novit

140 1194 214 1267 sine
230 1219 350 1281 causa,
372 1194 443 1268 sive
460 1195 664 1294 inculpatam
678 1222 698 1267 a
715 1195 955 1268 catechumeno
970 1195 1119 1267 relictam
1133 1194 1256 1282 luisse,

139 1307 264 1383 idcirco
289 1309 531 1382 constituemnt
548 1326 660 1408 patrea
678 1310 790 1408 ipsum
809 1309 923 1383 necin
943 1309 1009 1382 fine
1027 1310 1184 1408 accipere
1206 1310 1259 1383 de·

138 1423 218 1496 bere
239 1423 528 1505 communionem,
546 1440 615 1496 tum
633 1424 715 1523 quia
731 1424 896 1497 contraxit
913 1423 1166 1497 matrimonium
1184 1450 1256 1497 cum

139 1563 199 1625 ee,
219 1564 307 1638 quae
327 1537 441 1610 adhuc
462 1536 612 1634 legitima
631 1555 702 1612 crat
719 1565 801 1612 uxor
817 1537 1066 1624 catechumeni,
1088 1562 1168 1610 oum
1186 1539 1256 1611 eiua

139 1654 389 1728 matrimonium
422 1680 488 1729 non
513 1653 776 1742 dissolveretur,
809 1655 915 1729 donec
945 1670 1022 1754 post
1051 1651 1256 1753 baptismum

140 1794 322 1843 conversus
350 1794 470 1843 novum
497 1769 629 1842 iniisset
653 1770 864 1866 coniugium,
884 1786 955 1841 tum
972 1769 1054 1868 quia
1079 1795 1158 1842 cum
1176 1784 1258 1843 essct

141 1884 251 1959 fidelis
278 1885 414 1983 nuptias
431 1884 595 1957 contraxit
614 1910 691 1958 cum
713 1883 850 1978 gentili,
876 1909 965 1982 quae
990 1884 1139 1957 converti
1165 1884 1210 1956 ad
1226 1883 1257 1955 fi-

139 1999 214 2072 dem
235 1999 394 2073 renuebat
414 2003 502 2096 (itt).
520 2000 640 2072 Verum
658 1999 892 2098 quaecumque
909 2000 1046 2072 demum
1064 1999 1257 2073 admittatur

137 2115 288 2189 difficilis
306 2114 408 2189 huius
424 2115 564 2189 canonis
581 2115 824 2213 interpretatio,
842 2114 925 2187 illud
940 2116 1075 2188 firmum
1090 2114 1256 2215 fixumque

138 2244 192 2302 eet
213 2228 258 2303 eb
286 2230 499 2302 illiberitanis
530 2228 682 2328 patribus
714 2230 872 2303 constitui
903 2229 1051 2328 coniugii
1082 2229 1254 2305 christiani

138 2343 272 2442 plenam
296 2361 557 2444 perpetuamque
582 2344 926 2419 indissolubilitatcm.
960 2347 961 2351 ’

212 2459 327 2559 Neque
344 2460 388 2532 ab
405 2460 469 2532 bac
482 2459 634 2532 doctrina
646 2461 783 2532 deflexit
800 2458 982 2534 concilium
995 2460 1251 2560 incan.LXllll.

139 2577 174 2646 in
200 2602 268 2674 quo
298 2575 408 2672 agitur
431 2577 474 2647 de
503 2603 630 2662 uxore,
660 2602 747 2676 quae
773 2575 975 2648 adulterium
1006 2591 1202 2676 perpetrat,
1227 2591 1257 2648 et

138 2688 294 2763 delunoto
313 2691 450 2775 marito,
472 2715 546 2762 cum
574 2691 650 2788 ipso
675 2690 826 2762 adultero
851 2689 1103 2761 matrimonium
1129 2708 1255 2764 contre·

138 2803 199 2875 hit.
229 2807 330 2879 Porro
361 2806 391 2878 si
419 2805 502 2878 haec
527 2807 603 2903 ipsa
626 2805 746 2877 mulier
772 2804 945 2903 reliquerit
970 2805 1128 2877 maritum
1160 2807 1255 2880 istum

138 2921 344 3007 secundum,
365 2936 398 2994 et
418 2946 492 2993 cum
512 2919 580 2992 alio
603 2919 852 2992 matrimonium
874 2919 1098 3006 contraxerit,
1121 2946 1184 2993 seu
1202 2944 1256 3019 po

138 3037 204 3108 tius
224 3038 452 3124 attentaverit,
474 3053 634 3135 perpetua
653 3035 995 3108 excommunicatione
1012 3034 1188 3109 multatur.
1208 3037 1255 3107 Si·

138 3152 273 3251 quidem
304 3153 417 3226 relicto
443 3153 500 3225 illo
527 3153 664 3238 marite,
695 3178 771 3224 cum
796 3177 864 3249 quo
890 3151 953 3222 etsi
980 3149 1121 3237 illicite,
1150 3150 1256 3225 xalide

138 3283 248 3339 tamen
268 3268 515 3341 matrimonium
535 3283 762 3354 contraxerat,
786 3266 926 3341 altorum
951 3265 1169 3360 coniugium,
1197 3265 1255 3336 du·

139 3397 233 3455 rante
246 3385 400 3480 coniugio
415 3384 539 3482 priori,
561 3384 647 3456 inire
664 3381 903 3481 praesumpsit.
926 3381 964 3451 ln
984 3395 1157 3480 postrema
1175 3383 1256 3454 eius-

139 3496 216 3570 dem
235 3499 374 3571 oanonis
394 3516 488 3596 parte
506 3500 622 3572 merito
642 3499 710 3584 illi,
731 3497 789 3596 qui
808 3497 963 3596 quamvis
991 3494 1127 3583 illicite,
1149 3497 1256 3571 valide

138 3629 247 3685 tamen
274 3639 351 3685 cum
376 3614 526 3687 adultera
551 3615 743 3711 coniugium
767 3626 993 3695 contraxerat,
1020 3637 1129 3709 poena
1149 3613 1255 3684 iniun-

138 3729 228 3826 gitur
241 3756 406 3802 annorum
424 3729 560 3816 decem,
590 3731 619 3801 si
646 3728 756 3802 fidelis
775 3727 875 3800 luerit
896 3727 986 3820 (ll).
1008 3726 1139 3799 Novum
1161 3728 1255 3824 igitur

206 3881 255 3941 (75)
272 3881 309 3929 Ci.
329 3879 515 3942 Alliuspinaeuin
536 3879 559 3927 in
582 3883 632 3928 not.
652 3880 681 3928 ad
701 3880 766 3928 hunc
789 3878 1052 3938 cenon.i.c.p.112.
1074 3877 1117 3939 qui
1130 3876 1252 3940 profitetur

137 3960 203 4008 lrnnc
220 3972 337 4008 continent
356 3972 408 4006 cese
430 3957 553 4007 intellectu
569 3957 702 4007 difficilem.
912 4017 916 4030 ι

209 4041 258 4103 (76)
276 4041 313 4089 lla
327 4052 378 4088 rein
393 4039 500 4101 explicat
516 4040 635 4087 Gouzuiez
651 4041 676 4087 in
692 4038 755 4087 notis
771 4038 802 4086 nd
817 4049 886 4086 mne.
904 4034 1044 4085 illiberitan.
1060 4035 1128 4099 apud
1140 4036 1208 4086 card.
1220 4038 1252 4085 De

133 4117 234 4183 Agulrre
246 4120 262 4169 Ι.
275 4135 297 4170 c.
312 4134 335 4184 p.
350 4124 405 4169 tot.
419 4119 460 4168 ubi
472 4119 532 4168 olias
546 4118 686 4182 suppeditat
697 4118 869 4182 expositiones.

208 4203 258 4264 (77)
275 4204 310 4250 lta
329 4214 412 4250 rursus
428 4201 561 4261 Gonzalen,
575 4201 615 4248 cni
627 4200 774 4263 expositioni
790 4198 903 4262 congruit
914 4195 1097 4260 summarium,
1115 4211 1160 4248 scu
1172 4196 1251 4248 titulus

138 4279 195 4330 huic
209 4280 297 4330 canoni
313 4279 451 4343 praefixus,
467 4280 511 4343 qui
523 4279 592 4329 ituin
607 4279 721 4329 omnibus
737 4277 864 4329 codicibus
879 4275 1026 4327 exhibetur:
1039 4276 1179 4330 Doridem
1192 4285 1250 4327 moe

137 4359 211 4422 chia,
226 4365 248 4413 st
264 4360 384 4413 eumdem
400 4362 492 4426 postca
511 4363 638 4412 moritum
660 4358 796 4411 denotat
