2796 5064
208 388 279 441 aar.
294 388 332 440 n.
348 376 389 440 nr
405 384 519 439 nturss.
535 385 631 438 narn.
648 385 682 436 ru
699 385 790 438 cius.
804 387 918 437 inunr.
930 388 1003 442 aar.
1019 388 1056 440 ιι.
1127 368 1192 440 tot

101 508 122 580 ii
136 506 327 581 tridentini.
349 506 420 579 lam
439 530 539 594 rero,
567 504 838 632 interpretatione
856 505 966 603 posita
986 505 1030 578 de
1051 504 1197 634 simplici

101 623 325 709 minatione,
347 646 408 694 seu
427 619 471 693 de
494 618 737 707 concubinatu,
757 617 824 692 vim
842 644 974 691 omnem
992 645 1088 692 suam
1107 619 1198 695 eius·

101 738 174 813 aedi
198 751 434 836 argumentum
456 737 636 823 amitteret;
665 761 745 832 ergo
770 733 877 807 talis
868 735 1095 867 interpretatio
1112 762 1195 808 una-

101 855 164 928 umi
193 853 393 928 adversatur
415 851 644 982 theologorum
671 849 895 924 consensioni.

152 970 302 1068 Insuper
318 967 362 1041 ad
381 968 488 1065 magis
506 967 682 1066 magisque
703 965 941 1039 ostendendam
964 966 1157 1039 eiusmodi
1148 993 1198 1039 rn-

101 1084 333 1187 arpretationis
357 1084 536 1157 novitatem
555 1109 594 1156 ao
612 1082 790 1156 salsitatem
808 1097 923 1155 contra
940 1107 1076 1154 sensum
1096 1082 1196 1155 totius

101 1199 295 1299 ntiquitatis
321 1217 550 1297 argumentum
579 1223 727 1297 promam
753 1222 891 1296 prorsus
916 1195 1129 1270 ineluctabile
1154 1224 1195 1271 ex

101 1316 242 1388 iuturnc
265 1313 343 1403 illo,
365 1314 455 1414 quod
480 1314 605 1411 riguit,
627 1312 806 1386 theoretico
823 1314 896 1406 (78)
912 1325 945 1384 et
961 1311 1105 1410 practico
1123 1309 1195 1384 dis·

101 1429 167 1504 idio
187 1430 278 1502 inter
298 1455 437 1527 graecas
454 1443 486 1502 et
503 1427 625 1501 latinos
643 1427 755 1528 quoad
773 1426 1028 1501 dissolutionem
1046 1425 1194 1523 coniugii

101 1542 121 1617 h
143 1543 308 1617 adulterii
333 1543 512 1641 flagitium.
541 1542 739 1641 Siquidem,
768 1556 808 1613 ut
831 1558 944 1615 notum
974 1557 1049 1629 est,
1082 1541 1191 1638 graeci

101 1657 119 1732 h
142 1658 408 1732 immemorabili
433 1657 637 1732 contendunt
653 1656 792 1730 dissolvi
811 1656 1057 1730 matrimonium
1082 1656 1193 1756 quoad

101 1772 252 1846 iaculum
277 1773 313 1845 in
338 1798 442 1846 causa
467 1772 641 1861 adulterii,
669 1770 764 1846 latini
788 1798 889 1859 vero,
909 1796 1052 1871 quorum
1072 1771 1195 1847 doctri-

101 1912 154 1962 tm
174 1904 298 1988 postea
316 1887 587 1975 vindicabimus,
608 1896 742 1961 tuemur
759 1914 825 1961 non
843 1887 981 1960 dissolvi
1000 1886 1190 1984 coniugium

101 2026 140 2079 ot
166 2004 204 2076 in
231 2029 315 2076 casu
341 2003 405 2076 nisi
429 2004 540 2102 quoad
561 2019 670 2077 torum
687 2019 726 2092 et¹
735 2001 1027 2077 cohabitationem.
1045 2003 1192 2102 Utraque

101 2142 153 2193 tra
180 2117 226 2192 ad
252 2143 350 2192 suam
375 2117 560 2191 doctrinam
584 2135 617 2192 et
637 2118 767 2218 praxim
794 2118 1014 2216 protuendam
1039 2117 1192 2191 innititur

101 2234 176 2308 nice
197 2232 326 2306 Christi
352 2233 483 2321 verbis,
508 2260 595 2333 quae
621 2234 654 2306 in
676 2234 766 2307 binis
787 2233 944 2306 hlatthaei
970 2233 1115 2307 textibus
1140 2258 1192 2307 re-

101 2348 267 2423 eriuntur.
277 2348 435 2446 Adeoque
452 2364 521 2421 tum
539 2349 649 2446 graeci
668 2366 738 2422 tum
755 2348 850 2422 latini
869 2363 1060 2422 constanter
1075 2374 1191 2422 vocem

101 2464 321 2546 nicationis,
344 2463 481 2561 quaein
499 2479 640 2563 utroque
662 2479 751 2536 textu
777 2462 938 2550 occurrit,
959 2462 1191 2536 intellexerunt

101 2599 125 2670 e
139 2575 334 2660 adulterio,
354 2602 536 2676 numquam
561 2593 671 2649 autem
698 2576 741 2651 de
765 2577 912 2675 simplici
944 2576 1186 2663 fornicatione,

101 2716 163 2764 nae
189 2691 383 2788 coniugium
413 2692 639 2790 praecesserit.
663 2692 755 2788 (ia),
785 2691 935 2791 alioquin
961 2690 1090 2764 nullum
1116 2717 1189 2763 um-

101 2830 177 2893 nam
203 2805 316 2878 locum
343 2806 509 2881 eiusmodi
535 2807 716 2880 dissidium
742 2806 929 2880 habuisset.
950 2807 1038 2904 Ergo
1062 2805 1120 2904 qui
1146 2804 1189 2878 de

101 2919 324 3006 tmioatione,
357 2935 455 3019 prout
485 2921 529 2994 ab
558 2920 722 2994 adulterio
753 2920 991 3017 distinguitur,
1025 2920 1189 3019 interpre-

101 3048 189 3106 intur
212 3031 338 3106 Christi
368 3035 471 3108 verba
496 3035 673 3108 universae
703 3035 951 3109 ecclesiasticae
976 3034 1187 3134 antiquitatis

101 3146 192 3222 insui
217 3172 257 3221 ao
282 3147 520 3246 intelligentiae
545 3150 788 3223 contradicunt.
810 3150 961 3223 Addatur
984 3151 1131 3250 denique
1155 3165 1189 3223 et

101 3259 178 3348 lud,
207 3286 248 3334 ex
273 3277 320 3335 tot
344 3288 427 3335 rom.
450 3262 687 3363 pontificibus,
715 3290 756 3337 ex
785 3279 832 3338 tot
863 3264 1035 3352 conciliis,
1068 3290 1108 3338 ex
1138 3280 1187 3340 tot

101 3374 226 3449 ttrihus
253 3375 386 3465 latinis,
414 3378 480 3451 imo
505 3394 539 3451 et
562 3379 709 3474 graecis,
731 3380 789 3478 qui
809 3396 1062 3480 propugnarunt
1081 3381 1185 3454 omni·

101 3490 209 3565 odam
235 3492 562 3567 indissolubilitatem
586 3495 733 3592 coniugii
759 3496 920 3571 adversus
945 3523 1023 3584 eos,
1045 3496 1103 3596 qui
1126 3522 1187 3595 pro

101 3633 134 3681 ιι
163 3608 331 3682 sententia
355 3624 388 3682 et
412 3610 506 3707 praxi
532 3610 567 3681 in
592 3636 695 3684 causa
728 3611 881 3684 adulterii
914 3612 1008 3685 hisee
1041 3610 1186 3687 textibus

101 3723 318 3812 utebantur,
346 3725 513 3798 neminem
538 3752 699 3825 umquam
726 3727 938 3816 insinuasse,
966 3745 1024 3801 aut
1051 3728 1185 3825 excogi-

101 3864 164 3913 ιιι
186 3839 323 3939 quidem
346 3839 433 3914 hanc
454 3841 758 3940 interpretationem
783 3843 826 3917 de
851 3844 1096 3931 concubinatu,
1117 3870 1185 3943 qua

142 4089 196 4152 (ie)
211 4091 304 4142 saitem
323 4104 353 4143 οι
375 4095 544 4156 consequenti,
567 4095 596 4145 ut
615 4108 659 4145 suo
677 4095 731 4146 ioco
749 4096 920 4160 expendemus.

139 4168 192 4231 (79)
207 4170 266 4219 Dixi
277 4173 429 4234 contectum
441 4176 627 4236 praecesserit,
641 4187 697 4223 nam
710 4175 732 4224 si
745 4175 770 4223 in
785 4176 849 4224 statu
863 4173 982 4238 coniugali
995 4173 1117 4237 quispiam
1126 4184 1184 4223 curn

101 4247 207 4300 unua
226 4253 408 4315 oomueeoerot,
422 4253 531 4317 proiecto
550 4266 609 4305 vera
625 4253 739 4305 adulterii
758 4255 860 4306 crimine
874 4268 901 4306 ιι
918 4253 1122 4317 commacularet3
1137 4266 1184 4306 nec

101 4326 174 4381 ahto
190 4328 388 4384 adrentriorum
407 4331 588 4398 hypothetisro
597 4334 765 4400 interpretatio
780 4335 830 4387 alio
847 4348 919 4387 unta
936 4334 1039 4400 inteligi
1052 4333 1145 4399 potest.
