2796 5064
236 350 307 422 lut
386 372 449 422 nra.
466 368 515 420 ιιι.
531 368 619 420 secr.
641 320 772 419 murm.
793 366 834 417 nr
848 365 961 418 mnus.
977 366 1074 418 nra.
1094 363 1223 418 numer.

220 505 278 565 sto
298 504 330 563 et
353 490 389 561 r'o
412 488 558 560 reclamo.
578 486 747 575 Attamen,
765 484 922 560 omnibus
945 482 1143 572 latentibus,
1157 499 1273 559 vetera
1292 482 1345 557 illu

227 601 399 684 connubia
423 600 567 677 dissolri
584 614 755 701 poterant,
777 599 898 675 saltem
922 624 964 672 ex
987 598 1049 705 Dei
1074 597 1342 699 dispensatione;

227 744 309 818 ergo
331 716 611 793 indissolubiliter
637 742 704 791 non
728 717 815 791 bene
838 714 1016 791 deducitur
1038 741 1080 789 ex
1101 714 1236 790 ratione
1258 713 1343 812 signi

226 859 291 908 seu
314 832 534 907 sacramenti.

304 950 338 1020 b.
368 945 457 1035 Quia
483 947 568 1022 ratio
598 946 799 1022 sacramenti
815 971 928 1045 presse
951 946 1077 1044 sumpti
1097 942 1261 1019 convenit
1285 958 1346 1018 tau

222 1063 442 1139 «matrimonio
467 1062 619 1138 fidelium
639 1077 767 1137 tantum
788 1077 879 1150 rato,
900 1086 1004 1163 quam
1029 1060 1248 1135 matrimonio
1272 1083 1349 1134 non-

229 1194 418 1267 summato;
435 1178 553 1279 ecquis
578 1177 668 1252 enim
687 1178 820 1252 inficias
845 1176 908 1253 ibit
932 1174 1185 1251 matrimonium
1198 1173 1349 1248 fidelium

227 1294 311 1370 dum
336 1320 506 1369 consensu
539 1292 710 1395 perlinitur
733 1318 811 1367 essa
833 1317 912 1367 uem
936 1305 970 1366 et
993 1289 1132 1391 propris
1155 1289 1350 1363 Sacramen-

228 1408 326 1485 tum?
338 1405 565 1482 Nihilominus
580 1407 614 1480 in
628 1407 799 1507 aliquibus
816 1406 955 1480 casibus
970 1421 1080 1479 ratum
1097 1402 1349 1477 matrimonium

227 1524 410 1600 dirimitur.
432 1523 540 1622 Igitur
557 1522 759 1598 sacramenti
783 1521 885 1596 etiam
912 1520 1048 1621 propris
1072 1517 1156 1592 dicti
1182 1521 1273 1593 ratio
1294 1516 1348 1590 illa

229 1664 297 1714 aon
323 1654 392 1726 est,
414 1664 503 1739 quae
527 1636 858 1713 indissolubilitatem
877 1634 1105 1711 omnimodam
1127 1632 1259 1708 tribuat
1281 1659 1349 1707 ma·

232 1754 402 1829 trimonio.

304 1872 341 1944 3.
369 1869 596 1957 Quintiorum
621 1885 867 1945 sacramentum
899 1867 1044 1942 bebatur
1067 1865 1205 1942 etiamsi
1232 1864 1347 1940 fidelos

229 1986 289 2086 qui
308 1986 503 2083 coniugium
521 1984 735 2072 contrahunt,
756 1999 922 2071 statuant,
942 2009 1005 2057 scu
1020 1982 1242 2084 paciscantur
1266 1982 1348 2055 inter

229 2125 267 2173 se
292 2114 407 2173 mutuo
432 2125 600 2174 consensu
622 2125 755 2174 servare
781 2099 816 2171 iu
841 2098 1054 2173 matrimonio
1078 2096 1343 2184 continentiam,

227 2228 268 2287 ut
291 2229 424 2288 constat
446 2212 491 2286 de
515 2212 728 2287 matrimonio
753 2213 842 2287 inter
857 2238 888 2288 s.
912 2211 1124 2287 Pulcheriam
1148 2226 1184 2285 st
1205 2211 1345 2285 llarcia·

228 2353 330 2416 num,
349 2326 474 2401 utalia
497 2328 648 2402 omittam
668 2325 839 2429 exempla,
854 2325 1008 2428 adeoque
1032 2327 1285 2402 consummatio
1308 2325 1347 2401 ud

227 2443 411 2518 essentiam
441 2469 507 2518 non
529 2444 672 2543 pertinet
693 2445 765 2518 siva
785 2444 1007 2531 sacramenti,
1032 2443 1105 2517 sive
1129 2441 1346 2528 matrimonii,

229 2576 329 2660 prout
341 2576 453 2634 manto
474 2561 661 2660 concipitur
680 2587 701 2633 a
722 2574 932 2635 sacramento
950 2558 1162 2634 distinctum.
1183 2558 1258 2631 lam
1276 2580 1349 2632 vcro

228 2674 321 2751 istud
351 2675 599 2750 matrimonium
620 2675 729 2750 solum
752 2690 861 2748 ratum
882 2674 1005 2772 iugiter
1029 2678 1274 2775 perseuerans,
1290 2671 1347 2747 etti

228 2807 477 2867 sacramentum
501 2817 581 2865 uere
608 2790 671 2878 sit,
696 2795 830 2888 semper
849 2788 1020 2864 nonnullis
1040 2789 1076 2861 in
1093 2787 1237 2863 casibus
1263 2787 1348 2864 solu·

227 2906 296 2980 bile
321 2906 389 2980 dici
415 2907 525 2982 debet.
542 2906 629 2980 llinc
656 2906 744 2979 redit
762 2905 880 2978 eadem
902 2904 1095 2992 conclusio,
1119 2904 1216 3004 quod
1242 2928 1347 2979 sacra·

227 3021 330 3095 menti
356 3022 441 3095 ratio
466 3048 524 3123 per
549 3047 587 3095 se
611 3020 839 3095 omnimodam
864 3019 1201 3095 indissolubilitatem
1227 3020 1344 3095 coniu-

227 3136 284 3233 gio
309 3162 376 3210 non
403 3135 539 3209 tribuat.

304 3250 337 3320 l.
367 3248 454 3334 Quia
478 3248 634 3322 Christus
657 3247 730 3349 ipse
751 3248 954 3346 significavit
974 3245 1347 3323 indissolubilitatsma

227 3361 298 3436 Deo
324 3363 540 3460 repetendam
565 3388 642 3436 esse
666 3361 748 3435 dum
767 3362 832 3436 ait:
850 3361 944 3449 Quod
956 3364 1044 3436 Dour
1062 3363 1242 3438 cooiuomr't
1261 3365 1346 3437 burm

226 3502 291 3548 uon
311 3492 458 3574 separet,
487 3475 616 3550 scilicet
648 3475 700 3552 vel
730 3502 771 3551 ex
805 3476 949 3551 naturali
973 3477 1036 3549 Dei
1069 3492 1279 3578 praecepto,
1296 3474 1346 3551 vel

227 3616 269 3664 ox
294 3606 471 3690 praecepto
496 3591 658 3691 positivo,
684 3617 750 3666 non
776 3607 887 3668 sutem
913 3619 953 3665 en
980 3591 1110 3666 ratione
1141 3590 1344 3668 sacramenti

227 3702 303 3779 fluit
331 3704 627 3779 indissolubilitas.

301 3817 336 3891 b.
365 3818 452 3905 Quia
477 3820 507 3893 si
532 3822 617 3896 ratio
634 3822 834 3896 sacramenti
860 3848 965 3896 causa
986 3836 1076 3895 osset
1095 3821 1344 3898 indissolubili·

227 3931 329 4019 tntis,
357 3932 606 4006 matrimonium
638 3935 673 4005 in
706 3960 774 4034 qno
807 3936 892 4009 ratio
921 3935 1126 4009 sacramenti
1165 3934 1341 4019 deficeret,

227 4044 294 4118 dici
319 4043 456 4119 deberet
484 4045 596 4118 minus
626 4042 876 4135 indissolubile,
903 4075 1004 4149 quam
1030 4048 1288 4124 matrimonium
1311 4048 1343 4120 in

226 4184 295 4258 quo
320 4158 405 4231 ratio
429 4161 627 4233 sacramenti
658 4161 805 4260 perlecta
830 4178 893 4236 est.
923 4164 994 4236 lam
1024 4189 1105 4238 vero
1130 4163 1342 4240 matrimonia

143 4269 146 4281 ⁴
227 4271 437 4373 bigamorum
462 4272 623 4350 deficiunt
656 4302 676 4352 a
701 4302 858 4353 mensura
883 4279 1107 4371 sacramenti,
1131 4297 1172 4359 ut
1196 4281 1349 4384 loquitur¹
