2796 5064
277 389 347 440 cir.
364 389 401 439 ll.
418 389 458 438 ll!
472 388 585 439 titulis.
602 389 696 438 utta.
713 388 746 437 ΙΝ
758 386 848 438 ctus.
865 386 977 439 inunt.
996 390 1066 439 tttT.
1084 390 1107 438 l·
1187 368 1256 437 173

151 508 269 582 scilicet
294 507 468 582 coniunxit
491 508 606 602 (23).»
630 508 668 577 ln
690 505 798 604 capite
815 505 1012 579 enimlllll.
1037 509 1070 576 9.
1094 505 1255 580 habetur:

151 625 208 694 mi
230 622 270 694 oh
296 623 560 721 fornicationem,
598 620 726 692 omissa
755 645 836 692 voce
870 645 970 690 conso
1004 645 1092 717 quae
1117 621 1262 693 occurrit

152 738 258 810 llatth.
279 738 317 808 V.
340 738 399 808 32.
421 761 592 835 quamque
613 734 689 808 heic
714 734 768 808 bis
794 734 914 833 repetit
939 734 1176 807 Tertullianus

212 853 297 925 Cum
323 852 427 950 igitur
446 851 553 924 falsae
572 851 642 924 sint
660 850 866 950 praemissae
883 849 926 921 ab
944 850 1021 945 Hug
1039 851 1258 947 excogitatae,

153 968 286 1042 concidit
310 967 505 1054 conclusio,
533 993 636 1067 quam
661 967 735 1065 ipse
760 992 801 1038 ex
825 964 895 1038 illis
916 965 1046 1051 intulit,
1072 992 1193 1064 nempe
1209 992 1263 1040 en-

154 1083 348 1183 ceptionem,
376 1109 464 1182 quae
483 1081 628 1156 occurrit
650 1081 766 1153 llatth.
783 1081 868 1152 lllll.
892 1083 926 1150 9.
948 1081 1168 1179 spectandam
1185 1109 1262 1157 esso

153 1197 241 1270 veluti
267 1197 532 1269 additamentum
559 1195 651 1296 quod
675 1195 786 1268 aliena
812 1221 932 1266 manus
959 1195 1131 1268 invexerit.

211 1313 308 1386 Ratio
333 1337 434 1399 vero,
458 1338 547 1411 quae
572 1310 751 1384 adducitur
768 1309 812 1383 ab
829 1309 959 1383 emdito
981 1326 1117 1383 auctore
1133 1328 1172 1383 ut
1188 1337 1262 1384 sua·

153 1429 219 1502 dent
235 1428 408 1528 quomodo
424 1427 591 1501 eiusmodi
614 1426 880 1499 additamentum
898 1424 970 1496 fieri
987 1426 1147 1522 potuerit,
1169 1452 1260 1499 mera

151 1545 334 1617 coniectura
355 1557 408 1615 est
425 1541 590 1640 probabili
611 1541 732 1640 quovis
750 1539 966 1613 fundamento
984 1540 1156 1613 destituta.
1173 1541 1260 1614 llino

151 1660 226 1732 rol
218 1684 294 1759 ipse
319 1656 463 1731 Kuinoel
485 1657 528 1729 de
548 1656 613 1730 hac
637 1655 839 1753 professoris
864 1654 941 1750 Hug
966 1654 1157 1727 coniectura
1177 1657 1261 1729 seri·

149 1775 207 1847 bit:
232 1772 371 1846 «Verba
388 1798 475 1873 quae
494 1757 612 1845 Matth
630 1771 716 1842 lllll.
734 1774 768 1841 9.
790 1769 947 1866 leguntur
964 1758 997 1840 ei
1022 1757 1071 1866 pti
1100 1757 1155 1839 ἐπὶ
1176 1793 1260 1870 nop-

149 1886 240 1972 νιίας
268 1893 333 1983 (
295 1917 361 1962 niso
357 1890 412 1962 oh
426 1891 673 1989 [coniectionem
680 1893 698 1982 )
713 1902 827 1960 contra
840 1886 993 1960 ecdicum
1006 1887 1106 1959 fidem
1121 1913 1261 1983 agram-

147 2006 274 2079 maticis
298 2003 473 2103 adscripta
497 2021 530 2076 et
554 2029 575 2075 a
601 2002 748 2075 librariis
773 2001 860 2073 male
890 2001 1017 2074 sedulis
1049 2002 1084 2072 in
1109 2002 1260 2075 ordinem

147 2122 304 2196 translata
327 2136 423 2220 putat
447 2121 571 2215 (24).»

212 2238 310 2309 Nunc
328 2235 394 2309 iam
411 2234 454 2306 de
473 2232 733 2332 interpolatione
749 2232 941 2332 multiplici,
961 2258 1063 2331 quam
1077 2233 1134 2304 alii
1153 2233 1258 2307 critici

147 2350 258 2424 biblici
279 2349 335 2423 his
354 2350 390 2421 in
403 2348 548 2423 textibus
562 2346 815 2448 deprehendero
827 2348 892 2421 visi
912 2363 1009 2434 sunt,
1029 2347 1157 2446 aliquid
1174 2349 1261 2421 adii-

147 2467 302 2540 ciendum
328 2481 494 2567 superest.

214 2583 262 2656 hc
288 2585 323 2654 1.
352 2582 478 2656 Christi
509 2581 713 2681 colloquium
745 2608 820 2656 cum
852 2582 1042 2680 pharisaeis
1068 2580 1259 2655 absolutum

147 2697 249 2770 luisse
275 2696 388 2771 verbis
407 2696 496 2770 illis:
526 2696 621 2783 Quod
645 2698 733 2769 Deos
758 2698 945 2779 coniunxit,
977 2699 1066 2768 homo
1085 2724 1149 2768 non
1167 2723 1260 2794 aepo-

147 2828 207 2897 ret,
237 2813 391 2912 adeoque
413 2829 584 2912 tamquam
602 2830 737 2886 assutos
762 2812 970 2886 abiiciendos
994 2838 1070 2885 esse
1087 2838 1142 2885 vv.
1165 2813 1198 2882 l.
1222 2815 1255 2883 8.

146 2952 179 3000 ac
201 2931 237 2998 9.
268 2927 396 3000 nemini
421 2953 582 3027 umquam
603 2927 853 3026 persuadebunt
874 2926 1030 3000 neoterici
1054 2926 1130 3012 isti,
1152 2951 1255 3025 quum

147 3068 248 3140 penes
266 3041 426 3140 antiquos
443 3067 581 3128 omnes,
602 3042 662 3140 qui
680 3042 745 3114 hoc
757 3042 801 3114 de
812 3058 1008 3138 argumento
1025 3058 1179 3137 egerunt,
1209 3066 1262 3113 re-

146 3158 339 3256 periantur,
359 3184 447 3256 quac
463 3156 519 3230 his
532 3156 709 3231 versiculis
727 3158 949 3231 continentur.
972 3157 1148 3254 Specimen
1165 3156 1261 3229 dedi-

146 3300 222 3345 mus
241 3272 278 3343 in
296 3272 397 3372 paulo
410 3289 486 3346 ante
505 3272 658 3346 adductis
676 3272 759 3346 locis
777 3301 817 3347 en
835 3272 1021 3372 Theophilo
1039 3271 1257 3359 antiocheno,

144 3389 292 3474 lustina,
321 3386 490 3461 Clemente
511 3387 621 3472 alem,
645 3388 808 3486 Origene,
838 3388 1052 3461 Tertulliano.
1083 3389 1143 3461 llis
1170 3388 1262 3460 addi-

144 3530 219 3577 mus
234 3503 408 3576 versiones
422 3528 538 3576 omnes
552 3503 828 3602 antiquissimas,
845 3503 1034 3576 cuiusmodi
1055 3521 1133 3576 sunt
1151 3503 1260 3577 versio

144 3617 248 3692 latina
273 3634 307 3690 et
326 3618 464 3716 quidem
482 3618 652 3716 antiquior
675 3618 869 3691 recensione
888 3619 1144 3718 hieronymiana
1159 3621 1256 3714 (ib),

218 3787 439 3850 (ieiunante.
454 3788 564 3836 xxxiii.
578 3785 620 3836 uhi
637 3786 761 3836 Panaetius
777 3789 835 3836 nota
854 3790 908 3836 cit.
923 3786 1029 3836 ostendit
1047 3786 1121 3835 verba
1137 3798 1200 3848 quae
1215 3786 1261 3835 hoc

137 3867 192 3918 loto
207 3866 315 3917 adduxit
328 3867 506 3929 Tertullianus,
525 3865 654 3929 desumpta
672 3867 746 3917 tuisse
763 3879 792 3915 er
813 3880 867 3930 cap.
881 3870 911 3916 V.
925 3879 949 3915 v.
962 3873 1002 3916 at.
1013 3879 1034 3915 s.
1049 3865 1173 3915 Matthaei.

217 3947 270 4008 (2⁴)
286 3949 428 3996 comment.
443 3950 471 3996 tn
488 3946 534 3996 itio
546 3946 607 3996 hist
621 3949 650 3996 N
663 3949 692 3996 T.
705 3947 775 3996 adr.
791 3954 828 3996 aa.
844 3949 941 4009 capv
959 3946 1044 3995 Matth.
1058 3948 1155 3995 titiane
1171 3946 1195 3993 in
1211 3943 1261 3993 edi

142 4028 250 4078 tionibus
270 4026 364 4076 adticis
383 4027 528 4089 wetstenii,
543 4026 695 4077 Grieshachit
714 4029 740 4077 et
757 4027 893 4078 Tittmanni
908 4026 995 4076 saltem
1011 4020 1049 4089 pi
1073 4017 1118 4070 im*
1107 4036 1228 4086 inopia
1233 4035 1263 4076 at

142 4121 169 4157 ex
189 4105 240 4156 tide
255 4106 372 4155 codimm
388 4104 632 4156 attaminatur.

217 4185 269 4248 (to)
285 4184 324 4236 ct.
339 4183 405 4248 apud
420 4184 548 4234 &hnthier
564 4183 634 4234 Bith
657 4197 711 4234 soc.
729 4187 860 4235 versiones
880 4184 980 4234 iottnoe
998 4185 1142 4246 ontmooe,
1157 4192 1204 4231 aea
1218 4192 1260 4230 ue·

145 4265 280 4316 tuttoto:
296 4264 380 4316 Remis
394 4268 462 4315 titt.
472 4267 534 4314 tom
547 4266 591 4315 ill.
604 4265 667 4328 part.
683 4266 727 4314 ΙΙΙ
741 4266 777 4315 De
790 4264 857 4313 hac'
850 4277 903 4328 ipsa
924 4264 1035 4314 versione
1048 4261 1185 4324 antiquiore
1195 4263 1261 4312 mne

146 4358 164 4393 i
178 4347 277 4395 irenaeo
296 4344 329 4395 ct.
342 4343 553 4395 heumannum'
546 4357 572 4393 m
590 4343 693 4408 praefat
714 4357 774 4395 suaa
792 4343 948 4394 recemionin.
