2796 5064
172 387 242 440 mr.
253 386 303 440 m.
316 387 356 439 nc
371 386 469 441 senso
486 389 577 465 ruso.
594 389 657 442 orn.
670 390 782 443 innius.
795 392 890 444 ιιιιιι.
903 394 973 445 ιιι.
985 394 1020 445 ιι.
1099 365 1176 445 'stt

68 507 208 582 notione
240 490 429 596 sorduerit,
464 508 508 581 ab
531 508 695 585 ecclesiae
726 513 893 588 consortio
923 529 1054 588 maneat
1083 538 1181 615 sepa·

67 636 157 698 ratus
186 624 338 720 (stite

169 1024 207 1074 De
222 1020 376 1074 documentis
390 1021 472 1074 dubiis
487 1023 553 1073 circa
567 1023 809 1075 indissolubilitetem
825 1024 918 1076 vinculi
934 1025 1070 1091 comatulis

438 1113 514 1154 esec.
532 1103 564 1153 v.
581 1104 625 1153 vt.
641 1106 667 1154 et
682 1103 807 1186 deinceps.

133 1297 226 1372 Inter
243 1296 348 1387 dubia
371 1297 572 1372 documenta
592 1298 699 1372 resero
724 1300 886 1372 canonem
909 1298 1042 1372 concilii
1069 1299 1181 1374 hibera

61 1411 181 1486 nensis
200 1413 245 1485 11.
266 1412 358 1512 quod
376 1414 442 1487 sub
459 1439 494 1488 s..
506 1412 649 1487 Patricio
669 1413 871 1487 celebratum
885 1413 1101 1512 perhibetur,
1120 1415 1180 1514 qui

59 1541 112 1600 est
128 1524 271 1602 numero
285 1526 398 1600 xxvi.
418 1527 521 1628 utque
538 1529 585 1601 ito
606 1526 730 1626 legitur
745 1557 753 1601 :
766 1529 769 1533 ’
784 1558 802 1598 ι
816 1528 905 1602 sudi
930 1530 1113 1602 Dominum
1132 1530 1182 1602 di·

59 1657 217 1715 centem:
256 1641 324 1730 Qut
350 1642 505 1715 adicem
530 1645 715 1727 curatrici,
744 1670 846 1714 ocum
876 1670 992 1742 corpus
1021 1645 1174 1743 efficitur.

60 1757 163 1845 Item,
191 1757 343 1830 adsim
364 1757 552 1856 lapidetur:
574 1758 610 1830 id
634 1774 706 1847 est,
733 1759 813 1833 huic
836 1760 918 1834 vitio
935 1759 1120 1847 moriatur,
1143 1776 1182 1834 ut

58 1871 196 1946 desinat
207 1876 376 1960 erescere,
390 1897 479 1973 quae
491 1898 557 1947 non
571 1873 696 1948 desinit
712 1875 894 1948 moechari.
912 1876 1013 1962 Item,
1033 1878 1065 1947 ci
1080 1875 1181 1949 odoi-

58 2002 167 2060 tcroto
192 1987 293 2086 fuerit
315 1987 458 2073 mulier,
491 1987 650 2087 numquid
679 1991 852 2061 reuertitur
881 1988 926 2061 cd
946 1992 1055 2062 uirum
1084 2017 1181 2063 suum

54 2102 554 2200 metumientem
576 2104 648 2177 uiro
677 2103 839 2176 dimittere
863 2108 1022 2190 uxorem,
1047 2108 1116 2178 nisi
1143 2105 1183 2178 cb

56 2241 197 2290 missum
222 2218 470 2316 seiunctione,
500 2243 539 2290 uc
563 2217 706 2292 sidicat
738 2219 776 2291 ob
803 2218 885 2291 donc
915 2220 1184 2294 causamme

56 2332 89 2406 si
121 2331 226 2406 ducet
256 2331 397 2407 alteram
429 2332 523 2407 velut
554 2350 632 2432 post
663 2348 803 2407 mortem
837 2333 993 2433 prioris3
1025 2360 1093 2409 non
1125 2360 1184 2409 vo·

59 2461 136 2520 tant
162 2446 315 2542 (218).»
764 2452 767 2456 ’

91 2594 94 2599 ’
114 2594 117 2598 ·
134 2561 304 2637 cunonem
317 2563 408 2638 hunc
425 2565 513 2639 inter
524 2564 725 2639 documenta
743 2563 854 2636 dubia
865 2562 962 2637 retuli
976 2620 984 2650 ‚
997 2589 1072 2638 non
1091 2564 1182 2665 quod

57 2679 136 2752 eius
156 2676 262 2756 rerba
288 2680 370 2754 sutis
395 2697 513 2780 apertu
538 2707 605 2755 non
628 2680 829 2780 sint'tquoad
854 2679 1066 2767 facultatem,
1095 2679 1183 2779 quae

56 2794 133 2868 viro
144 2793 415 2895 praebetur'post
431 2794 602 2870 adulterae
619 2795 852 2869 dimissionem
865 2793 1004 2867 alteram
1019 2794 1178 2883 ducendi,

56 2907 120 2982 sed
134 2908 213 2982 ideo
224 2909 306 3010 quia
319 2909 466 2983 incertae
481 2910 689 2984 auctoritatis
703 2912 757 2983 e'st
768 2908 1018 2982 documentum.
1031 2908 1179 2995 Etenim,

55 3024 107 3097 uti
135 3023 198 3096 rite
221 3025 618 3113 animadvertentem,
647 3050 715 3098 non
739 3039 849 3124 potest
873 3023 938 3095 hoc
962 3022 1074 3096 vocari
1100 3047 1182 3096 con·

56 3137 198 3226 cilium,
225 3165 302 3212 cum
327 3139 455 3212 nullam
479 3139 612 3213 concilii
639 3139 805 3239 praeierat
823 3138 964 3211 formum
982 3194 990 3225 ,
1011 3137 1072 3210 sed
1090 3162 1182 3211 com·

58 3253 255 3354 pilationem
272 3254 455 3355 quamdam
471 3255 585 3329 verius
606 3254 779 3328 vocaveris
797 3253 840 3326 ab
860 3252 1016 3352 imperito
1040 3278 1179 3326 consur·

56 3370 223 3457 cinutore
238 3370 447 3457 confectam,
479 3371 538 3471 qui
569 3370 680 3443 varias
710 3368 845 3466 collegit
875 3368 1060 3442 sententias
1095 3368 1181 3444 sorte

56 3484 238 3574 traditione
254 3472 373 3585 spuria
390 3513 419 3560 s.
442 3485 587 3560 Patricio
603 3485 794 3559 attributas.
816 3482 988 3584 Imperitia
1006 3498 1180 3583 praetereo

56 3601 161 3674 huius
187 3601 468 3675 consarcinatoris
495 3627 533 3674 se
559 3601 672 3701 prodit
693 3627 734 3673 ex
756 3600 829 3674 solu
853 3599 954 3672 huius
971 3600 1111 3673 canonis
1130 3600 1179 3672 in·

56 3715 242 3816 spectione.
272 3717 356 3788 Nem
383 3716 417 3789 iu
443 3716 563 3814 primis
590 3716 674 3790 haec
697 3714 818 3790 rerba:
849 3715 918 3801 Qui
936 3714 1091 3789 adhorret
1112 3740 1179 3788 me-

134 3926 201 3990 (217)
216 3927 289 3990 Apud
302 3927 379 3979 stb.
390 3929 452 3978 tom.
473 3930 515 3978 tx.
531 3942 586 3992 ρας.
600 3935 638 3979 52.
650 3930 675 3979 et
686 3928 712 3978 in
726 3927 964 3979 collect:mcxtmo
978 3925 1073 3976 conctt.
1087 3924 1177 3976 ΜιιιιΙ.

55 4008 143 4058 vent.
159 4010 229 4058 1772.
242 4009 314 4058 Tum.
326 4009 402 4059 xvss.
416 4008 465 4058 cot.
479 4014 517 4058 tt.
531 4008 578 4058 Hic
588 4010 626 4058 est
641 4007 750 4059 fumosus
765 4008 846 4057 textus
862 4019 936 4070 quem
951 4004 1075 4055 Luuuoius
1086 4005 1115 4053 ut
1124 4005 1176 4054 trs·

55 4088 126 4138 heret
134 4086 169 4137 sd
182 4099 234 4137 rem
244 4099 316 4138 suum
326 4087 398 4139 tuedo
406 4087 531 4151 corrupit,
541 4087 693 4139 substituens
704 4086 736 4137 od
748 4086 810 4138 illud
823 4085 855 4136 ot
866 4085 928 4145 tor,
940 4082 1075 4146 oculiad,
1087 4081 1178 4135 deindo

54 4167 141 4218 delens
155 4166 201 4216 itte
211 4166 299 4218 rats:
312 4166 392 4218 ιιιιὶὶα
405 4169 509 4219 rcttorrc
518 4179 639 4231 ιιιοιιιιι.
654 4166 727 4218 Tuos
737 4168 795 4218 sunt
803 4165 941 4218 catholicae
952 4161 1081 4215 ductione
1095 4162 1176 4226 tmus-

179 4257 186 4286 i

53 4258 203 4400 mizi)
217 4336 290 4401 Apud
302 4335 423 4389 fluidum.
437 4339 504 4389 tcto
517 4336 565 4389 etc.
577 4337 629 4390 tom
641 4339 661 4390 1.
673 4337 722 4389 oct.
737 4340 804 4389 ntes.
