2796 5064
246 422 315 474 nur.
327 420 356 475 t.
372 420 605 515 nrjrntretuu
621 419 829 474 trunnrnart.
845 421 917 474 sar.
930 424 954 475 r.
1117 404 1165 476 tt

60 566 158 639 gnare
169 539 407 628 connituntur,
421 539 622 615 ucommuni
641 539 848 641 honestoque
869 541 1042 616 hominnm
1060 568 1164 618 sensu

59 682 93 730 ac
115 656 272 730 instituto
295 655 480 730 universim
506 671 639 756 recepto
657 653 801 730 manime
818 655 993 746 abhorret,
1013 659 1072 757 qui
1090 685 1166 735 eam

57 772 174 870 quotis
204 787 356 872 temporo
377 771 580 845 damnarunt
604 796 643 845 ao
668 771 823 844 detestati
848 771 938 845 sunt.

123 887 302 962 Praeterea
325 886 620 974 sansimonianos,
648 912 687 959 ao
711 887 894 984 generatim
924 887 1165 962 eommunistas

55 1015 201 1076 retem
227 998 470 1075 baereticorum
487 999 761 1074 abominationes
791 1025 976 1088 renovem,
1004 999 1169 1075 historiae

54 1114 238 1190 haereseon
268 1115 455 1217 carumque
483 1136 559 1190 eum
589 1114 729 1191 tbsoriis
756 1131 791 1189 et
815 1115 910 1215 praxi
944 1116 1167 1190 recentiorum

54 1229 261 1329 comparatio
285 1228 473 1303 luculenter
489 1229 650 1304 ostendit.
667 1230 789 1302 Notum
808 1245 860 1302 est
874 1226 1056 1329 plerasque
1074 1229 1168 1329 prio-

55 1369 125 1416 rum
151 1342 344 1418 semrloram
368 1342 545 1432 bacuceos,
579 1343 809 1442 gnosticorum
841 1345 1057 1444 praesertim,
1086 1344 1167 1417 inde

54 1472 142 1531 orne
160 1456 297 1547 ¹fnisse,
320 1457 411 1558 quod
435 1458 672 1532 ethnicismum
697 1482 774 1531 cum
796 1457 980 1531 christiana
1003 1457 1165 1555 religione

56 1572 256 1670 coniungere
280 1573 385 1648 immo
400 1589 434 1648 st
449 1575 670 1648 commiscere
681 1574 834 1673 pertensi
855 1573 1008 1648 homines
1033 1589 1165 1672 satege-

56 1686 138 1775 rint,
165 1687 319 1789 udccque
343 1689 533 1790 paganismi
561 1688 681 1763 sardes
706 1689 748 1761 in
768 1687 955 1763 christiana
977 1703 1089 1762 castra
1112 1688 1168 1762 in·

55 1801 149 1875 serre.
172 1803 242 1890 Qui
258 1829 337 1880 tero
359 1804 426 1880 illis
443 1820 682 1880 successerunt
701 1804 869 1878 baeretici
883 1802 1000 1877 endem
1024 1801 1162 1902 placita,

56 1941 138 2016 pne
154 1918 400 2018 cupiditatibus
416 1918 594 2019 explendis
608 1917 739 2018 absque
754 1917 959 1992 uerecundia
978 1916 1098 1990 idonea
1115 1919 1165 1991 lo-

56 2049 141 2120 rent,
166 2033 381 2133 adoptarumt.
397 2035 610 2135 lstorumque
628 2033 763 2108 soboles
777 2060 817 2127 ao
832 2032 1167 2108 successicdiuersis

56 2146 118 2220 snb
138 2148 336 2224 nominibus
351 2151 571 2251 dirersisque]
581 2150 763 2248 impietatis
784 2149 900 2224 formis
919 2174 1103 2251 numquam
1120 2149 1165 2223 ad

55 2261 136 2337 buce
160 2289 272 2365 usqne
295 2282 446 2367 tempore
469 2266 593 2354 desiit,
613 2265 727 2339 donee
741 2266 840 2340 ¹omni
861 2265 1017 2364 disrupto
1036 2291 1168 2364 aggeus

55 2403 119 2452 see.
136 2379 226 2452 XlX.
242 2379 341 2480 longe
353 2380 495 2484 *lataque
507 2381 804 2457 communieturum
821 2380 974 2455 doctrina
994 2397 1165 2479 tamquam

55 2491 149 2568 luade
166 2493 335 2570 colluvies
353 2496 551 2571 exundavit.
581 2495 830 2570 Sansimcniani
856 2499 892 2569 et'
914 2494 1165 2569 -communistae

55 2634 132 2684 tuce
145 2608 275 2684 hubent
286 2635 391 2711 seque
406 2611 529 2710 dignos
547 2612 897 2712 parentes‚.nullaque
914 2611 1059 2684 foeditas
1075 2626 1166 2685 esta

57 2723 224 2820 prioribus
238 2727 451 2824 excogitata,
474 2754 577 2829 quam
594 2728 934 2828 nonadoptuuerint,
959 2751 1166 2825 propagare·

56 2837 185 2939 rintque
209 2842 436 2929 recentiores,
461 2859 518 2916 aut
543 2845 644 2918 etiem
660 2844 914 2944 ‘superaverint

120 2955 213 3030 Sene
234 2955 374 3031 istorum
395 2959 681 3058 omniumagmen
691 2959 796 3032 :duxit
811 2956 1037 3056 ulterzpariter
1047 2955 1163 3031 Simon

57 3085 281 3166 cognomento,
296 3071 437 3169 Magus,
470 3073 530 3172 qui
553 3074 601 3146 nt
620 3089 737 3147 auctor
755 3096 865 3146 novae
888 3087 1000 3146 sectae
1027 3080 1165 3168 aggres-

56 3207 113 3258 tus
142 3201 197 3259 est
221 3185 449 3260 liberationem
476 3187 653 3262 cniusdam
669 3187 830 3263 ¹Helenae
864 3185 1062 3287 prostitutae
1098 3186 1166 3260 ioe-

54 3298 163 3371 minae
189 3325 291 3399 wem
318 3300 354 3372 iu
380 3301 566 3400 prostibulo
592 3304 736 3391 invenit;
765 3330 838 3377 eam
864 3303 964 3388 emit,
990 3327 1027 3373 se
1051 3302 1162 3401 ipsum

53 3415 206 3486 aetutem
227 3415 291 3488 Dei
312 3415 469 3490 altissimi
491 3416 730 3517 proclamavit,
750 3416 912 3491 Helenam
929 3441 1009 3490 vcro
1029 3430 1164 3489 matrem

54 3525 128 3602 lecit
149 3527 331 3629 spirituum
356 3531 429 3605 sive
450 3557 615 3617 aeonum,
639 3533 697 3633 qui
722 3531 845 3605 deinde
864 3530 1027 3604 mundum
1052 3531 1164 3606 condi·

54 3639 324 3740 derunt(18),et
342 3646 454 3721 carnis
479 3645 666 3722 libertatem
690 3645 832 3721 induxit.

123 3757 225 3831 Hunc
240 3755 398 3859 ,proxime
423 3777 559 3837 secutus
579 3778 632 3838 est
649 3762 850 3850 Menander,
869 3761 929 3863 qui
950 3761 1076 3861 pariter
1090 3787 1164 3834 car·
1260 3858 1265 3866 .

54 3872 105 3947 nis
130 3874 355 3974 propugnavit
379 3876 585 3968 libertatern,
616 3894 752 3980 stupra,
784 3875 1038 3967 fornicationes,
1067 3876 1163 3950 adul·

56 3987 136 4063 teria
160 3986 323 4089 operibus
346 3992 528 4075 meritoriis
553 3992 752 4073 adscribens
767 3995 857 4091 (19).

122 4197 174 4261 (tt)
189 4198 228 4250 Gi.
240 4212 263 4250 t.
273 4202 402 4254 huncum
412 4197 622 4256 Gottlm'lttteret.
630 4204 675 4256 llb.
683 4204 702 4255 l.
710 4219 733 4257 c.
744 4213 783 4258 ²³.
794 4205 834 4256 ed.
845 4206 962 4257 ldmelj

124 4278 175 4342 (ta)
192 4277 255 4330 lbld.
268 4292 294 4330 n.
308 4288 331 4331 e.
342 4282 464 4337 clettam
473 4284 605 4337 Eusebium
619 4287 690 4337 utet.
702 4285 792 4338 accurs
803 4285 848 4338 lib.
862 4287 906 4337 111.
917 4297 941 4336 e.
953 4289 992 4337 tc
1004 4297 1026 4336 s.
1039 4281 1160 4348 ltplpbut.

55 4354 149 4408 litorea
164 4360 242 4412 xxtt.
254 4359 294 4413 ed.
308 4363 395 4414 Peter.
