2796 5064
142 238 146 253 ·
232 216 302 293 tte
384 238 447 299 nn.
467 236 516 290 ιιι.
535 236 624 293 asor.
643 234 776 291 ιιιιιι.
796 234 963 289 numum.
979 234 1077 289 ιιιι.
1094 232 1222 289 maur.

232 358 354 446 ficere;
381 382 462 457 ergo
485 357 603 431 merito
627 355 718 430 idem
742 355 889 430 dicimus
914 354 958 429 de
982 370 1061 430 roto
1085 354 1253 430 castinum
1274 354 1341 430 reli·

230 474 367 573 giosae;
396 499 473 548 cum
499 498 578 571 ergo
603 472 638 544 in
662 471 729 547 boo
751 488 830 547 roto
854 471 899 546 de
928 471 1050 547 effectu
1074 486 1229 561 constet,
1254 471 1343 548 etde

231 590 304 665 iure
320 589 435 663 divino
453 614 520 663 non
536 603 688 676 constet,
709 587 778 662 imo
797 586 1003 662 sufficienter
1019 587 1183 688 probetur
1201 613 1268 663 non
1285 588 1344 663 exi·

231 721 339 795 stere,
366 703 553 779 sistendum
578 720 631 779 est
661 703 696 777 in
725 703 799 778 iure
829 701 1080 789 ecclesiastico,
1107 702 1151 779 de
1176 730 1247 805 quo
1271 704 1344 778 setis

230 836 373 896 constat.

303 936 451 1011 Alteram
475 936 704 1038 probationem
726 935 814 1011 eruit
836 935 960 1010 Suarez
976 962 1017 1010 ex
1033 960 1096 1024 eo,
1118 934 1217 1036 quod
1234 935 1291 1011 bic
1305 937 1346 1009 ef·

231 1050 338 1127 fectus
362 1079 431 1127 non
453 1052 594 1125 excedat
609 1049 867 1152 amplitudinem
884 1050 1136 1127 ecclesiasticae
1155 1053 1344 1153 potestatis,

230 1182 270 1243 ut
291 1183 424 1245 constat
446 1195 488 1243 ex
512 1166 669 1243 adductis
696 1167 835 1241 loannis
858 1166 962 1241 Xle.
982 1167 1118 1257 verbis,
1146 1194 1239 1269 quae
1263 1167 1346 1242 illam

93 1306 101 1319 ·
229 1299 446 1385 supponunt;
478 1298 550 1357 tum
581 1309 623 1357 er
654 1280 823 1357 illimitata
856 1282 1013 1359 facultate
1037 1308 1062 1358 e
1092 1281 1234 1360 Christo
1262 1285 1346 1359 Petro

230 1422 394 1489 concesse
416 1397 546 1496 ligandi
559 1422 613 1495 'ao
638 1396 813 1487 solvendi,
843 1397 1074 1499 pascendique
1099 1423 1184 1474 oves
1209 1425 1304 1475 suas.

303 1512 447 1587 Tertiam
473 1511 621 1613 denique
648 1512 879 1613 probationem
909 1513 1034 1613 promit
1063 1539 1107 1587 ex
1131 1513 1244 1602 facto,
1272 1541 1345 1603 sen,

231 1643 270 1705 ut
291 1628 368 1729 ipse
392 1628 563 1729 loquitur,
583 1654 625 1703 ex
640 1629 754 1728 signo,
784 1627 950 1705 ecclesiae
974 1626 1136 1705 nimirum
1162 1631 1288 1730 agendi
1306 1656 1349 1706 ra·

231 1743 340 1833 tione,
362 1761 529 1847 quotenus
552 1742 698 1820 ecclesia
720 1743 856 1820 diversa
872 1744 1002 1820 ratione
1019 1744 1085 1821 hac
1105 1761 1277 1846 potestate
1291 1774 1350 1823 usa

230 1875 304 1947 est,
331 1859 412 1934 dum
431 1859 539 1935 noluit
562 1860 654 1935 hunc
678 1860 834 1935 effectum
853 1887 914 1961 per
937 1877 1052 1937 uotrrm
1071 1862 1169 1964 qnod
1197 1862 1235 1938 in
1261 1890 1350 1940 anon

230 1975 441 2052 ordinatione
464 1977 646 2066 emittitur,
667 1991 727 2053 aut
750 2003 811 2078 per
826 1976 971 2077 simplex
991 1992 1108 2053 totum
1131 1980 1303 2056 castitatis
1318 1982 1350 2054 in

231 2088 346 2183 seculo
371 2091 593 2180 servandum3
613 2090 721 2167 voluit
742 2108 856 2167 autem
879 2119 942 2173 seu
966 2092 1168 2183 constituit,
1203 2112 1244 2171 ut
1267 2096 1352 2172 huno

230 2202 385 2280 effectum
410 2205 611 2306 produceret
626 2224 742 2283 votum
762 2207 913 2299 solemne¹
926 2209 1120 2309 religionis,
1144 2212 1241 2312 quod
1264 2213 1352 2313 prius

230 2319 275 2395 ad
301 2320 337 2394 id
362 2346 430 2397 non
463 2322 715 2424 requirebatur,
742 2339 783 2399 ut
806 2340 898 2424 patet
921 2351 982 2425 per
1011 2325 1172 2426 exempla
1197 2354 1240 2403 ex
1271 2327 1352 2403 anti·

231 2437 359 2537 quitate
382 2436 614 2513 ecclesiastica
638 2439 847 2542 deprompta.
877 2440 915 2514 lu
942 2439 998 2515 his
1026 2442 1118 2516 enim
1145 2442 1279 2518 nullam
1303 2468 1352 2519 so·

230 2554 373 2631 lemnam
387 2556 559 2655 religionis
573 2555 816 2657 professionem
835 2558 1041 2647 invenimus,
1059 2558 1120 2633 sed
1139 2562 1352 2662 propositum

231 2673 418 2763 servandae
440 2674 627 2763 castitatis,
656 2673 800 2775 eiusque
825 2673 1087 2750 observantiam.
1116 2675 1211 2763 Quia
1235 2702 1352 2778 nempe

232 2787 381 2864 nondum
406 2790 549 2866 ecclesia
574 2790 813 2880 constitueret,
842 2808 882 2865 ut
904 2817 965 2890 por
989 2790 1099 2865 solum
1126 2791 1284 2869 solemne
1307 2820 1353 2867 re-

230 2904 367 3002 ligionis
400 2922 513 2981 votum
543 2905 739 3004 coniugium
772 2904 997 2980 dirimeretur.
1032 2905 1139 3007 ldque
1175 2909 1352 2983 confirmat

230 3020 383 3121 exemplo
411 3040 563 3096 uotorum
600 3020 829 3122 simplicium,
862 3048 951 3122 quae
978 3047 999 3095 a
1030 3020 1251 3098 scholasticis
1279 3026 1349 3099 Soc.

233 3135 310 3210 lesu
328 3137 434 3211 emitti
446 3137 579 3226 solent,
601 3163 690 3238 quae
706 3137 787 3211 olim
811 3137 879 3212 tim
898 3164 965 3213 non
983 3134 1157 3212 habebant
1174 3137 1353 3215 dirimendi

231 3251 481 3327 matrimonium
508 3270 635 3342 ratum,
660 3270 777 3355 postea
796 3280 877 3329 vero
896 3280 938 3328 ex
959 3252 1202 3329 constitutione
1228 3254 1355 3356 pontifi·

231 3366 304 3454 cia,
331 3393 405 3440 eam
430 3368 499 3441 vim
528 3368 651 3469 adepta
681 3385 761 3444 sunt
788 3370 877 3465 (48).
907 3368 995 3442 Hinc
1018 3369 1195 3443 concludit
1218 3397 1261 3444 cx
1288 3367 1352 3444 sola

231 3482 395 3557 ecclesiae
420 3499 583 3582 potestate
608 3484 827 3559 derivandum
848 3483 940 3558 hunc
961 3484 1117 3558 effectum
1142 3485 1190 3560 de
1215 3485 1353 3560 dissolu

231 3600 321 3674 tione
346 3598 492 3697 coniugii
526 3600 587 3672 rati
614 3616 648 3674 et
680 3626 747 3675 non
773 3600 995 3674 consummati
1022 3626 1082 3699 per
1109 3600 1352 3700 professionem

232 3715 440 3815 religiosam,
462 3743 550 3818 quae
576 3716 659 3792 iuris
684 3716 904 3792 ecclesiastici
930 3734 1001 3806 est,
1022 3717 1144 3793 saltem
1171 3720 1287 3821 quoud
1303 3744 1352 3795 eo·

231 3829 449 3908 lemnitatem.

305 3949 413 4023 Ceteri
447 3976 526 4024 vero
552 3949 697 4048 theologi
735 3950 871 4025 nonnisi
896 3950 1042 4025 diversis
1072 3950 1190 4026 verbis
1223 3950 1349 4026 medem

233 4061 336 4137 hasce
364 4064 578 4165 probationes
598 4064 773 4161 evolvunt;
795 4065 863 4139 nisi
889 4064 982 4168 quod
1000 4063 1060 4139 alii
1083 4065 1255 4143 adiiciunt
1274 4066 1351 4138 hane

304 4215 354 4277 (ts)
369 4218 461 4281 Nempe
476 4219 586 4281 Gregorii
598 4220 664 4268 ΧΙΙΙ.
679 4218 800 4269 inconst.
819 4217 978 4269 escendenti
995 4220 1116 4268 ncmtno.
