2796 5064
255 369 326 421 cte.
342 368 378 421 u.
394 370 434 420 nn
453 369 628 420 rottunttrn
645 369 840 419 successive.
857 370 926 419 mr.
941 370 975 420 n.
1104 349 1171 420 tot

65 487 273 585 coniugium,
300 487 361 563 sed
385 487 613 587 polygamiam
639 486 831 586 appellant,
861 487 913 560 vel
937 488 1048 584 potius
1073 489 1178 560 mode·

64 617 168 672 ratum
192 604 439 700 [ominationem
456 660 462 672 .
480 658 487 673 .
504 657 511 670 .
527 601 598 699 jam
616 626 694 672 vero
712 601 956 674 consuetudine
982 603 1176 700 accepimus

64 717 95 787 in
115 717 268 813 trigamis
288 714 512 815 quinquennii
534 716 817 811 segregationem,
840 741 907 787 non
926 741 945 786 a
966 716 1171 803 canonibus,

63 832 119 903 sed
144 858 204 905 ecs
232 833 292 931 qui
321 847 576 930 praecesserunt
600 831 785 929 sequendo.
814 829 953 928 Oportet
977 848 1090 905 autem
1116 857 1176 907 ecs

63 973 120 1017 non
145 949 275 1018 omnino
296 972 403 1018 arcere
421 948 463 1018 ab
480 945 633 1029 ecclesia,
656 944 717 1017 sed
735 945 907 1018 auditione
923 946 1078 1041 digamos
1097 946 1177 1020 duc

63 1059 122 1134 bus
146 1059 201 1133 rel
226 1059 334 1133 tribus
356 1061 475 1145 annis,
504 1086 544 1133 ac
569 1077 686 1158 postea
712 1060 796 1160 ipsis
820 1060 1027 1157 permittere,
1049 1079 1085 1135 ut
1101 1088 1177 1135 con·

64 1175 187 1247 sistant
198 1174 355 1274 quidem,
372 1175 565 1248 abstineant
576 1201 655 1248 vero
672 1201 693 1248 a
708 1174 787 1247 honi
805 1177 1058 1264 communione,
1076 1178 1177 1250 etsie

62 1290 210 1363 exhibito
235 1290 460 1388 poenitentiae
485 1290 599 1390 aliquo
625 1289 750 1376 fructu,
776 1290 1020 1364 communionis
1039 1290 1113 1365 loco
1130 1319 1177 1366 re

62 1407 199 1479 stituere
216 1409 340 1501 (86).n
362 1405 523 1504 Adeoque
543 1419 674 1479 constat
697 1406 790 1477 iuxta
814 1430 843 1475 s.
860 1403 1022 1478 Basiliam
1045 1430 1113 1477 non
1129 1407 1178 1480 di-

62 1521 134 1594 rino
151 1520 247 1605 iure,
264 1520 324 1593 sed
343 1521 415 1592 iure
433 1535 560 1593 tantum
573 1519 735 1592 canonico
754 1519 961 1613 trigamiam,
979 1519 1082 1594 multo
1099 1547 1176 1599 vero

61 1635 166 1730 magis
185 1633 417 1730 tetragamiam
430 1634 548 1708 vetitas
567 1632 692 1718 luisse,
710 1648 742 1705 et
755 1632 900 1731 quodam
915 1649 1176 1731 temperamento

62 1747 245 1821 identidem
262 1748 352 1820 circa
365 1749 529 1847 'trigamos
548 1774 635 1848 opus
654 1749 779 1835 luisse,
807 1766 905 1848 prout
929 1750 1041 1849 reipsa
1061 1768 1176 1851 postea

61 1863 182 1936 lactum
208 1878 275 1935 est.

137 1977 190 2049 De
220 1978 416 2073 tetragamia
446 1992 557 2063 autem
586 2003 648 2052 seu
677 1980 807 2077 quartis
837 1981 966 2078 nuptiis
995 1983 1172 2081 speciatim

61 2089 222 2164 nonnulla
246 2089 402 2162 addenda
420 2107 512 2163 sunt.
543 2091 638 2164 Hanc
662 2093 826 2165 canonica
847 2095 1044 2170 auctoritate
1061 2098 1096 2168 in
1120 2124 1176 2171 ec-

57 2205 159 2278 clesia
187 2230 310 2300 graeca
338 2204 510 2304 explosam
535 2204 643 2278 luisse
661 2206 709 2278 uti
736 2206 1007 2295 fornicationem,
1032 2228 1090 2283 aut
1114 2212 1176 2284 lor

58 2320 225 2393 nicatione
238 2319 386 2417 peiorem
399 2317 528 2391 nullum
546 2317 687 2390 dubium
705 2345 782 2392 esse
798 2337 908 2418 potest
925 2322 1017 2396 iuxta
1036 2325 1176 2423 antiqua

58 2462 146 2534 quae
164 2450 353 2532 suppetunt
368 2433 570 2507 documenta
591 2436 679 2527 (87).
702 2434 822 2507 Verum
837 2435 913 2510 heic
932 2464 998 2511 non
1016 2455 1178 2513 steterunt

56 2549 209 2625 nonnulli
235 2576 276 2622 ex
300 2550 343 2622 iis
369 2550 428 2648 qui
455 2550 688 2646 tetragamium
715 2553 968 2649 impugnarunt.
999 2555 1172 2653 Siquidem

53 2668 92 2740 cb
117 2667 283 2741 eximiam
308 2666 520 2765 potissimum
541 2692 590 2738 ss.
607 2667 723 2740 Basilii
743 2693 783 2739 ac
801 2668 949 2764 Gregorii
977 2672 1173 2744 nazianzeni

54 2781 288 2855 anctoritatem
313 2781 437 2853 lactum
463 2796 515 2853 est
538 2797 574 2851 ut
594 2780 724 2879 aliquot
744 2797 814 2854 tum
836 2783 1004 2859 antistites
1026 2801 1093 2857 tum
1118 2786 1177 2857 im·

54 2914 225 2995 peratores
247 2895 476 2991 tetragamiam
504 2894 619 2967 divina
642 2897 712 2997 iope⁸
734 2896 839 2969 vetari
857 2899 1061 2971 censuerint.
1084 2901 1175 2974 Haec

55 3010 258 3108 potissima,
288 3010 390 3080 immo
415 3009 514 3082 unica
540 3010 623 3083 ratio
649 3026 701 3082 est
725 3038 793 3109 qua
819 3029 1005 3110 permotum
1031 3040 1068 3087 se
1093 3014 1176 3090 dicit

56 3125 205 3198 Basilius
231 3123 367 3196 Macedo
396 3123 438 3196 ad
463 3136 602 3222 quartas
628 3125 763 3222 nuptias
790 3126 1047 3225 proscribendos
1073 3153 1175 3228 pecu·

54 3240 126 3314 liari
153 3240 294 3314 Novella
315 3267 416 3339 quam
439 3240 492 3312 his
511 3240 622 3313 verbis
642 3240 824 3315 conclusit:
850 3243 1089 3316 allanilestum
1107 3271 1175 3317 cm·

56 3360 155 3432 nibus
173 3375 265 3446 esto,
287 3362 377 3460 quod
398 3363 525 3461 siquis
550 3388 656 3435 ausus
678 3362 777 3434 luerit
792 3362 836 3436 ad
862 3378 1003 3461 quartas
1017 3364 1170 3462 nuptias,

56 3500 114 3546 oon
140 3477 277 3572 nuptias
305 3477 489 3562 accedere,
518 3503 583 3549 non
609 3477 717 3548 solum
745 3503 805 3575 pro
831 3476 934 3549 nullis
960 3475 1174 3549 habebuntur

57 3585 116 3660 hae
131 3589 291 3687 nuptiae,
315 3616 376 3663 nec
397 3590 495 3662 liberi
518 3590 619 3663 exiis
637 3591 798 3691 procreati
817 3615 877 3689 pro
896 3589 1054 3685 legitimis
1073 3616 1174 3687 agno-

129 3757 183 3816 (86)
199 3757 244 3818 Ep.
261 3756 435 3806 clxxxvttt.
453 3769 507 3805 can.
527 3760 563 3806 rt.
580 3771 603 3819 p.
616 3761 669 3807 atr.
681 3756 720 3806 ed.
732 3757 774 3806 cit.

127 3834 181 3899 (87)
196 3834 293 3883 Etenim
305 3836 331 3883 in
349 3836 585 3886 constituttcntour
598 3848 666 3900 quae
679 3835 759 3898 outre
772 3835 932 3898 apostottrae
943 3840 986 3885 aot
997 3835 1175 3888 dkntenttmre

57 3914 229 3976 nuncupantur
246 3911 289 3962 tib.
303 3920 326 3963 a.
338 3927 361 3962 c.
375 3923 398 3964 2.
415 3913 515 3976 tegimr:
534 3934 546 3958 r
557 3913 584 3963 td
597 3927 696 3977 quoque
715 3915 777 3963 scire
788 3914 900 3976 debetis,
921 3913 1013 3976 primas
1033 3914 1132 3978 quidem
1148 3918 1174 3966 et

58 3995 138 4043 rumas
156 3993 278 4056 nuptias.
294 3993 412 4044 ..tantm
431 4007 491 4044 esee.
503 3993 629 4045 secundas
649 4007 707 4044 roro
727 3997 783 4057 post
803 3993 977 4056 protesstonem
991 3995 1104 4058 nuptias,
1120 4005 1173 4044 esee

60 4070 171 4133 ttt'rcttns,
193 4085 242 4122 non
261 4075 360 4137 propter
375 4074 532 4136 wrington,
552 4073 596 4124 red
616 4077 715 4137 propter
735 4073 906 4134 mendacium
924 4074 1011 4124 tertias
1024 4074 1122 4136 nuptias
1138 4075 1174 4123 tn·

59 4152 238 4215 tmperrnttnm
257 4153 439 4213 demonstrem
454 4156 484 4203 ct
499 4153 635 4218 qucdtttet
651 4157 711 4217 port
727 4156 818 4204 terttas
836 4156 944 4218 nuptias
956 4156 1170 4214 tenementum,

64 4229 226 4292 nottestane
236 4243 291 4280 erre
299 4229 506 4292 somtcattonem
515 4235 541 4282 et
552 4231 755 4283 tndutrttatttem
763 4232 950 4296 petulenttnm.
959 4253 970 4274 »ι
985 4232 1053 4295 Apud
1065 4230 1170 4282 coteler.

65 4309 108 4358 tr.
121 4313 210 4374 tpost.
229 4312 290 4360 tom.
304 4313 324 4362 t.
340 4324 365 4373 p.
378 4315 432 4361 275.
448 4311 488 4362 ed.
506 4314 629 4374 antwerp.
