2796 5064
190 388 254 439 car.
267 388 306 437 ιι.
320 387 362 439 on
376 386 490 439 mous.
502 387 586 439 ιιιιι
615 387 647 437 m
662 387 750 438 caus.
768 386 879 437 ιιιιι.
897 386 967 443 tnr.
984 387 1033 438 ιιι.
1104 366 1172 437 211

97 505 228 591 mune,
257 530 325 580 non
351 522 462 578 autem
482 503 528 578 ad
553 503 697 579 incisum
723 503 935 604 subsequens
961 504 1004 578 de
1013 504 1096 580 alia
1112 506 1177 581 du-

90 620 166 695 erla
195 637 254 696 aut
280 646 347 696 non
371 620 528 696 ducenda
552 646 654 693 uxore
675 621 765 716 (98).

565 847 603 945 q.
632 847 676 917 ιι.

100 1061 185 1113 ladem
199 1061 371 1126 interpretatio
381 1062 495 1111 textuum
512 1061 628 1112 Matthaei
645 1061 676 1110 de
692 1060 833 1110 omnimoda
848 1060 973 1110 christiani
990 1061 1140 1112 matrimonii

234 1140 454 1192 lndimoluhitltate
470 1153 499 1190 ex
516 1141 591 1190 Marci
607 1145 638 1190 ll.
661 1143 685 1190 et
702 1142 761 1190 Luc.
778 1144 843 1190 xvl.
860 1140 991 1190 stabilitur.

127 1320 226 1407 Quae
242 1319 393 1393 diximus
409 1321 452 1392 de
469 1320 595 1394 Christi
613 1336 725 1393 mente
742 1320 832 1394 circa
851 1319 1078 1392 omnimodam
1095 1345 1176 1393 con-

64 1435 178 1533 iugatis
200 1436 329 1509 vinculi
348 1436 564 1524 firmitatem,
585 1437 728 1510 mirifice
744 1436 985 1509 confirmantur
1006 1435 1088 1508 tonis
1115 1462 1177 1534 pa·

62 1551 179 1625 miletis
207 1551 310 1625 Marci
328 1552 370 1624 X.
393 1554 452 1627 11.
470 1555 529 1626 12.
550 1570 584 1626 et
600 1555 707 1626 Lucae
723 1554 806 1624 xvl.
831 1554 889 1625 18.
915 1554 998 1624 Nam
1016 1551 1109 1624 nulla
1131 1553 1179 1624 in·

60 1668 137 1742 ieeta
156 1668 202 1741 de
219 1668 443 1743 fornicatione
469 1671 679 1769 exceptione,
701 1668 855 1743 Christus
881 1687 1023 1768 utmque
1048 1668 1082 1740 in
1105 1667 1180 1743 loco

58 1782 208 1857 absolute
235 1785 436 1883 pronunciat
453 1786 609 1860 adulterii
629 1813 704 1860 reos
725 1786 818 1872 lieri,
839 1785 1068 1884 quicumque,
1089 1785 1177 1859 sacto

57 1899 213 1987 divortio,
235 1925 340 1975 novas
358 1902 494 2003 nuptias
517 1903 665 1976 inierint.
687 1904 729 1975 Ut
746 1916 857 1975 autem
875 1901 1051 1999 utriusque
1070 1916 1179 1974 textus

55 2017 101 2089 ris
126 2032 316 2115 appareat,
346 2034 497 2116 praestat
520 2046 635 2093 sorum
653 2018 836 2118 quemlibet
861 2043 937 2092 cum
957 2016 1031 2091 suis
1057 2015 1178 2089 adiun-

54 2132 111 2204 ctis
139 2129 267 2204 roterre
293 2148 327 2206 ot
351 2133 563 2232 expendere,
592 2135 697 2233 idque
719 2134 882 2208 adversus
907 2158 987 2219 eos,
1016 2131 1075 2233 qui
1101 2130 1179 2205 suh

54 2244 305 2341 intelligendam
326 2246 361 2318 in
378 2247 422 2321 iis
448 2275 524 2322 esso
545 2266 664 2350 putant
687 2249 840 2322 eamdem
869 2248 1069 2347 pericopen,
1092 2274 1180 2347 quae

53 2360 140 2460 apud
162 2360 367 2435 Matthaeum
388 2366 549 2452 occurrit,
573 2382 674 2466 atque
698 2392 739 2439 ex
765 2363 931 2438 Matthaeo
951 2363 1178 2464 supplendum

54 2475 141 2576 quod
161 2474 198 2547 in
223 2474 301 2549 aliis
324 2479 509 2574 evangeliis
536 2481 697 2554 omissum
723 2496 787 2553 est.

122 2591 236 2664 Refert
262 2591 364 2689 igitur
382 2621 411 2667 s.
435 2596 583 2683 Marcus,
609 2595 793 2694 quodcum
815 2594 992 2668 audissent
1016 2593 1178 2692 discipuli

55 2732 253 2806 responsum
270 2733 292 2779 a
309 2707 444 2783 Christo
463 2710 654 2809 pharisaeis
673 2710 789 2784 datum
814 2710 858 2782 de
877 2708 1175 2782 indissolubilitate

54 2821 223 2919 coniugii,
245 2821 334 2897 iacta
360 2823 544 2898 abolitione
562 2825 667 2898 libelli
687 2825 837 2926 repudii,
860 2838 1081 2923 revocatoque
1098 2849 1180 2897 con-

56 2937 145 3036 iugio
168 2937 214 3011 ad
233 2938 410 3037 pristinam
429 2942 699 3015 institutionem:
723 2972 741 3012 a
754 2943 791 3013 ln
810 2942 910 3015 domo
928 2942 1048 3012 iterum
1074 2940 1179 3012 disci·

57 3055 123 3154 puli
154 3055 230 3129 eius
259 3054 302 3129 de
331 3057 451 3131 eodem
485 3058 772 3157 interrogaverunt
801 3085 891 3131 eum.
929 3058 971 3131 Et
1004 3057 1052 3131 ait
1081 3057 1174 3130 illis:

58 3171 271 3272 Quicumue
287 3173 455 3248 dimiserit
467 3203 604 3250 uxorem
619 3204 716 3250 suam
729 3235 736 3263 ,
753 3194 787 3250 et
799 3176 900 3248 aliam
913 3175 1061 3263 duxerit,
1079 3174 1179 3248 adul·

59 3289 177 3361 terium
202 3290 379 3363 committit
405 3318 508 3391 super
531 3318 619 3366 eam.
648 3294 690 3365 Et
714 3294 743 3366 si
771 3319 854 3366 uxor
875 3291 1043 3364 dimiserit
1068 3293 1178 3364 virum

58 3429 168 3492 suum,
190 3419 224 3477 et
248 3404 306 3477 alii
333 3407 512 3505 nupserit,
543 3409 782 3482 moechatur.»
800 3409 896 3495 Quae
920 3409 1057 3507 quidem
1076 3408 1179 3481 verba

59 3518 140 3593 adeo
154 3536 236 3593 sunt
247 3522 445 3621 perspicua,
463 3540 500 3596 ut
517 3524 645 3596 nullum
661 3524 926 3622 tergiversationi
949 3523 1059 3596 locum
1078 3523 1179 3595 relin-

61 3651 176 3735 quant.

126 3752 251 3824 Verum
275 3751 340 3825 hoc
367 3753 443 3851 ipso
468 3753 552 3825 nihil
580 3754 778 3828 intentatum
799 3754 982 3827 adversarii
1002 3753 1175 3839 omittunt,

58 3881 92 3937 ut
114 3865 187 3939 illis
212 3867 368 3940 tenebras
386 3869 574 3942 offundant.
598 3869 663 3940 Alii
690 3870 781 3942 enim
799 3896 839 3940 ex
853 3894 912 3955 eo,
938 3868 1028 3967 quod
1047 3869 1179 3940 Marcus

56 3980 260 4055 mentionem
278 3982 431 4056 iniecerit
449 3984 491 4058 dc
507 4013 608 4058 umore
623 3985 801 4056 dimittente
814 3987 923 4055 virum
941 4010 1053 4068 suum,
1075 4008 1178 4083 quam

56 4095 245 4170 Matthaeus
271 4099 518 4199 praetermisit,
547 4100 695 4174 inserunt
720 4101 867 4174 Marcum
891 4124 959 4172 non
985 4125 1005 4173 e
1026 4122 1180 4171 sermone

57 4212 132 4288 lesu
149 4213 256 4287 verba
273 4214 330 4289 illa
348 4216 554 4306 reddidisse,
577 4218 675 4293 seda
699 4219 795 4292 Petro
817 4217 970 4316 apostolo
993 4214 1090 4289 cuius
1116 4213 1181 4287 tuit

125 4368 178 4429 (ιι)
194 4367 235 4419 cr.
254 4366 395 4420 mimmii.
412 4371 577 4422 mnarum.
594 4383 648 4435 op.
666 4372 730 4422 xvi.
