2796 5064
256 379 325 431 crn
339 381 383 430 rr.
396 379 436 429 ne
453 380 988 444 nrss.ssrn.atr1,rorrconsun.
1005 382 1076 432 aar.
1093 382 1137 431 ιν.
1180 358 1253 430 527

131 502 286 602 privatae
303 524 468 599 personae
486 516 656 599 nequeunt
672 497 859 574 dissolvere
872 502 1042 600 proprium
1055 499 1250 597 coniugium

132 631 244 690 ratum
269 638 483 714 quacumque
499 613 542 687 de
566 639 690 701 causa,
712 615 742 687 si
768 614 916 715 excipias
940 615 1129 712 ingressum
1151 614 1186 687 in
1204 640 1253 686 re-

131 730 315 829 ligionem,
335 728 427 830 quod
446 727 583 828 quidem
602 729 656 802 ius
673 755 714 801 ex
731 729 801 803 Deo
820 746 1005 829 promanat.
1028 729 1179 803 Ceterum
1197 755 1253 802 ne-

131 873 201 947 que
233 862 368 947 propter
399 845 626 917 infirmitatem
658 846 950 944 supervenientem
980 872 1090 946 neque
1119 854 1254 945 propter

131 961 325 1048 haeresim,
346 961 489 1033 aliamve
513 986 649 1034 causam
677 960 749 1033 iure
775 960 901 1061 pollent
926 960 1043 1034 fideles
1070 959 1251 1033 dirimendi

132 1094 244 1150 ratum
270 1075 463 1173 coniugium
498 1074 618 1148 initum
644 1102 704 1175 per
728 1074 830 1148 verba
859 1076 902 1148 de
928 1075 1100 1173 praesenti
1126 1075 1170 1147 ad
1197 1101 1254 1148 en-

131 1191 348 1291 primendum
379 1217 603 1278 consensum;
637 1191 789 1291 adeoque
819 1190 922 1264 altero
948 1189 1060 1263 adhuc
1095 1189 1130 1260 in
1164 1190 1253 1262 rivis

131 1322 254 1405 agente
278 1332 383 1381 novas
411 1333 488 1380 cum
518 1307 586 1382 alio
611 1306 780 1381 celebrare
806 1307 943 1406 nuptias
969 1311 1151 1406 nequeunt.
1183 1304 1255 1378 Hac

130 1422 261 1496 ratione
286 1423 543 1523 respondissent
567 1426 691 1525 pariter
714 1422 767 1497 vel
795 1423 860 1522 ipsi
882 1422 1083 1509 Pontifices,
1111 1420 1172 1521 qui
1204 1419 1255 1492 di-

131 1537 384 1639 spensationem
410 1539 445 1612 in
469 1539 683 1613 matrimonio
710 1556 780 1612 rato
805 1538 887 1611 dare
911 1553 1168 1612 consueverunt.

206 1655 299 1728 Idem
325 1654 381 1729 dic
404 1654 448 1730 de
473 1656 587 1729 causis
614 1681 756 1757 quarum
784 1654 984 1728 mentionem
1010 1652 1125 1726 iniecit
1154 1654 1254 1725 lnno·

129 1769 263 1843 centius
288 1769 322 1840 in
348 1795 411 1843 suo
444 1770 624 1870 rescripto:
655 1769 825 1869 siquidem
853 1769 886 1839 in
914 1793 954 1841 eo
980 1793 1046 1841 non
1073 1765 1254 1864 agitur-de

131 1885 269 1972 causis,
290 1884 417 1985 quihus
434 1886 621 1985 permoveri
642 1885 792 1960 Pontifex
817 1884 926 1983 possit
942 1882 985 1956 ad
1004 1881 1253 1957 concedendam

129 1997 186 2074 rel
210 1999 442 2097 denegandam
470 2000 608 2100 petitam
632 1999 942 2098 dispensationem,
970 1998 1013 2071 de
1039 1996 1164 2098 quihus
1195 1998 1253 2068 ln-¹

131 2114 311 2191 nocentius
325 2142 391 2190 non
403 2116 489 2214 agit,
506 2117 567 2190 sed
585 2117 628 2191 de
652 2116 765 2191 causis
783 2115 909 2216 quihus
926 2114 1077 2187 'invicem
1093 2112 1254 2209 coniuges

130 2230 283 2331 seperari
302 2256 339 2303 se
357 2257 458 2330 posse
483 2240 697 2308 autumarent
712 2232 846 2333 propria
864 2230 1073 2305 auctoritate.
1093 2226 1251 2314 Accedit,

130 2344 320 2420 clausulam
347 2346 439 2419 illam
457 2348 647 2444 generalem
672 2348 880 2423 Innocentii:
912 2346 1039 2433 «Quod
1056 2346 1119 2419 etsi
1139 2359 1255 2445 posset

130 2487 201 2535 non
232 2461 421 2536 inconsulte
450 2463 577 2549 videri,
609 2464 700 2564 quod
724 2490 764 2538 ex
789 2489 859 2563 quo
888 2460 1137 2536 matrimonium
1168 2460 1255 2532 inter

130 2575 300 2674 legitimas
325 2604 488 2678 personas
507 2604 566 2678 per
584 2579 686 2653 verba
709 2578 752 2652 de
774 2579 942 2679 praesenti
961 2576 1189 2660 contrahitur,
1211 2575 1254 2646 il-

131 2694 176 2767 tis
192 2695 376 2767 uiuentibus
397 2697 433 2767 in
457 2696 547 2767 nullo
565 2723 644 2769 coru
656 2721 751 2793 pocae
768 2695 931 2768 dissolvis
952 2691 1129 2793 complecti
1151 2690 1255 2792 etiam

129 2823 251 2884 casum
276 2811 321 2884 de
346 2811 501 2910 ingressu
527 2813 562 2885 in
587 2810 802 2909 religionem,
824 2826 861 2884 ut
878 2825 969 2911 patet
984 2836 1025 2883 en
1042 2806 1254 2882 adversativa

132 2923 277 2999 formula
301 2954 370 3027 qua
396 2954 479 3001 usus
504 2943 556 3002 est
588 2927 758 3001 Pontifex:
791 2929 892 3001 «Nos
917 2941 1027 3000 tamen
1055 2922 1205 2998 nolentes
1233 2948 1255 2995 a

132 3043 430 3142 praedecessorum
457 3057 645 3118 nostrorum
663 3042 817 3141 vestigiis
843 3042 1012 3115 declinare
1029 3057 1124 3114 etc.»
1145 3037 1255 3112 Adeo-

132 3183 202 3258 que
227 3158 329 3232 nimis
354 3158 529 3259 probaret,
551 3160 581 3233 si
607 3186 724 3260 presse
748 3172 956 3244 sumeretur,
977 3171 1010 3230 et
1034 3153 1254 3256 quemadmo-

133 3275 217 3347 dum
242 3300 359 3348 oasum
385 3274 517 3375 excepit
538 3274 712 3372 ingressus
737 3275 772 3346 in
798 3273 1015 3372 religionem,
1038 3272 1089 3346 sic
1111 3271 1141 3344 si
1166 3296 1254 3369 opus

133 3389 257 3463 luisset
276 3408 308 3463 et
331 3389 374 3464 de
400 3390 597 3492 quaestione
622 3405 737 3465 nostra
762 3389 882 3464 luisset
908 3388 1061 3475 locutus,
1089 3385 1256 3487 potuisset

132 3502 289 3602 excipere
301 3503 589 3603 dispensationem
610 3531 697 3606 quae
717 3531 738 3578 a
755 3503 914 3578 Pontifice
929 3502 1147 3577 obtineretur.
1164 3502 1254 3598 Ergo

135 3618 282 3691 inaniter
305 3636 444 3717 urgetur
467 3621 649 3695 auctoritas
675 3618 777 3693 huius
796 3619 988 3707 Pontificio,
1017 3619 1116 3720 quasi
1139 3641 1257 3690 sense-

136 3731 180 3807 rit
205 3731 296 3806 haud
323 3760 423 3834 posse
447 3761 641 3835 supremum
667 3734 831 3809 ecclesiae
855 3751 958 3834 ceput
987 3733 1200 3831 dispensare.

200 3847 312 3923 Multo
336 3876 415 3925 vero
439 3851 553 3924 minus
579 3850 720 3925 alterum
746 3849 930 3925 lnnocentii
949 3850 1010 3920 lll.
1033 3847 1251 3947 rescriptum,

134 3961 228 4061 quod
246 3981 366 4061 urgent
390 3964 427 4037 hi
445 3962 609 4062 theologi,
630 3992 699 4039 rem
713 3965 860 4039 conficit.
888 3964 943 4036 Sic
960 3963 1050 4036 enim
1068 3961 1172 4034 habet
1196 3960 1254 4033 ln·

137 4078 315 4152 nocentius
341 4080 374 4152 in
400 4106 476 4180 cap.
505 4082 612 4179 Super
636 4107 691 4164 eo,
720 4079 811 4181 quod
831 4080 866 4152 in
893 4077 1040 4152 medium
1058 4076 1251 4178 proferunt:

139 4192 282 4292 «Super
299 4219 339 4267 eo
356 4195 446 4295 quod
472 4193 684 4292 interrogasti
704 4193 746 4267 de
764 4207 972 4268 sacramento
989 4191 1158 4289 coniugii,
1178 4191 1255 4265 bre-

134 4306 221 4381 viter
248 4307 454 4408 respondeo:
481 4309 571 4384 illam
595 4334 699 4409 quam
723 4308 858 4396 dixisti,
886 4323 1018 4407 apetre
1035 4307 1171 4404 coniugi
1191 4322 1256 4379 tra-
