2796 5064
141 354 211 434 tat
263 384 325 436 nu.
347 383 395 434 nr.
416 381 503 434 sacr.
525 382 656 435 sumas.
678 383 718 432 on
736 381 849 433 rnorss.
871 381 966 432 narn.
985 380 1111 433 amrsr.

138 520 174 579 et
197 502 299 578 aliam
322 501 477 589 duxerit,
505 500 707 574 adulterium
731 498 918 586 commisit,
946 514 982 573 et
1004 499 1066 599 qui
1091 525 1115 573 c
1139 502 1251 573 munte

138 618 318 692 dimissam
342 616 497 703 duxerit,
516 642 625 716 aeque
640 613 771 688 adulter
786 629 838 688 est
857 615 970 710 (tt);»
986 629 1021 687 et
1037 612 1144 713 paulo
1160 630 1249 714 post:

142 734 271 808 «Certe
286 733 378 834 .quid
403 732 484 807 lacit
506 732 597 833 apud
624 748 657 805 te
681 731 843 818 maritus,
869 731 899 804 si
919 730 1042 805 mulier
1065 730 1145 804 eius
1166 756 1253 804 oom-

139 849 269 923 miserit
291 849 488 922 &ultanum
502 846 621 944 (odfin
635 848 674 919 ln
694 846 789 920 bisce
808 845 1008 920 testimoniis
1026 862 1102 920 tum
1118 845 1253 921 verbum

140 965 297 1039 adulterii
320 992 380 1066 pro
405 966 618 1065 fornicatione
644 964 827 1063 ropetitur,
851 978 920 1036 tum
946 988 1000 1036 res
1021 987 1083 1062 per
1104 961 1190 1036 illud
1206 962 1252 1037 si·

140 1081 336 1179 gnificata.-
424 1126 430 1149 t

212 1197 246 1267 S.
259 1196 345 1268 Zeno
362 1195 557 1270 veronensis
575 1194 669 1281 «Qui
687 1193 869 1280 dimiserit,
884 1208 1027 1291 excepta
1042 1219 1147 1266 consa
1164 1191 1254 1266 ndul-

142 1307 231 1396 tcrt'i,
262 1311 342 1385 lacit
364 1337 438 1384 eam
464 1310 646 1385 moechari.
676 1309 765 1396 Quid
792 1309 867 1383 heic
896 1307 1103 1408 respondere
1129 1309 1253 1407 possint

140 1424 261 1498 lubrici
286 1425 420 1512 mariti,
445 1451 517 1498 ¹uon
541 1424 640 1498 video
663 1426 777 1520 (blla

185 1549 188 1554 ’
212 1542 267 1628 Sic
291 1543 393 1615 etiam
419 1567 449 1615 a.
466 1540 667 1615 Philastrius
691 1539 874 1614 brixiensis
899 1539 948 1613 ita
970 1538 1071 1636 legit:
1093 1539 1193 1627 «Qui
1208 1538 1253 1611 di·

141 1657 270 1730 miserit
294 1683 432 1731 uxorem
458 1683 557 1731 suam
582 1659 652 1730 sinc
676 1666 778 1730 ceusu
798 1656 961 1740 cuminis,
982 1654 1065 1729 lacit
1080 1680 1159 1729 eam
1175 1677 1252 1728 moe

141 1770 232 1844 elteri
250 1774 366 1869 (62).»

214 1886 314 1961 llisoe
341 1888 525 1961 assentitur
549 1888 713 1961 luveneus
740 1885 917 1986 presbyter
934 1910 1082 1960 cenem:

268 2032 285 2072 a
312 2001 391 2075 Sola
415 2001 478 2075 viri
507 2017 595 2075 recte
620 2001 760 2074 discedet
785 1999 1082 2084 adulterantis,
1152 2015 1155 2019 ’

178 2147 182 2173 ÷
211 2150 213 2155 ·
263 2118 324 2190 Ast
349 2116 444 2190 aliae.
460 2133 631 2204 maneaut;
660 2143 738 2190 uam
763 2116 848 2191 casti
873 2115 948 2189 iura
972 2114 1118 2214 pudoris

145 2264 167 2283 -·
198 2240 214 2297 t.
258 2230 703 2304 duetoreamittetmulier
727 2231 862 2305 deserta
883 2228 1002 2304 marito
1017 2228 1113 2326 (dd).

144 2345 329 2418 etiterum:
393 2354 396 2359 ⁴
533 2378 549 2395 '·
880 2384 885 2391 ·
1234 2355 1236 2359 ¹

149 2480 169 2515 2-
234 2466 286 2532 =sn
312 2462 410 2535 Nunc
433 2477 556 2535 temere
580 2461 710 2536 exolvet
733 2463 818 2536 casti
843 2462 903 2562 qui
927 2464 1004 2535 iura
1027 2460 1157 2536 cubilis

263 2577 433 2676 alteraque
455 2578 549 2649 illios
575 2577 727 2650 thalamis
751 2577 937 2651 sociabitur
962 2602 1067 2664 uxor,

208 2754 228 2759 ..
263 2691 396 2765 Crimen
420 2691 575 2765 adulterii
601 2692 725 2791 populo
750 2691 924 2766 sublesta
945 2690 1075 2764 subibit
1091 2695 1184 2788 (dl).

215 2810 249 2881 S.
271 2808 421 2881 Hilarius
447 2808 665 2906 pictaviensis
692 2834 862 2907 exponens
891 2807 1017 2882 Christi
1053 2808 1161 2882 verba
1184 2809 1251 2882 llat

142 2922 193 2999 tb.
208 2923 245 2996 V.
265 2924 323 2995 32.
340 2922 387 2994 ita
413 2922 546 2995 scribit:
570 2922 681 2995 «Cum
707 2921 760 2995 lex
784 2922 968 2996 libertatem
994 2922 1101 2995 dandi
1130 2921 1250 3023 repudii

142 3044 182 3110 ex'
200 3037 305 3111 libelli
322 3039 519 3111 auctoritate
540 3036 734 3123 tribuisset,
754 3065 846 3110 nunc
865 3039 982 3110 marito
1004 3038 1094 3113 tides
1120 3064 1251 3136 evange·

143 3151 208 3226 lica
236 3180 302 3228 non
335 3154 442 3227 solum
469 3153 672 3227 voluntatem
703 3153 797 3252 pacis
834 3152 975 3241 indixit,
1011 3179 1133 3227 verum
1162 3154 1249 3228 etiam

143 3283 268 3339 reaturo
291 3276 417 3340 moetos
442 3271 477 3340 in
498 3268 696 3341 adulterium
720 3270 836 3340 acerra
861 3269 1023 3366 imposuit
1042 3273 1185 3365 (ttt).n.
1230 3307 1233 3313 ’

216 3383 284 3454 Nec
307 3381 403 3478 aliter
428 3383 557 3482 accepit
582 3383 672 3456 bunc
696 3382 807 3456 locum
841 3410 871 3456 s.
893 3385 947 3456 lo..
962 3382 1245 3484 Chrysostomust

144 3494 202 3593 qui
225 3497 381 3570 eumdem
407 3513 533 3571 textum
557 3496 742 3598 explanans
767 3497 810 3571 de
834 3497 989 3573 adulterii
1008 3525 1067 3574 rea
1085 3498 1245 3596 intelligit,

170 3756 174 3772 '
219 3763 270 3824 (tre)
286 3763 339 3814 le.
354 3765 380 3814 et
393 3763 411 3813 1.
423 3778 445 3813 o.
457 3766 541 3815 contr.
555 3766 630 3816 Marc⁴
737 3768 740 3777 ’

151 3868 154 3873 «
196 3842 269 3903 teo)
286 3843 349 3893 totu.
868 3910 870 3917 y

217 3922 267 3984 (etl
282 3924 337 3973 Lib.
348 3927 370 3973 1.
386 3927 471 3975 tract.
485 3929 527 3975 lv.
541 3941 566 3977 u.
581 3931 604 3976 t.
617 3926 656 3976 ed.
669 3929 758 3976 veron.
774 3932 841 3978 ttae.
854 3941 910 3992 pag.
922 3931 961 3979 ts.

215 3998 272 4062 (62)·
281 4001 334 4050 Lib.
348 3988 386 4050 'Dc
397 4001 556 4055 haererttms.
568 4007 675 4055 Horres.
690 4006 818 4056 lxxxiv.
831 4005 870 4055 ed.
879 4004 998 4056 Brixlens.
1014 4010 1084 4058 tm.
1097 4020 1154 4072 pag.
1167 4013 1202 4058 to.

218 4080 267 4140 (6³)
284 4080 338 4128 Lib.
352 4083 370 4128 l.
385 4094 410 4129 v.
422 4089 466 4131 56⁹
477 4096 548 4145 seqq.

216 4157 266 4219 (at)
282 4157 336 4208 lib.
348 4161 392 4208 111.
405 4172 430 4208 v.
442 4163 487 4210 tto
499 4173 550 4223 seq.
562 4163 589 4210 tn
603 4162 734 4225 utrumque
749 4162 831 4214 locum
842 4163 875 4213 ct.
885 4163 957 4213 notas
966 4162 1061 4215 eruditi
1071 4164 1199 4216 maliis
1210 4156 1239 4209 td·

145 4239 215 4287 Rom.
228 4241 296 4289 17⁹2.

217 4318 266 4379 (et)
283 4320 423 4369 comment.
439 4321 466 4369 tn
480 4318 574 4370 natta.
587 4331 640 4382 cap.
652 4322 728 4371 tva.
741 4329 779 4372 tt.
792 4321 921 4381 adllaur.
932 4324 1068 4386 oppon.
1079 4327 1100 4376 1.
1111 4325 1217 4389 mett·
