2796 5064
148 378 219 452 222
293 399 356 452 tn.
368 397 416 452 ru.
432 398 518 452 saer.
535 397 667 451 rnrrnr.
685 401 725 451 na
747 399 859 451 rnnrss.
876 394 1118 453 minearum.
1147 414 1152 419 ·

148 538 238 609 tate,
266 521 452 595 incidenter
478 519 621 594 hebetur
645 519 775 621 aliquid
801 519 844 593 de
866 517 1013 620 simplici
1038 518 1264 608 dimissione,

148 652 182 711 et
197 636 323 737 aliquis
340 652 480 735 apparet
497 652 668 737 respectus
685 635 728 710 sd
747 634 898 709 libellum
914 635 1060 736 repudii.
1079 634 1155 710 Hoc
1172 658 1268 709 seusu

148 752 213 826 dici
241 768 350 852 potest
376 768 500 826 textum
522 752 677 826 Matthaei
697 780 774 827 esse
797 752 999 852 pleniorem,
1029 768 1202 852 quatenus
1222 751 1270 824 in·

149 867 314 940 uidentem
340 867 603 967 propositionem
633 866 780 941 continet
806 892 865 967 pro
895 866 1028 940 iudaeis
1056 866 1269 967 potissimum

148 998 396 1082 opportunam:
425 1000 460 1055 at
473 983 650 1056 sententia
668 983 825 1083 primaria
852 984 900 1055 ita
925 982 1027 1082 plena
1052 999 1107 1056 est
1125 999 1160 1056 et
1177 981 1271 1056 ahso-

150 1098 220 1172 luta
242 1125 346 1197 penes
372 1099 541 1185 Marcum,
568 1124 608 1172 ac
635 1115 686 1171 est
711 1124 815 1196 penes
842 1097 1060 1171 Matthaeum.

222 1215 347 1288 Revera
361 1215 427 1288 iarn
446 1230 555 1287 aetate
568 1240 631 1287 sua
644 1214 864 1287 bellarminus
879 1212 1164 1287 animaduerterat
1175 1238 1268 1286 even·

148 1328 287 1426 gelistas
313 1329 466 1402 omittere
491 1328 628 1429 quidem
660 1328 825 1401 interdum
848 1328 994 1427 aliquid,
1028 1345 1087 1401 aut
1118 1327 1267 1410 addere,

148 1445 239 1545 quod
258 1444 316 1518 alii
334 1443 561 1542 evengelistae
578 1469 645 1517 non
664 1444 850 1517 omiserunt
875 1460 933 1517 aut
958 1470 1025 1517 non
1046 1440 1266 1527 addiderunt,

150 1559 211 1634 sed
237 1585 420 1661 numquam
447 1560 493 1632 ita
517 1559 690 1646 omittere,
719 1575 756 1632 ut
781 1559 946 1632 sententia
971 1558 1135 1632 mddatur
1160 1556 1264 1631 salsa:

149 1673 302 1775 alioquin
328 1675 555 1772 evangelistae
572 1674 747 1762 homines,
776 1675 901 1775 quibus
925 1673 1102 1771 evangelia
1120 1701 1186 1748 sua
1211 1688 1268 1746 tra·

149 1789 320 1877 diderunt,
337 1789 430 1862 nulla
449 1790 617 1863 mentione
635 1790 721 1862 laeta
738 1788 880 1863 eliorum
898 1789 1199 1887 evangelistarum,
1221 1786 1269 1859 de-

149 1904 332 2004 cepissent.
362 1906 464 1978 Porro
489 1931 565 1978 curn
593 1907 724 1978 Marcus
750 1906 873 1979 Romae
894 1931 992 1978 suum
1019 1903 1162 2004 scripsit
1178 1924 1269 1977 eran

150 2020 274 2118 gelium
283 2046 324 2092 ex
335 2021 421 2093 Petri
436 2021 686 2121 praedicatione
694 2034 881 2120 acceptum,
894 2046 961 2093 non
975 2020 1108 2093 remisit
1121 2042 1268 2094 romanos

151 2134 195 2206 ad
220 2133 432 2230 evangelium
459 2134 636 2222 Matthaei,
669 2135 759 2235 quod
784 2135 928 2209 fortasse
957 2134 1112 2208 nondum
1138 2136 1267 2208 Romam

151 2248 299 2322 delatum
325 2250 453 2336 luerat,
482 2249 541 2323 sod
566 2250 691 2350 scripto
717 2249 787 2323 illis
810 2249 922 2339 dedit,
947 2250 1132 2324 memoriae
1152 2274 1265 2332 causa,

150 2365 243 2465 quod
267 2365 345 2437 viva
362 2391 444 2438 voce
462 2367 579 2439 Petrus
597 2366 683 2465 ipsis
703 2365 952 2465 praedicaverat
972 2368 1088 2462 (tol).
1111 2366 1207 2440 ldem
1224 2364 1267 2437 die

151 2480 196 2555 de
212 2482 317 2568 Luca,
341 2481 398 2580 qui
418 2481 452 2552 in
471 2481 611 2579 gratiam
630 2482 800 2579 gentium,
817 2482 941 2581 quibus
955 2480 1173 2579 evangelium
1193 2483 1266 2554 Pau·

151 2596 205 2670 lus
231 2597 504 2685 annuntiaverat,
541 2623 638 2670 suum
666 2595 802 2697 scripsit
828 2595 1061 2695 evangelium,
1092 2614 1263 2699 autequam

151 2712 308 2785 Matthaei
332 2738 374 2819 eo
395 2712 496 2785 Marci
515 2712 687 2786 volumina
706 2713 748 2786 ad
767 2739 826 2786 eas
845 2710 1090 2812 pervenissent.
1115 2713 1183 2800 Qui
1203 2737 1266 2814 pro·

153 2825 233 2898 inde
257 2826 312 2899 his
339 2827 421 2901 solis
447 2827 631 2925 evangeliis
660 2827 860 2914 utebantur,
888 2827 1019 2926 decepti
1047 2827 1219 2914 luissent,
1244 2820 1264 2897 sl

153 2942 239 3017 salsa
264 2959 395 3030 essent,
417 2970 505 3042 quae
523 2943 565 3016 de
583 2942 737 3015 absoluta
756 2942 1056 3017 indissolubilitate
1073 2941 1223 3040 coniugii
1238 2940 1263 3011 in

152 3058 248 3134 hisce
274 3060 458 3156 evangeliis
486 3060 674 3133 referuntur
694 3062 808 3154 (105).

226 3177 275 3246 Mn
302 3177 355 3250 his
383 3177 509 3275 pariter
532 3176 697 3262 concidit,
721 3175 812 3276 quod
834 3175 876 3248 de
897 3176 1009 3248 Marco
1029 3174 1192 3248 Matthaei
1216 3171 1262 3246 ab·

153 3286 339 3364 breviatore
363 3293 465 3390 vulgo
490 3292 641 3365 traditur.
666 3295 750 3364 Nam
776 3307 1034 3393 praeterquam
1054 3292 1170 3390 quod,
1195 3289 1261 3369 hoc,

137 3421 190 3502 ,ut
208 3407 398 3492 innuimus,
419 3433 494 3480 cum
513 3408 654 3480 historia
671 3435 737 3481 non
756 3409 930 3505 congruit,
948 3434 988 3480 en
1006 3407 1083 3506 ipsa
1102 3407 1264 3504 urnasque

153 3521 319 3619 evangelii
346 3521 524 3595 collatione
548 3550 638 3595 nune
664 3550 767 3624 penes
793 3525 928 3597 criticos
953 3522 1099 3597 biblioos
1126 3522 1263 3622 explorr

154 3655 225 3711 tum
252 3654 322 3726 est,
351 3638 443 3712 nullo
469 3638 568 3712 modo
595 3666 623 3711 s.
646 3641 793 3713 Marcum
821 3641 854 3712 in
881 3639 1118 3739 compendium
1142 3658 1264 3734 evange

153 3753 235 3826 lium
262 3753 419 3827 Matthaei
447 3754 616 3852 redegisse
636 3757 750 3850 (106).

228 3969 294 4032 (tol)
310 3973 379 4021 bauo
398 3983 481 4021 reram
502 3969 656 4020 occasionem
676 3969 809 4035 conscripti
825 3966 1264 4032 ablsrcoevaugeiilrefernuls.1rr

155 4061 230 4099 naeus
241 4052 324 4100 contr.
338 4049 437 4100 licerer.
453 4049 496 4098 lib.
510 4052 553 4098 m.
566 4063 620 4113 cap.
632 4053 652 4098 l.
666 4049 786 4099 Eusebius
798 4051 866 4100 litet.
880 4047 969 4100 eccles
981 4046 1024 4098 lib.
1033 4048 1066 4097 ΙΙ.
1080 4055 1148 4098 cut.
1159 4049 1213 4098 ets.
1224 4043 1265 4094 ibt·

154 4142 273 4194 rouymus
292 4133 328 4179 De
349 4131 414 4180 virts
437 4127 606 4192 illustribus,
629 4129 655 4178 iu
677 4131 775 4181 Murco.

229 4212 295 4274 (105)
312 4211 426 4261 bellarm.
447 4213 482 4260 Dc
494 4212 574 4261 matr.
591 4223 647 4274 cap.
660 4212 726 4260 xvl.
746 4224 771 4260 n.
785 4217 799 4260 e
812 4222 882 4274 seqq.

229 4290 294 4353 (106)
310 4292 374 4341 Saue
391 4289 568 4340 abbreviatoris
586 4302 676 4340 munus
694 4291 731 4338 est
748 4288 860 4338 ordinem
877 4287 988 4353 persequi
1003 4287 1152 4353 principalis
1165 4282 1267 4343 accurs

155 4381 186 4418 sc
198 4369 322 4431 praeterea
338 4369 439 4421 brevius
456 4369 516 4419 dare
534 4382 597 4432 qrtac
613 4368 691 4417 insius
709 4367 851 4431 principalis
869 4368 955 4418 auctor
974 4366 1117 4431 scripserat.
1137 4368 1169 4417 Al
1185 4379 1206 4418 s.
1222 4364 1272 4415 ΙΨ
