2842 5056
159 373 227 443 tte
302 390 366 443 ιιι.
378 392 426 444 ιιι.
445 391 533 443 sacr.
548 390 680 442 eurem.
697 391 737 442 ns
754 389 868 443 utens.
884 389 984 443 nm.
1003 388 1145 443 mmm.

237 511 294 585 Sic
318 511 443 612 pariter
464 509 695 585 Theodoretus
720 510 839 584 eadam
861 509 1021 611 Apostoli
1049 509 1168 585 verba
1188 507 1295 612 expls-

157 654 262 703 nans:
293 627 443 713 Quodsi
466 626 649 700 discesserit
674 642 738 700 ete.
768 625 902 700 scribit:
934 624 1136 701 «Conatur
1161 626 1290 727 quiden

157 744 336 816 infractum
371 769 506 817 servare
540 742 744 817 matrimonii
776 741 971 816 vinculum:
1010 742 1292 817 condescendens

156 874 267 933 autam
281 858 522 946 imbecillitati,
539 859 642 959 siqui
657 874 832 958 separatur
847 858 1102 932 continentiam
1118 858 1286 959 praecipit,

158 975 223 1049 bae
235 976 334 1048 etiam
348 976 478 1049 ratione
493 974 674 1074 prohibens
688 973 892 1048 matrimonii
909 973 1206 1048 disiunctionem.
1217 973 1289 1047 Can

158 1089 249 1162 anim
267 1090 363 1163 alteri
385 1089 543 1186 coniungi
565 1088 740 1188 prohibet,
765 1104 944 1188 utramque
967 1103 1111 1187 partam
1135 1087 1183 1161 ad
1205 1087 1289 1187 prius

157 1204 407 1278 matrimonium
426 1205 536 1279 redire
544 1203 715 1303 compellit
730 1205 844 1300 (illu
857 1204 986 1302 Nempe
995 1220 1146 1303 praeter
1161 1228 1288 1277 causan

161 1318 392 1394 [emicationis
407 1320 492 1394 alias
508 1321 687 1421 supponit,
704 1319 829 1420 quibus
846 1320 959 1419 quoad
985 1334 1108 1394 torum
1137 1319 1288 1416 coniuges

159 1435 302 1510 invicem
316 1453 526 1534 separentur,
545 1463 607 1510 seu
619 1434 766 1510 admittit
778 1435 960 1510 divortium
973 1434 1199 1535 quandoque
1211 1433 1285 1520 lieri,

158 1549 253 1624 salvo
265 1550 434 1649 coniugali
448 1550 603 1638 uinculo,
626 1552 717 1624 iuxta
730 1549 945 1650 Apostolum
962 1548 1147 1624 interdum
1160 1549 1288 1649 quida

162 1663 301 1751 illicite,
330 1691 407 1739 cum
431 1665 476 1741 ob
503 1666 613 1753 rixas,
636 1666 865 1739 contentiones
883 1680 947 1738 ete.
968 1689 991 1735 a
1013 1663 1230 1738 seinvicem
1244 1688 1289 1737 aa

163 1778 348 1875 iunguntur
365 1780 545 1877 coniuges,
561 1778 766 1878 quandoque
781 1804 860 1853 uero
877 1776 984 1863 licite,
1003 1777 1078 1851 imo
1097 1778 1207 1851 etiam
1224 1803 1289 1877 par·

162 1892 317 1968 lectionis
330 1920 453 1983 causa,
475 1895 518 1967 ad
536 1895 774 1968 continentiam
788 1893 861 1993 pari
879 1917 1051 1968 consensu
1070 1893 1288 1979 sanandam.

161 2025 199 2083 ut
219 2009 346 2083 ibidem
373 2012 512 2087 adnotat
536 2010 626 2084 idem
648 2028 777 2084 auctor.

233 2126 345 2222 Pergit
366 2152 466 2225 porro
483 2124 695 2199 Chemnitius
712 2124 890 2199 ecelesiam
907 2124 1121 2201 catholicam
1139 2152 1287 2225 arguam,

159 2239 251 2339 quod
273 2255 388 2315 centra
409 2241 636 2337 euangelicam
662 2240 849 2315 doctrinam
874 2242 981 2315 iustas
1007 2240 1155 2316 divortii
1174 2266 1290 2317 causat

159 2368 301 2441 statuat,
323 2371 424 2454 atque
447 2356 483 2427 in
509 2355 594 2429 baec
617 2355 719 2430 verba
744 2355 915 2455 loquitur:
947 2356 1150 2433 «Christus
1173 2357 1286 2432 llattb.

159 2467 196 2539 V.
220 2469 279 2540 32.
302 2483 336 2542 et
358 2470 446 2541 xlx.
467 2472 500 2541 9.
531 2469 762 2544 dimissionem
783 2470 939 2566 coniugis
961 2469 1029 2543 nisi
1049 2490 1202 2573 propter
1217 2500 1289 2547 cau·

158 2610 231 2658 sam
256 2583 485 2659 fornicationis
514 2588 707 2684 pronuntiat
731 2612 807 2658 essa
832 2585 983 2658 illicitam
1005 2601 1039 2658 et
1058 2586 1285 2685 illegitimam.

159 2698 282 2772 Contra
307 2699 394 2774 hunc
414 2701 538 2774 Christi
565 2702 765 2775 sententiam
785 2701 948 2798 pontificii
967 2700 1181 2792 decernunt,
1205 2730 1289 2805 pmc-

160 2830 209 2888 tar
234 2815 489 2890 fornicationem
514 2818 637 2889 multas
664 2817 749 2890 alias
776 2843 852 2890 esso
876 2844 998 2891 causas
1030 2836 1176 2919 propter
1208 2845 1287 2922 quas

159 2927 250 3004 licita
276 2947 309 3005 et
332 2931 481 3028 legitima
507 2932 689 3027 coniugum
714 2933 881 3028 separatio
908 2931 980 3003 fieri
1007 2933 1123 3030 possit
1139 2937 1265 3031 (25).»

231 3045 407 3144 reprimo
434 3047 656 3121 animadverti
684 3046 784 3119 debet
808 3046 899 3145 apud
925 3047 1134 3122 Matthaeum
1161 3074 1285 3124 serme-

161 3185 236 3232 nem
263 3187 340 3234 esse
363 3160 405 3235 de
431 3163 631 3236 dimissione
659 3181 794 3261 propter
820 3164 965 3246 crimen,
997 3188 1066 3235 non
1100 3182 1222 3238 autam
1249 3165 1286 3237 da

159 3274 360 3349 dimissione
386 3295 521 3375 propter
542 3279 783 3376 perfectionem.
805 3277 901 3349 Hanc
925 3303 1001 3350 esse
1019 3276 1218 3375 legitimam
1241 3306 1288 3354 sa

160 3388 344 3487 pacationis
370 3417 506 3464 oausam
530 3418 570 3464 ex
593 3391 711 3465 eodem
737 3392 910 3488 evangelio
931 3392 1123 3482 discimus,
1153 3396 1194 3468 in
1224 3419 1288 3496 quo

158 3502 314 3577 Christus
342 3507 534 3604 centuplum
560 3508 593 3578 in
618 3508 785 3605 praesenti
810 3524 977 3606 tempore,
998 3534 1038 3581 ac
1054 3509 1167 3583 vitam
1186 3528 1289 3586 aetar-

157 3644 235 3691 nam
262 3621 305 3693 iis
333 3623 514 3720 promittit,
544 3624 601 3721 qui
630 3623 842 3722 perfeetionis
867 3623 1083 3719 evangelicae
1103 3628 1289 3700 sectandae

157 3761 262 3808 causa
275 3763 410 3809 uxorem
430 3738 621 3810 dimiserint
640 3741 730 3836 pari,
752 3757 788 3811 ut
806 3740 1026 3837 supponitur,
1055 3742 1291 3844 concordique

157 3877 339 3925 consensu.
356 3854 486 3925 Deinde
500 3855 719 3928 animadverti
733 3855 832 3927 debet
849 3856 940 3955 quod
958 3856 987 3928 si
1005 3854 1172 3933 Christus
1188 3885 1291 3958 agens

155 3965 198 4039 da
221 3966 422 4041 dimissione
441 3985 576 4067 propter
601 3971 745 4051 crimen,
775 3969 863 4042 hane
892 3969 935 4041 ad
961 3967 1069 4042 solam
1098 3971 1294 4047 fornicatio·

156 4079 210 4155 nis
235 4106 373 4154 causam
394 4097 557 4170 coarctat,
582 4108 649 4155 non
668 4081 744 4155 ideo
769 4081 803 4152 id
826 4083 929 4170 lacit,
951 4084 1050 4184 quasi
1070 4085 1119 4160 ob
1138 4087 1214 4163 alia
1232 4086 1295 4162 eri-

232 4269 283 4330 (rt)
299 4271 362 4333 opp.
378 4270 418 4319 ed.
436 4271 511 4322 Paris.
528 4275 596 4322 lota.
610 4273 670 4322 tom.
686 4273 731 4322 ΙΙΙ.
747 4285 770 4335 p.
792 4278 842 4322 150.

237 4348 288 4410 (to)
304 4351 362 4400 hoe.
377 4349 425 4401 elt.
