2796 5064
252 407 324 460 cnr.
336 408 382 461 rr.
400 410 565 462 oremus.
581 410 674 463 rnnxr
688 412 725 462 nr
738 411 812 463 cnr.
828 413 972 466 ramnus.
989 415 1095 467 rnru.
1177 396 1248 468 ets

127 525 262 615 haesit,
290 544 390 628 pmut
413 527 556 603 habetur
580 531 615 602 in
634 530 776 606 historia
794 548 946 606 actorum
964 532 1055 609 illius
1078 535 1251 611 conciliis

127 641 226 715 llinio
251 642 366 717 edita:
403 662 480 745 post
503 644 810 746 subscriptionem,
833 648 880 721 ibi
906 649 1029 749 legitur
1061 651 1251 728 «Absoluta

128 756 238 831 llissa
266 774 301 832 et
327 760 511 857 gratiarum
541 763 692 851 actione,
726 765 963 866 unusquisque
987 767 1114 867 recepit
1132 793 1170 842 se
1190 767 1252 843 do·

128 898 235 948 mum.
254 874 334 948 Post
351 875 434 950 haec
451 876 546 952 latini
564 880 740 980 quaesiere
758 907 779 954 a
797 880 896 955 nobis
918 883 1090 979 (graecis)
1107 882 1194 959 haec

128 985 173 1061 Et
187 1015 297 1088 quare
312 991 507 1088 coniugium
523 994 701 1083 dirimitis‚
723 996 854 1070 dicente
871 997 1033 1072 Domino:
1059 998 1147 1084 Quos
1163 1000 1252 1072 Daue

128 1105 319 1190 coniunxit,
349 1106 438 1179 homo
464 1136 527 1180 nort
551 1111 704 1208 separet?
721 1112 811 1185 Haec
829 1138 850 1184 a
870 1111 984 1185 latinis
1004 1112 1135 1186 obiecta
1151 1113 1254 1215 mity-

128 1220 282 1298 lenensis
304 1222 618 1327 (amhiepiscopus)
636 1229 797 1302 canonice
814 1229 928 1303 omnia
946 1229 1161 1330 legitimeque
1179 1229 1252 1305 dis·

129 1338 254 1428 solvit,
288 1357 549 1443 praeterquam
579 1343 667 1433 duo,
700 1345 743 1418 de
773 1345 898 1445 quibus
929 1347 1020 1445 Papa
1049 1345 1255 1443 significavit

130 1456 340 1556 imperatori.
368 1457 436 1530 Cur
460 1459 590 1532 scilicet
613 1461 826 1535 matrimonia
850 1462 1095 1535 dirimantur...
1125 1461 1253 1536 latinis

131 1572 465 1663 contradicentibus,
494 1574 601 1674 legem
630 1576 806 1672 (civilem)
836 1577 922 1649 nihil
947 1578 1059 1652 valere
1089 1577 1254 1652 adversus

129 1687 269 1762 Domini
287 1715 424 1764 uocem:
447 1688 536 1776 Quos
555 1694 642 1766 Deus
666 1694 857 1778 coniunxit,
882 1693 972 1765 domo
992 1707 1250 1790 conceperat...

131 1803 253 1878 Petirit
269 1830 350 1902 crgo
370 1832 431 1906 per
447 1808 589 1882 nuncios
608 1811 698 1908 Papa
716 1808 759 1881 ab
772 1808 996 1907 imperatore,
1017 1824 1055 1880 ut
1072 1833 1114 1881 ex
1131 1822 1254 1880 metro-

131 1918 247 2020 politis
261 1921 386 2019 peritos
404 1920 533 2023 aliquot
546 1924 590 1996 ad
604 1950 641 1997 se
659 1925 822 2011 mitteret3
844 1923 901 1997 ille
922 1949 1001 1997 vero
1015 1922 1107 1996 misit
1119 1921 1254 2021 imperi-

131 2051 198 2109 tos.
221 2035 468 2139 Proposuitque
485 2041 578 2138 Papa
594 2041 680 2113 duas
699 2040 802 2113 hasce
825 2039 1043 2127 obiectiones‚
1058 2037 1103 2110 de
1115 2062 1254 2136 separa·

132 2151 226 2225 tione
254 2152 510 2250 coniugiorum,
531 2171 564 2228 et
585 2155 794 2254 promotione
813 2154 1037 2257 patriarchae.
1066 2151 1119 2224 llli
1142 2176 1251 2239 vero,

131 2267 263 2341 nullam
278 2295 316 2342 se
329 2269 485 2343 dixerunt
497 2269 622 2344 hahere
640 2270 830 2344 facultatem
850 2268 1100 2368 respondendi,
1125 2292 1187 2341 neo
1204 2293 1256 2341 re·

129 2383 319 2485 spondere3
334 2384 450 2460 ssdea
466 2386 629 2461 relaturos
652 2386 866 2486 imperatori,
891 2386 950 2486 qui
969 2383 1249 2484 responderet...

131 2501 227 2600 Papa
246 2499 425 2575 orientales
446 2480 564 2576 omnes
586 2501 760 2602 praesules
778 2500 821 2574 ad
840 2527 877 2575 se
894 2501 1106 2574 convocavit:
1128 2514 1255 2572 etcum

131 2614 263 2716 aliquot
287 2641 329 2689 en
353 2616 396 2689 iis
422 2617 561 2716 proiecti
586 2633 721 2703 essent,
751 2617 851 2689 talem
877 2615 995 2688 habuit
1026 2630 1154 2688 secreto
1177 2638 1255 2686 cum

133 2731 203 2806 illis
217 2757 420 2807 sermonem.
430 2792 437 2804 .
446 2735 612 2832 ,Propone
629 2734 725 2807 vobis
739 2733 903 2833 aliquant
916 2730 1088 2819 fratribus,
1104 2745 1142 2804 ut
1154 2755 1256 2802 mem-

132 2847 225 2935 hris,
254 2863 293 2920 ut
322 2847 541 2923 ecclesiarum
565 2849 773 2923 doctoribus.
807 2849 850 2920 Et
873 2847 981 2947 primo
1008 2847 1104 2934 dico,
1137 2870 1256 2919 omnes

133 2963 296 3065 conqueri
309 2963 353 3036 de
369 2965 582 3063 separatione
600 2963 888 3038 matrimoniorum
903 2993 910 3051 ;
932 2961 1034 3063 idque
1052 2961 1257 3036 correctione

133 3080 310 3179 rudiget...
324 3081 501 3156 Praesules
514 3081 562 3154 ita
575 3081 834 3181 responderunt3
856 3079 1062 3180 aequissima
1075 3093 1108 3152 et
1120 3077 1257 3177 sapien-

133 3196 269 3270 tissima
294 3211 390 3284 sunt,
419 3222 508 3296 quae
531 3194 706 3270 Beatitudo
730 3212 790 3269 tua
809 3196 912 3269 dixit:
936 3194 996 3268 sed
1022 3220 1084 3268 nos
1109 3193 1258 3268 adhaec

133 3309 217 3386 dare
243 3311 424 3412 perlectam
449 3312 702 3412 responsionem
729 3339 797 3386 non
817 3337 1025 3410 possumus;
1057 3324 1137 3385 sunt
1166 3309 1257 3383 enim

134 3443 167 3501 et
189 3426 251 3501 alii
270 3427 467 3527 praesules,
495 3443 529 3501 et
553 3427 736 3528 imperator
752 3443 882 3501 noster:
912 3425 1057 3526 perfecte
1081 3424 1186 3523 igitur
1209 3451 1258 3499 re·

134 3541 384 3643 spondebimus
397 3570 475 3617 cum
488 3542 621 3617 illorum
635 3569 816 3631 consensu,
835 3541 991 3641 privatim
1003 3567 1084 3616 vero
1100 3569 1141 3615 ex
1158 3539 1258 3615 nobis

134 3657 382 3760 respondemus
407 3685 448 3732 ac
473 3659 634 3732 dicimus:
661 3685 728 3733 non
754 3685 831 3733 esse
857 3658 941 3732 haec
965 3656 1154 3760 praesentis
1180 3671 1260 3728 tem·

134 3773 255 3874 poris,
289 3773 367 3850 licet
397 3773 486 3849 iuste
517 3791 550 3848 et
582 3775 775 3848 necessaria
804 3774 901 3863 sint;
931 3800 1010 3847 nam
1044 3770 1259 3845 matrimonia

134 3888 330 3964 dirimimus
355 3916 423 3964 non
446 3888 520 3963 sine
549 3889 650 3963 iustis
680 3889 793 3964 causis
815 3892 912 3985 (9).»
944 3889 1011 3962 Nec
1034 3885 1175 3961 ulterius
1202 3909 1258 3959 res

135 4031 319 4108 progressa
342 4021 407 4080 cst.

214 4168 250 4231 (9)
262 4167 381 4219 Conctttu
389 4178 477 4232 peno.
488 4169 514 4218 et
520 4179 598 4232 proc
612 4167 672 4217 tom.
685 4169 728 4217 tv.
740 4181 764 4231 p.
776 4169 796 4216 1.
808 4166 896 4216 colon.
906 4164 989 4228 Agrip.
1004 4169 1072 4214 lota.
1080 4175 1136 4226 pag.
1146 4167 1193 4212 sos
1204 4174 1256 4225 seq.

134 4248 229 4313 qmom
245 4250 314 4313 patet
329 4246 434 4298 audacia
454 4245 657 4298 Annottstorum
679 4246 855 4305 Ulmomtum,
876 4244 936 4294 dum
959 4255 1065 4294 maerere
1091 4253 1140 4291 non
1161 4239 1257 4292 numu·

135 4331 210 4393 runt,
222 4327 353 4380 misniam
363 4341 475 4394 mascam
485 4328 511 4377 in
520 4327 601 4392 capilo
614 4327 646 4378 de
656 4326 813 4377 matrimonio
822 4324 906 4376 verius
915 4326 940 4376 et
948 4337 998 4375 sac.
1012 4322 1152 4387 scripturae
1161 4320 1257 4372 conlur-

136 4408 202 4461 mins
214 4409 329 4474 aare,
339 4421 416 4474 quam
436 4405 565 4460 coelestem
584 4406 702 4471 latinam,
715 4418 773 4458 cum
782 4405 826 4458 tlte
836 4417 931 4470 semper
941 4402 1087 4456 eruditiores
1097 4415 1127 4455 ac
1137 4400 1260 4454 doctiores
