2796 5064
146 350 214 421 ihi
276 373 337 423 ιιι.
366 372 413 422 ιιι.
435 371 521 421 secr.
542 371 672 421 aureas.
690 371 730 420 na
747 371 860 422 mnus.
877 371 975 422 uara.
990 371 1119 423 caussa.

188 464 193 473 ’
222 491 264 564 Ει
289 490 373 563 haec
397 489 441 562 do
466 515 661 587 graecorum
689 490 783 590 praxi
810 490 900 562 eirca
924 489 1132 565 solutionem
1158 492 1259 565 coniu-

143 607 274 703 giorum
293 603 537 704 praemitteudn
553 619 668 691 eraut,
691 621 760 677 tum
786 620 823 677 ut
847 605 1084 679 ostenderetur
1101 606 1257 681 eiusmodi

143 715 280 820 practici
306 719 429 794 erroris
456 736 575 794 natura
599 737 632 793 et
648 720 768 816 origo,
797 745 1023 820 romanaeque
1049 721 1214 797 ecclesiae
1229 724 1258 794 in

144 962 170 1012 et
191 961 269 1023 Polli,
291 961 393 1011 Athenis
414 973 456 1010 an.
481 966 622 1012 18524856.
646 960 714 1011 iussu
733 962 832 1011 saocmc
855 959 944 1024 synodi
968 962 1090 1013 ecdaslae
1110 963 1257 1023 lieilenicae,

77 1092 80 1097 ⁴
143 1041 254 1105 quinque
274 1041 412 1092 salumin
434 1041 481 1090 bac
498 1041 564 1106 enim
587 1041 729 1091 recensione
750 1039 853 1101 critica,
872 1044 1004 1105 postquam
1022 1041 1116 1094 doctus
1137 1043 1177 1092 sir
1197 1043 1258 1092 histo

143 1121 205 1171 riam
224 1121 286 1171 iuris
304 1120 527 1184 praeroorlentaiis
547 1121 626 1171 texuit
644 1122 669 1171 et
688 1121 876 1185 praecipuorum
897 1124 1026 1172 suetonum
1044 1122 1091 1185 qui
1110 1122 1259 1172 collectiones

143 1212 264 1250 canonum
284 1199 416 1251 ediderunt
435 1201 460 1250 et
483 1199 667 1251 commentariis
691 1199 849 1250 illustrarunt
868 1199 998 1263 usquead
1019 1213 1103 1252 noros
1124 1202 1259 1252 collectores

143 1283 168 1331 et
187 1280 293 1332 editores
310 1280 464 1331 athenienses
483 1294 589 1345 quornm
609 1280 709 1331 exhibet
730 1293 773 1344 per
791 1280 919 1331 volumina
937 1280 1035 1344 singula
1048 1283 1134 1345 partes
1151 1282 1257 1341 insertas,

142 1360 220 1425 pergit
237 1359 269 1410 ad
290 1359 477 1423 expendendum
500 1361 614 1410 meritum
635 1359 717 1423 ipsum
740 1359 904 1410 intrimecum
922 1359 984 1410 luris
1000 1360 1118 1411 mnouici
1132 1360 1249 1425 byzantini

218 1443 295 1490 Porro
312 1440 380 1504 priua
400 1439 574 1491 aulnudsertit
594 1441 675 1503 iugem
702 1439 880 1503 imperatorum
901 1440 1092 1502 byzantinorum
1116 1440 1256 1492 tendentium

143 1519 176 1571 ad
194 1520 241 1571 sibl
260 1518 442 1571 subiicleudum
458 1519 604 1582 eeclesiam,
617 1531 682 1583 quae
700 1519 777 1583 magis
797 1532 824 1569 sa
845 1519 958 1583 patefecit
978 1519 1005 1569 iu
1024 1519 1181 1584 imperatore
1199 1520 1256 1571 ludi·

143 1602 217 1651 niano
237 1637 246 1662 ,
268 1599 313 1665 qul
336 1599 397 1651 dum
417 1613 448 1651 ex
468 1613 518 1650 uua
536 1602 606 1663 parte
630 1599 728 1649 nonnisi
747 1612 869 1650 munuum
890 1599 1119 1651 eoelmiasticorum
1141 1600 1256 1652 custodeu

142 1681 167 1729 et
186 1681 342 1731 executorem
360 1691 388 1729 se
408 1691 490 1741 gerere
507 1677 680 1742 profitebatur,
691 1691 722 1727 ex
737 1678 814 1728 altera
834 1676 953 1728 Navalis
973 1678 1026 1730 auia
1045 1679 1219 1730 continuabat
1227 1679 1254 1729 ii

142 1759 286 1824 sciphnatu,
300 1760 326 1810 et
340 1757 392 1808 rim
409 1757 545 1809 renonibus
563 1757 696 1809 tribuebat.
716 1757 762 1808 liic
779 1757 912 1822 imperator
930 1760 1018 1808 auctor
1031 1759 1084 1810 luit
1096 1761 1185 1810 loanni
1198 1761 1255 1811 acho

141 1839 240 1902 lastico,
257 1839 285 1888 ut
298 1837 323 1887 iu
335 1850 412 1887 uuum
422 1836 548 1901 colligeret
559 1837 623 1901 leges
637 1837 776 1901 imperiales
788 1841 813 1888 et
823 1848 929 1888 mannes
942 1851 987 1901 pro
998 1837 1100 1888 obiecto
1110 1838 1254 1903 disciplinam

141 1918 331 1971 ecclesiasticam
353 1919 477 1970 habentes.
494 1919 630 1969 condictus
651 1917 788 1969 identidem
811 1918 876 1969 inter
897 1920 1061 1982 imperatores
1078 1920 1255 1984 etpnhiareha

141 1999 324 2064 constantinop.
340 2001 461 2051 excitatus
479 2003 530 2061 est,
542 2002 568 2050 et
586 2001 712 2064 quotquot
733 1999 866 2063 imperialis
886 1999 1015 2062 dignitatis
1036 2005 1255 2053 mutaretur

141 2078 293 2141 extiterunt,
306 2090 336 2128 ac
357 2078 477 2130 libertatis
495 2078 673 2130 molestasticac
692 2079 824 2130 noluerunt
840 2092 867 2130 se
883 2078 999 2143 praehere
1011 2079 1173 2145 proditores,
1189 2093 1254 2147 perse

140 2157 263 2208 exitionem
281 2157 346 2222 passi
365 2160 435 2220 suut,
454 2158 493 2208 vel
517 2160 611 2221 morte,
624 2158 663 2208 sei
684 2171 781 2208 earcere
801 2159 840 2208 rel
862 2158 937 2208 exilio
955 2160 1081 2211 mulctati.

222 2240 271 2301 ltea
292 2237 327 2289 lta
350 2240 472 2289 steterunt
490 2237 571 2288 donec
599 2239 710 2290 intrusus
736 2238 839 2290 l’hotlua
859 2252 900 2290 an.
922 2246 977 2292 aas.
1004 2242 1035 2293 ut
1060 2241 1176 2295 firmaret
1194 2255 1254 2295 aura

142 2318 265 2382 scitisne,
278 2322 303 2370 et
315 2318 443 2371 oeelesiam
456 2318 503 2370 sub
517 2319 693 2383 imperatorum
705 2320 799 2371 ditione
817 2321 842 2371 ct
854 2321 973 2372 servitute
991 2324 1160 2375 constitueret
1173 2335 1252 2375 norun

141 2399 202 2449 iuris
222 2398 333 2449 canonici
355 2400 481 2463 syntagma
501 2398 626 2463 vulgarit,
638 2399 756 2463 aliudque
773 2413 836 2464 opus
855 2400 901 2451 sub
918 2400 1022 2464 prolano
1042 2402 1120 2454 titulo
1138 2405 1250 2455 Nemota·

141 2479 216 2529 nonis
237 2478 327 2541 edidit,
347 2492 398 2544 quo
420 2479 569 2543 signiticaret
585 2479 697 2530 eamdem
715 2479 809 2543 legibue
832 2480 1000 2544 imperialibus
1021 2485 1049 2532 et
1071 2483 1209 2535 mannilxra
1223 2495 1252 2534 ee

140 2559 284 2611 eleslasticis
305 2560 356 2611 vim
377 2560 463 2611 inesse.
481 2565 516 2611 Ac
539 2561 619 2624 reipsa
640 2561 698 2611 hnic
722 2574 767 2610 suo
786 2562 951 2612 Nomoeauoui
974 2563 1088 2615 nordlas
1108 2564 1251 2629 imperatoris

142 2639 270 2690 iustiniani
288 2640 458 2705 ‹liacipliuares
478 2640 580 2691 inseruit
605 2640 706 2705 perinde
728 2653 757 2689 ac
783 2642 803 2690 si
827 2641 938 2691 eamdem
964 2643 1015 2692 vim
1039 2644 1170 2696 haberent.
1192 2645 1250 2695 rede

140 2720 227 2770 lentim
244 2721 335 2784 primas
354 2720 448 2783 legibus
467 2721 634 2785 imperialibus
653 2721 732 2784 graeci
753 2722 894 2772 canonistas
913 2721 1053 2786 dederunt,
1069 2728 1095 2775 et
1115 2726 1166 2788 ila,
1182 2724 1249 2791 pronti

140 2800 215 2863 paulo
234 2802 291 2850 ante
317 2802 405 2862 innui,
425 2803 453 2850 ut
471 2803 524 2852 tota
544 2814 665 2852 canonum
686 2803 905 2853 emissiasticornm
924 2804 963 2852 vis
988 2804 1063 2855 unios
1090 2805 1124 2856 ab
1144 2805 1249 2871 imperiali

140 2879 285 2929 nrxctoritate
306 2880 429 2943 penderet.
450 2880 576 2944 Siquidem
595 2881 632 2930 lex
660 2882 719 2932 haec
741 2882 900 2932 immutabilis
918 2886 969 2945 est,
991 2886 1018 2932 ut
1037 2887 1140 2946 quoties
1161 2884 1248 2937 eeclesia

139 2958 223 3022 aliqua
241 2973 267 3009 se
286 2972 300 3008 a
321 2960 429 3022 legitima
447 2960 570 3010 subtrahit
579 2961 737 3023 auctoritate,
750 2962 823 3011 toties
835 2961 882 3012 sub
892 2962 1045 3024 tyrannicam
1062 2964 1185 3015 laieorum
1197 2965 1246 3029 prin·

139 3038 223 3100 cipum
241 3038 434 3089 dominationem
459 3038 570 3102 incidat,
592 3040 663 3089 cuius
685 3039 719 3090 rei
739 3044 835 3104 praeter
857 3041 1031 3104 potestautium
1054 3044 1248 3100 communiones,

139 3130 202 3179 quas
220 3119 324 3179 vocant,
336 3119 491 3168 ineluctabile
509 3118 684 3169 documentum
703 3121 740 3169 est
758 3120 1002 3183 eeclesia-anglicana
1013 3158 1021 3184 ,
1034 3136 1102 3185 quae
1118 3124 1205 3174 effecta
1220 3125 1247 3172 sat

140 3198 189 3245 vile
209 3199 357 3261 mancipium
379 3200 456 3249 laicae
476 3199 603 3262 potestatis
622 3200 686 3261 regis
704 3199 756 3250 sive
776 3200 889 3262 reginae,
903 3213 946 3250 seu
967 3201 1141 3253 comitiorum.

216 3278 270 3325 lloc
289 3278 378 3327 vitium
397 3279 506 3328 inhaeret
523 3278 572 3328 iuri
591 3279 709 3328 canonico
728 3278 872 3340 byzantino,
885 3292 914 3328 ac
928 3279 963 3328 ita
976 3279 1041 3329 illud
1055 3281 1154 3344 inficit,
1170 3287 1196 3333 ut
1211 3294 1247 3331 me

141 3356 188 3405 rito
206 3356 267 3406 iliud
287 3359 414 3409 sonaveris
433 3359 515 3422 potius
534 3360 572 3409 ius
592 3360 666 3409 civile
685 3373 760 3423 quam
773 3360 934 3422 canonicum,
947 3360 994 3410 lroc
1007 3361 1076 3412 enim
1092 3364 1124 3414 ab
1138 3364 1247 3414 illosum

139 3438 265 3486 mubrntur
285 3438 408 3500 obligandi
427 3440 487 3489 rim.
504 3440 582 3490 cuius
602 3441 636 3490 rei
655 3453 738 3490 recens
754 3439 836 3490 adlruc
850 3444 1037 3492 monumentum
1052 3445 1092 3493 est
1104 3448 1247 3509 promptae·

138 3520 210 3568 rium
230 3529 272 3567 seu
292 3518 404 3581 Epitome
420 3521 481 3569 iuris
502 3521 613 3571 canonici
635 3520 825 3584 llarmenopuli,
839 3520 906 3582 quod
926 3521 1035 3572 obtinuit
1050 3523 1112 3586 legis
1131 3526 1182 3575 rim
1199 3525 1246 3574 duo

139 3598 185 3647 bus
206 3598 312 3647 decretis
333 3598 395 3661 regis
418 3600 522 3649 Othonis
542 3614 583 3650 nn.
610 3608 676 3651 isto.
702 3604 726 3650 et
748 3609 815 3652 1835.
845 3603 919 3663 atqua
946 3602 1114 3654 tribunalibus
1136 3604 1247 3656 lieilcuiris

139 3677 256 3728 inservire
276 3677 348 3729 debet
367 3678 398 3727 ad
417 3679 493 3729 instar
512 3681 606 3730 codicia
625 3680 706 3730 civilis
726 3681 751 3730 in
771 3681 958 3744 quaestiouibus
976 3681 1136 3734 dirimendis.

215 3756 315 3806 abiectu
335 3758 395 3807 haec
415 3758 531 3808 ecclesiae
556 3772 656 3821 graecae
676 3760 782 3810 servitus
807 3760 908 3821 eilecit,
931 3762 959 3809 ut
985 3762 1024 3811 sel
1044 3762 1100 3826 ipae
1125 3766 1247 3828 protestans

138 3833 277 3885 lionelidius
297 3837 510 3900 pronunciaverit:
535 3842 626 3895 «Quae
647 3839 730 3888 omnia
749 3839 770 3888 si
790 3839 847 3902 quis
858 3837 1006 3901 diligentius
1025 3843 1181 3906 consideret,
1201 3854 1247 3892 aare

139 3915 234 3978 imperii
248 3918 356 3977 romani,
370 3917 416 3965 hoc
429 3922 466 3967 est
477 3919 525 3968 GP.
542 3919 667 3969 interitum
681 3922 706 3969 et
720 3920 873 3970 eversionem
888 3920 1005 3969 admirari
1018 3920 1131 3973 desinet.
1143 3961 1148 3972 .
1160 3961 1166 3972 .
1178 3962 1183 3972 .
1194 3924 1245 3972 iusto

137 3995 180 4045 liei
204 3995 297 4045 iudicio
317 3996 426 4046 deletum
446 4001 515 4048 est.»

216 4077 291 4124 Porro
312 4076 392 4125 lllralli
415 4076 583 4128 collectionem
604 4092 674 4127 suam
694 4091 768 4141 quam
788 4079 923 4144 inscripsit:
944 4083 1091 4144 Spstopmn
1107 4081 1244 4132 divisorum

138 4155 164 4201 et
178 4166 315 4204 sacrorum
331 4168 463 4206 canonum
482 4159 528 4206 etc.
550 4158 749 4221 utrncuparitque
768 4159 883 4209 ecclesiae
904 4159 1045 4210 llelienicae
1066 4174 1110 4212 seu
1131 4161 1245 4224 photina

138 4230 228 4294 incepit
241 4247 271 4281 ex
283 4236 465 4284 liemoeononr
480 4235 560 4285 Plautii
569 4235 639 4285 onius
650 4237 757 4298 elogium
766 4237 852 4287 texuit.
865 4237 903 4287 (il.
915 4240 1034 4288 linium.
1048 4243 1073 4291 i.
1087 4245 1124 4292 ti.
1134 4241 1245 4291 esraite

140 4311 223 4360 venrb.
241 4317 306 4362 tati.
