2796 5064
145 345 214 416 llll
290 368 351 417 xm.
368 367 416 417 ur.
434 366 521 417 secr.
538 367 669 418 leram.
687 370 727 419 oe
746 369 859 420 rnorss.
877 368 976 420 ulra.
995 367 1125 421 cucur.

215 485 447 559 Temeritatem
472 486 562 584 sapit
585 487 676 585 quod
701 503 820 587 quarto
841 486 915 562 loco
939 487 1071 588 absque
1092 487 1164 563 ullo
1189 490 1264 564 lun-

144 599 301 674 damento
318 599 522 688 scientifico,
544 601 604 675 sed
622 628 662 675 ex
680 627 771 675 mera
788 602 983 676 coniectura
1008 619 1043 676 et
1058 602 1266 679 divinatione

145 717 218 815 ipse
241 714 388 803 adiecit,
416 716 515 816 quasi
542 744 663 816 nempe
688 716 736 789 illi
764 717 1081 792 iudaea-christiani
1101 718 1267 819 potuerint

144 829 270 927 insigni
296 830 345 902 uti
372 830 491 904 lraude
518 847 554 904 ut
579 832 819 931 persuaderent
836 858 857 904 a
874 830 1011 906 Christo
1028 833 1176 906 Domino
1194 859 1266 932 per-

143 943 285 1016 missum
305 944 412 1019 luisse
424 945 604 1020 divortium
623 947 658 1016 in
677 973 781 1020 causa
798 945 974 1033 adulterii,
996 963 1097 1046 prout
1117 947 1154 1019 in
1167 949 1266 1022 ueteri

144 1055 216 1154 lege
241 1057 407 1131 indultum
432 1059 539 1132 luerat
563 1086 584 1132 a
607 1060 735 1159 Moyse.
767 1060 856 1135 llaec
881 1059 971 1132 enim
997 1085 1063 1135 non
1090 1060 1195 1136 modo
1218 1062 1266 1133 in·

144 1173 335 1260 credibilia,
353 1174 413 1248 sed
426 1174 728 1274 prorsusabsurda
742 1202 819 1249 esse
831 1175 1144 1274 deprehenduntur.
1163 1177 1266 1250 livan-

143 1285 222 1384 gelii
248 1287 453 1387 exemplaria
482 1289 634 1362 omnium
665 1288 857 1364 terebantur
885 1290 1068 1377 manibus;
1098 1289 1266 1390 quomodo

143 1403 244 1500 igitur
268 1403 457 1503 potuissent
477 1405 534 1479 isti
562 1431 602 1478 ex
628 1405 797 1478 iudaismo
820 1405 862 1478 ad
887 1404 1083 1503 religionem
1109 1406 1266 1481 christia·

143 1545 222 1593 narn
235 1520 387 1594 conuersi
401 1545 442 1593 ex
456 1521 592 1620 scriptis
606 1520 787 1595 Clementis
805 1520 1015 1594 alexandrini
1033 1521 1263 1621 exceptionem

143 1636 178 1707 in
203 1661 308 1709 cause
339 1635 494 1710 adulterii
522 1636 555 1707 in
582 1635 640 1710 illa
666 1635 859 1734 evangelica
884 1634 959 1710 loce
983 1636 1194 1711 transferre?
1220 1637 1266 1712 llo

142 1748 194 1821 vel
220 1750 329 1848 magis
346 1750 439 1849 quod
461 1750 643 1851 scriptores
666 1749 828 1824 Clementi
847 1750 960 1824 coaevi
980 1775 1020 1823 ac
1042 1776 1211 1851 suppares
1227 1750 1266 1824 il·

143 1864 211 1938 lam
224 1865 396 1939 attulerint
408 1883 633 1967 tamquam‘ex
650 1866 825 1964 evangelio
839 1865 997 1939 llatthaei
1013 1865 1262 1967 depromptam,

141 1995 178 2052 ut
195 1996 325 2055 constat
349 2007 390 2053 ex
415 1980 526 2055 allatis
552 1981 765 2055 documentis
792 1981 935 2068 lustini‚
960 1980 1142 2080 Theophili
1161 1982 1264 2056 antio·

142 2094 242 2168 cheni
268 2122 309 2170 nc
337 2095 563 2170 Tertulliani?
588 2097 743 2180 Accedit,
777 2096 868 2195 quod
894 2094 1058 2194 Origenes
1085 2095 1264 2171 Clemenu's

142 2209 332 2308 discipulus
350 2238 389 2286 ac
407 2212 635 2285 successorio
654 2210 772 2286 schola
794 2210 1013 2284 alexandrina
1030 2227 1148 2310 aperte
1172 2225 1265 2311 negat

143 2350 163 2397 a
189 2326 306 2425 Moyse
331 2352 390 2425 per
414 2327 600 2426 foeditatem
625 2327 731 2401 luisse
753 2325 981 2424 significatum
1008 2326 1045 2399 id
1063 2326 1158 2427 quod
1176 2327 1264 2401 Chri

142 2454 215 2514 stus
242 2465 304 2539 per
329 2442 557 2540 fornicatiouis
583 2469 716 2515 caesum
741 2442 909 2541 expressit
935 2444 1024 2539 (19).
1055 2441 1156 2528 Quod
1181 2458 1262 2516 certe

143 2580 209 2628 non
228 2555 383 2643 lecisset,
406 2559 436 2629 si
456 2556 616 2631 caterba
635 2556 760 2629 recenti
781 2556 866 2628 adeo
885 2554 1144 2655 interpolatione
1162 2582 1262 2656 nuper

141 2668 277 2744 inducta
303 2671 448 2744 luissent
471 2673 562 2746 iuxta
589 2672 775 2746 adversarii
803 2671 909 2746 nostri
938 2671 1121 2744 somnium.

227 2789 299 2865 lum
319 2787 575 2888 expendendum
596 2804 648 2862 est
675 2804 787 2861 utrum
818 2787 950 2861 felicius
981 2788 1056 2884 Hug
1094 2814 1260 2886 pugnare

143 2902 205 2990 rit,
233 2903 314 2975 dum
340 2903 387 2975 uti
415 2903 458 2975 ab
483 2902 593 2976 aliena
623 2930 723 2976 manu
756 2903 917 2976 insertam
949 2919 1050 2976 totam
1082 2903 1260 3002 pericopen

141 3018 256 3091 llatth.
274 3019 360 3090 lllll.
380 3022 414 3090 9.
431 3019 538 3093 luisse
551 3019 732 3094 contendit.
751 3019 900 3093 Proiecto
914 3017 949 3090 id
964 3018 1075 3116 primo
1090 3043 1159 3090 non
1176 3017 1260 3093 erin·

141 3133 187 3205 cit
209 3134 354 3207 varietas
380 3133 585 3221 lectionum,
614 3160 702 3234 quae
732 3134 767 3205 in
798 3135 862 3209 hoc
887 3116 1052 3208 commate
1083 3134 1255 3234 reperitur.

140 3245 313 3345 Siquidem
331 3263 423 3321 tanta
440 3274 480 3320 ea
497 3275 563 3322 non
584 3264 652 3335 est,
675 3263 773 3347 prout
793 3247 891 3346 lingit
915 3248 1034 3321 doctus
1059 3246 1172 3321 hicet
1190 3273 1258 3320 eru·

225 3441 275 3503 (19)
292 3445 327 3491 En
347 3442 421 3492 verba
432 3442 544 3506 origenis
563 3455 592 3492 ar
604 3442 646 3492 cii.
660 3449 719 3492 tom.
730 3445 795 3492 xlv.
809 3443 835 3492 in
849 3443 935 3493 Mattlt.
949 3456 974 3491 u.
990 3446 1028 3493 24.
1052 3461 1065 3485 r
1076 3443 1150 3494 Dicet
1163 3443 1258 3494 somate

142 3519 252 3570 iudaicus
264 3522 386 3585 quispiam
407 3522 459 3585 vir,
476 3537 507 3572 ex
519 3523 548 3572 iis
558 3523 602 3585 qui
615 3522 772 3586 Sospitatoris
788 3523 864 3572 nostri
880 3521 1005 3572 doctrinae
1025 3521 1145 3584 refragari
1156 3523 1257 3581 audent,

141 3602 221 3650 lesum
240 3601 320 3664 ipsum
338 3615 396 3652 cum
411 3592 490 3652 'dixit
515 3605 603 3652 Omnis
623 3605 669 3666 qut
688 3602 817 3652 dirntscrit
838 3614 949 3652 uxorem
963 3614 1057 3661 suum,
1079 3605 1194 3667 excepto
1207 3601 1257 3664 ser·

141 3683 281 3731 nicationis
298 3681 471 3743 coarmavit
491 3695 549 3732 coro
568 3681 714 3742 enoeclrari,
729 3681 892 3745 repudiandae
912 3680 996 3731 uxoria
1015 3683 1164 3743 potestatem
1181 3682 1258 3731 iecistt

142 3759 206 3809 lraud
224 3773 294 3811 secus
311 3775 341 3811 ac
362 3764 487 3825 lloyecm,
508 3776 582 3825 quem
600 3776 645 3825 pro
665 3762 756 3812 duritia
776 3761 858 3810 cordis
876 3761 960 3824 populi
980 3760 1058 3823 legem
1078 3761 1167 3811 tulisse
1187 3759 1256 3810 dixit:

138 3844 164 3889 et
183 3840 257 3889 illud:
276 3844 323 3904 qut
341 3840 499 3903 foeditatem
514 3845 541 3892 in
553 3855 584 3892 ea
602 3844 715 3903 irruenti,
735 3840 800 3890 idem
816 3853 868 3889 esec
885 3839 957 3889 docet
978 3852 1007 3887 ac
1023 3838 1256 3889 fornicatiouiacau·

139 3932 208 3981 sero,
228 3921 326 3982 propter
346 3933 420 3983 quam
437 3921 489 3971 iure
509 3921 597 3970 mulier
616 3934 630 3969 e
651 3920 704 3970 viro
726 3918 849 3982 repudiari
869 3918 956 3982 possit.
979 3920 1072 3967 Verum
1086 3917 1148 3968 huic
1166 3929 1256 3982 respon·

140 3998 247 4048 deodurn
268 4002 317 4062 ml,
338 4000 432 4050 etiarnsi
452 4014 481 4051 eo
505 4000 565 4064 legis
578 4000 707 4061 mandato,
727 4000 814 4049 mulier
825 3998 939 4049 adulterii
960 4010 1002 4048 rea
1020 3997 1146 4062 lapidibus
1155 3996 1256 4049 uetmdt

140 4079 185 4138 sit,
203 4093 253 4129 nort
271 4082 311 4129 lta
325 4078 484 4142 foeditatem
499 4093 552 4130 arse
572 4079 788 4143 intelltpendam,
810 4092 857 4129 nec
873 4080 1061 4142 exemp-opte-
1079 4076 1255 4134 adulterium,

140 4159 179 4207 rel
198 4159 303 4210 similem
326 4160 435 4223 aliquam
449 4160 626 4224 turpitudinem
647 4160 745 4210 libellus
764 4158 857 4223 repudii
879 4157 1022 4209 scribendus
1041 4160 1098 4221 est,
1124 4159 1150 4209 et
1162 4153 1253 4218 moturi

141 4240 165 4286 in
188 4253 274 4291 monus
293 4239 441 4302 tradendus,
459 4241 500 4291 sed
522 4239 651 4304 quodlibet
669 4241 771 4291 lorsitau
788 4238 1086 4303 peccatun,loeoitatem
1108 4243 1253 4302 nuncuparet

141 4319 249 4380 lloysetn
263 4323 310 4369 ele.
324 4340 335 4361 »
