2796 5064
255 391 566 444 marmorearum.
586 391 676 460 ruam
690 393 727 441 nr
740 391 811 441 ann.
830 391 974 441 rnronnr.
992 391 1064 440 nur.
1082 390 1117 440 n.
1174 368 1241 437 aas

129 511 218 585 modi
242 511 353 585 verbis
379 511 546 585 conflato:
577 511 754 582 Anatbema
778 512 843 593 sit,
872 512 904 581 si
919 512 993 606 quis
1019 508 1165 591 eliserit,
1194 534 1251 580 aa·

127 641 330 699 crasanatam
348 652 517 698 romanam
545 626 736 697 catholicam
766 639 796 696 et
816 626 1027 722 apostolicam
1055 623 1244 708 corbeiam,

126 767 209 838 quae
226 755 333 813 mater
348 755 380 812 et
396 743 557 838 magistra
577 741 721 812 aliarum
738 754 802 823 est,
825 766 960 823 errasse,
981 740 1033 810 oet
1050 765 1160 810 errore
1177 764 1250 809 cum

126 854 255 937 docuit,
276 870 307 926 ct
323 854 428 940 docet,
451 870 584 953 propter
600 854 799 928 adulterium
816 855 951 926 alterius
969 857 1158 951 coniugum,
1183 880 1250 925 ma·

128 973 319 1042 trimonium
342 998 406 1042 noa
426 996 520 1068 pasca
545 971 700 1055 dissoloi;
728 997 784 1041 neo
801 985 992 1066 utrumque,
1014 971 1066 1041 ool
1084 971 1182 1040 etiam
1200 972 1250 1040 in·

126 1101 292 1157 avocatam
307 1088 492 1183 coniugem,
518 1088 577 1183 qui
601 1112 734 1158 oausam
750 1085 910 1190 adulterio
928 1110 993 1156 noa
1010 1083 1116 1165 dedit,
1138 1083 1250 1155 debere

127 1226 248 1272 mcum
271 1202 515 1272 matrimonium
540 1201 743 1284 contrahere,
766 1201 988 1297 moechariquc
1012 1227 1101 1283 eum,
1128 1202 1188 1296 qai
1202 1199 1251 1270 di-

126 1317 229 1386 mt'ssa
253 1313 405 1387 adultera
428 1316 532 1387 aliam
548 1314 702 1398 duxerit,
734 1332 765 1387 ct
790 1341 878 1398 eam,
900 1342 982 1412 quac
1000 1314 1133 1386 dimissa
1151 1314 1248 1386 adul-

129 1445 194 1501 tero
220 1431 285 1501 alii
307 1432 464 1527 nupserit.
495 1432 673 1529 Propterea
700 1431 809 1528 rogari
836 1446 948 1530 patres
970 1430 1013 1502 ab
1037 1428 1245 1513 oratoribus,

128 1561 165 1616 ut
188 1542 243 1618 vel
267 1570 326 1631 ea,
346 1544 400 1617 vel
423 1544 489 1617 alia
514 1546 643 1618 meliori
672 1546 819 1632 ratione,
842 1571 902 1643 pro
927 1545 1078 1643 ipsorum
1103 1543 1250 1643 pruden-

129 1659 263 1732 tissimo
279 1658 461 1745 arbitratu,
484 1659 606 1733 vellent
624 1662 658 1731 in
677 1687 716 1734 eo
734 1662 915 1758 gratificari
934 1659 1171 1733 serenissimae
1189 1658 1250 1731 rei-

129 1772 307 1870 publicae,
328 1798 416 1872 quae
433 1799 566 1873 semper
581 1791 816 1848 sacrosanctae
833 1774 910 1846 Sedi
929 1771 1133 1873 apostolicae
1150 1770 1249 1846 obse-

128 1906 205 1962 cuta
231 1888 330 1987 plene
354 1889 480 1975 luerat,
508 1907 542 1962 et
563 1905 634 1962 erat
659 1889 925 1963 observatura.»

216 2034 235 2072 a
251 2004 322 2076 Hoc
346 2003 517 2102 exemplar
544 2003 587 2077 ab
613 2004 799 2077 oratoribus
822 2004 1045 2103 propositum,
1075 2001 1249 2076 videbatur

128 2117 231 2191 alicui
257 2143 298 2189 ex
323 2117 429 2216 ipsis,
458 2134 517 2190 aut
542 2144 582 2191 ex
608 2118 760 2215 ipsorum
785 2117 1011 2202 consiliariis,
1036 2134 1148 2189 notam
1167 2115 1248 2188 bae-

128 2232 215 2304 rasis
241 2230 333 2303 haud
355 2231 547 2304 inusturum
566 2231 716 2329 opinioni
736 2232 940 2318 contrariae3
970 2231 1031 2303 aed
1057 2231 1126 2304 vim
1149 2230 1251 2303 dum·
1299 2316 1302 2322 ι

129 2361 220 2420 taxat
247 2346 439 2420 habiturum
464 2345 507 2418 ad
534 2346 754 2442 infligendum
785 2347 965 2420 anathema
995 2347 1179 2419 temerariis
1214 2347 1249 2416 in

127 2488 168 2536 eo
192 2461 479 2560 vituperatoribus
518 2462 703 2548 ecclesiae,
739 2488 827 2561 quae
856 2462 993 2560 optimis
1018 2462 1097 2534 nina
1127 2461 1248 2533 lunda-

129 2578 253 2651 mentis
265 2602 339 2650 eam
352 2577 560 2662 doctrinam,
582 2580 712 2651 tametsi
732 2605 798 2651 non
818 2595 988 2678 tamquam
1008 2578 1085 2650 fidei
1104 2578 1244 2674 dogma,

129 2693 296 2767 tradebat.
317 2692 417 2765 Aliud
435 2694 577 2767 sortasse
600 2692 643 2765 ab
661 2692 737 2767 aliis
757 2693 1048 2778 considerabatur;
1071 2692 1245 2776 nimirum,

130 2835 190 2906 per
214 2834 289 2881 eam
321 2808 527 2881 sanctionem
563 2836 628 2882 non
655 2809 806 2882 damnari
842 2825 1013 2908 tamquam
1048 2807 1249 2881 haereticam

128 2924 331 2996 sententiam
356 2925 568 3022 oppositam,
605 2925 669 2996 nisi
702 2925 811 3024 posita
837 2924 1001 2997 ecclesiae
1026 2923 1245 3007 auctoritate;

128 3053 162 3108 et
179 3062 246 3111 non
265 3037 363 3136 quasi
383 3036 507 3110 divinis
522 3038 641 3110 litteris
663 3038 834 3110 evidenter
847 3038 881 3110 id
905 3055 1127 3135 repugnaret:
1148 3036 1250 3109 aden·

127 3175 196 3249 que
221 3150 313 3250 parci
416 3176 610 3244 graecorum
637 3152 787 3237 nomini,
809 3151 914 3225 donoc
935 3152 1002 3223 illis
1025 3151 1058 3222 in
1081 3166 1250 3250 comperto

130 3289 195 3338 non
224 3279 333 3348 esset,
361 3261 406 3335 ab
431 3263 576 3336 ecclesia
600 3266 794 3362 oppositum
821 3264 954 3350 doceri;
983 3282 1016 3337 et
1040 3266 1148 3339 donec
1177 3264 1250 3336 eius

128 3379 320 3451 auctoritati
345 3380 587 3452 contumaciter
612 3380 714 3451 iidem
740 3381 832 3453 baud
859 3381 1152 3476 refragarentur.»

208 3493 357 3565 «Postea
383 3519 458 3564 cum
486 3519 653 3592 superea
680 3521 714 3565 re
739 3495 924 3567 sententiae
950 3496 1160 3582 dicerentur,
1188 3496 1253 3567 An-

127 3607 230 3680 dreas
256 3607 397 3693 Cuesta,
427 3609 607 3707 episcopus
642 3608 846 3705 legionensis
879 3612 1082 3709 postulatum
1116 3611 1248 3693 reiecit,

127 3721 326 3806 affirmans,
355 3722 399 3794 ab
431 3721 577 3795 ecclesia
605 3751 670 3797 non
696 3726 851 3822 usurpari
879 3753 952 3799 eam
978 3726 1159 3800 damnandi
1186 3726 1253 3798 lor-

127 3836 278 3909 mulam:
309 3839 349 3908 Si
368 3841 441 3934 quis
460 3838 604 3920 dixerit,
626 3841 793 3912 ecelesiam
810 3867 946 3913 errasse.
968 3843 1063 3914 Hanc
1080 3842 1250 3914 veritatem

126 3976 207 4025 esse
230 3966 355 4023 certam
381 3976 421 4023 ac
455 3952 620 4024 firmatam
646 3953 680 4023 in
707 3954 836 4052 synodo
864 3956 1057 4029 milevitana
1081 3983 1158 4056 cap.
1190 3958 1246 4028 13.

126 4066 163 4137 in
190 4081 287 4139 sexta
311 4067 544 4152 aecumenica,
574 4085 607 4139 et
629 4069 663 4138 in
690 4069 886 4155 llorentina;
908 4070 1117 4169 adduxitque
1134 4097 1174 4143 ex
1194 4098 1252 4171 pa-

126 4179 238 4254 tribus
264 4183 395 4278 graecis
422 4181 626 4256 Clementem
652 4182 824 4255 alexandr.
855 4201 886 4258 et
908 4185 1086 4258 basilium:
1108 4186 1198 4285 quod
1221 4188 1251 4258 si

124 4295 206 4395 quis
232 4322 273 4368 ax
297 4296 373 4370 aliis
391 4296 621 4382 deerraverat,
643 4299 845 4370 contrarium
863 4302 1041 4399 opinatus,
1063 4300 1251 4402 complures
