2796 5064
293 406 363 466 nir.
383 415 408 465 ι.
428 415 468 464 na
487 408 661 463 maronam
685 397 895 460 stannatum.
915 410 985 461 aar.
1008 410 1052 461 rs.
1189 364 1231 460 il

121 537 176 611 aa
200 538 303 638 primi
320 535 558 636 normae
573 531 616 607 aa
634 514 920 637 cohonestandum
945 512 1141 607 maesiam
1160 531 1240 603 aaa

121 651 215 752 lippo
233 637 462 753 polygamiam
476 675 513 724 se
527 649 784 754 receperuntad
804 646 993 722 facultatem
1011 675 1032 720 a
1049 673 1133 746 rona.
1151 654 1239 746 pon-

122 768 212 842 tilice
228 767 402 867 qnondam
420 790 628 840 concessam.
642 766 675 835 l.
689 765 877 871 Numquam
895 762 1019 863 aliquis
1033 789 1074 836 er
1087 778 1135 838 tot
1146 764 1240 863 prin-

123 880 260 982 cipibus
276 880 337 980 qui
354 868 500 954 maxime
516 902 590 953 eam
608 893 825 977 exoptassent
841 878 931 978 apud
950 905 1034 951 rom.
1046 878 1239 978 pontificem

125 1014 157 1071 st
181 1023 262 1072 eam
288 995 478 1070 obtinerent
508 983 697 1093 exemplum
722 993 855 1068 comitis
881 1019 901 1066 a
927 992 1085 1067 Gleichen
1115 992 1242 1091 allega-

125 1112 179 1187 rit.
202 1110 295 1185 Hinc
318 1126 390 1197 est,
414 1108 505 1210 quod
530 1134 622 1182 nunc
646 1109 752 1182 critici
779 1132 895 1181 omnes
914 1107 957 1180 ad
975 1106 1108 1180 fabulae
1125 1110 1247 1181 aman-‘

126 1227 202 1301 dent
228 1226 399 1301 eiusmodi
429 1224 561 1317 comitis
592 1224 843 1325 polygamiam,
881 1222 999 1296 sallem
1026 1237 1244 1322 tamquama

126 1343 285 1444 pontifice
305 1366 514 1427 concessam,
535 1367 578 1414 ne
593 1341 697 1442 llayle
713 1341 790 1441 ipso
806 1355 964 1439 excepto,
985 1339 1028 1413 ad
1046 1365 1147 1438 quem
1172 1366 1244 1439 per-

127 1475 223 1534 meat
248 1457 424 1530 Fabricius
441 1459 555 1552 (183).

197 1572 316 1648 Nihilo
336 1563 455 1646 tamen
469 1577 581 1647 minus
599 1570 741 1670 illnetris
760 1571 863 1645 huius
880 1570 1001 1644 aetatis
1019 1560 1244 1644 auctor¹sisns

128 1707 175 1766 ast
199 1689 304 1763 fidem
330 1689 513 1786 adiungere
539 1688 618 1763 hnic
643 1687 749 1775 lacto,
772 1702 842 1760 tum
861 1687 951 1787 qnod
970 1685 1158 1785 profundae
1174 1701 1242 1759 tra-
1270 1787 1271 1791 Ἰ

128 1785 456 1893 iiuoni'innitamr,
486 1822 556 1879 tum
581 1806 671 1906 quod
697 1804 845 1904 copiosis
879 1802 1051 1877 historicis
1087 1801 1245 1903 fulciatur
1281 1791 1285 1798 ¹

128 1923 338 1998 documentis
359 1925 472 2019 (lsi).
488 1921 609 1997 Verum
627 1922 694 1996 duo
713 1921 813 2006 haec,
840 1919 970 1993 falsitas
993 1918 1122 1993 scilicet
1139 1933 1172 1991 et
1189 1944 1247 1992 ve-

198 2076 268 2139 (ist)
284 2074 410 2125 liabrlclus
428 2075 516 2138 allegat
532 2073 886 2125 ed.secnnrlam1)icltonnrlt
905 2066 1023 2123 historici
1038 2074 1064 2122 et
1079 2074 1180 2134 critict3
1197 2071 1247 2125 lam

129 2169 185 2209 sero
196 2170 243 2221 ego
255 2168 316 2221 pne
330 2155 444 2207 manibus
458 2155 536 2208 babeo
550 2155 591 2206 ed.
603 2157 701 2207 tectim
716 2155 883 2207 itolterodaml
903 2159 971 2206 1720,
981 2156 1089 2204 attamen
1104 2153 1146 2203 blc
1161 2155 1249 2204 auctor

128 2238 177 2288 turn
186 2238 213 2287 in
224 2235 298 2286 artic,
311 2234 443 2286 Glsucbcn
453 2237 506 2286 tam
518 2235 543 2285 in
554 2237 613 2286 nota
623 2237 647 2286 Β
656 2236 749 2300 respuit
759 2248 788 2286 ac
797 2235 886 2285 relellit
897 2234 1064 2295 historiolam,
1076 2245 1139 2297 quse
1150 2233 1184 2284 tta
1193 2247 1248 2284 aar·

129 2318 202 2367 ratur.
215 2315 323 2366 comilis
336 2328 420 2365 eruore
430 2320 501 2378 capta
512 2313 563 2365 lilia
573 2315 668 2365 Sullam
679 2314 737 2365 dum
748 2315 860 2379 captivus
869 2327 951 2364 comes
962 2313 1059 2377 degeret
1070 2327 1143 2377 penes
1153 2316 1247 2376 turcas,

128 2396 150 2448 el
160 2397 245 2459 bearn
256 2397 337 2445 talam
345 2408 372 2446 se
379 2394 545 2459 praebituram
562 2395 685 2458 promisit,
699 2394 835 2445 dnmmodo
847 2408 904 2449 sans
914 2393 960 2444 sibi
972 2393 1070 2457 nuptias
1079 2392 1247 2456 polliceretur,

130 2474 330 2541 quartisana
338 2474 451 2525 cumiani
461 2473 868 2539 matrimonioderincturn.lieipse
874 2475 956 2534 lbgnm
966 2474 1249 2537 arripuerunt,venelias

129 2555 289 2620 appulerunt,
304 2557 435 2605 sabamae
448 2569 462 2604 a
474 2553 588 2619 pontilioe
599 2554 740 2605 facultatem
752 2568 834 2605 comes
848 2554 955 2625 obtinuit
964 2566 1019 2603 eam
1030 2552 1249 2620 superinducendi3

130 2646 235 2698 mque
245 2633 353 2698 patriam
371 2626 524 2698 repetiisset,
543 2634 669 2685 eomitissa
686 2636 739 2685 eloe
755 2649 818 2685 uxor
828 2635 892 2685 laeta
902 2634 997 2696 excepit
1006 2646 1095 2682 novam
1108 2635 1251 2699 coniugem,

130 2726 191 2779 qaae
209 2717 299 2778 utpote
312 2714 403 2764 eteritis
421 2714 497 2763 voluti
514 2727 572 2765 suns
587 2713 713 2779 spectabat
723 2713 813 2765 liberos
823 2714 970 2764 comitissae.
982 2714 1043 2761 Tota
1056 2714 1116 2763 baec
1128 2714 1210 2765 tabula
1222 2730 1252 2768 ex

130 2795 257 2858 tentatura
268 2793 376 2858 sepulcri
387 2794 505 2858 originem
518 2795 611 2845 habuit.
624 2796 662 2845 (Ἰ.
676 2809 737 2859 opas
751 2795 791 2844 cui
803 2795 842 2845 tit.
854 2796 1007 2860 Dtsqulsllio
1023 2791 1252 2859 historico-critica

131 2876 158 2927 is
176 2877 301 2927 sonitem
318 2874 352 2925 de
368 2874 593 2936 clamememus
613 2877 812 2926 monumentum
829 2877 869 2925 est
889 2878 916 2927 ln
933 2877 1042 2928 ccclesia
1060 2879 1146 2927 seneli
1166 2877 1248 2926 Petri.

130 2959 237 3007 Auctore
254 2968 280 3004 n.
295 2954 395 3005 Placido
411 2956 490 3005 ttulit.
505 2956 630 3007 liriortliae
642 2961 709 3007 tiae.
719 2956 797 3007 inat.

201 3036 270 3097 (titt)
287 3034 328 3084 sic
339 3034 405 3083 enim
417 3034 502 3084 scribit
510 3034 630 3085 ciconus
641 3034 673 3084 de
682 3034 867 3085 tlontnlembert
877 3035 902 3084 in
911 3036 1130 3088 llist.s.lilisabelb
1138 3035 1249 3085 cbxlll.

130 3112 169 3165 erl.
179 3115 295 3166 sisieme.
304 3113 373 3165 Parta
388 3118 454 3164 lsai.
463 3128 520 3178 pag.
535 3122 603 3166 raon
612 3118 649 3164 on
661 3128 789 3178 remarqne
802 3113 880 3178 partui
892 3128 938 3165 eux
950 3116 1059 3178 (croisea)
1071 3116 1094 3167 le
1106 3129 1164 3167 nom
1180 3114 1212 3166 de
1222 3128 1250 3166 ce

132 3199 211 3247 conte
221 3196 299 3247 bouis
311 3195 343 3246 de
355 3195 488 3257 Gleicben,
501 3195 523 3248 sl
538 3196 633 3247 celebre
645 3209 675 3246 en
685 3197 827 3258 Altemagne
838 3208 928 3259 perses
936 3199 1067 3247 eventurae
1081 3209 1254 3260 romanasques

132 3277 241 3340 pernam
259 3279 323 3326 cette
341 3276 462 3327 croisade.
474 3279 528 3327 Une
542 3276 673 3339 tradition,
685 3277 813 3328 enracinee
829 3279 853 3326 ct
869 3249 978 3341 ippupea
992 3292 1037 3342 par
1048 3277 1079 3328 de
1095 3277 1253 3328 nombrenses

134 3369 237 3420 pentes
249 3354 413 3419 historiques,
429 3358 531 3406 raconta
543 3355 661 3420 qu’aysnt
675 3357 713 3407 ete
729 3356 774 3407 lait
789 3356 926 3420 prisonnier
942 3371 972 3408 en
990 3358 1123 3419 Pelcstlne,
1136 3361 1161 3408 et
1176 3359 1254 3408 trans·

134 3437 203 3501 perta
223 3448 255 3486 en
272 3439 382 3500 Egypte,
399 3436 417 3485 il
433 3436 470 3486 lot
485 3435 578 3487 delirrc
594 3450 639 3501 par
654 3437 679 3487 la
695 3436 745 3487 lille
759 3438 793 3487 riu
809 3439 909 3490 Sandan
925 3437 1253 3499 blelecbsala,tcondltion

137 3519 196 3581 qa’it
218 3517 396 3582 l'epouserail,
417 3518 538 3581 quoiqu'il
555 3520 601 3582 citt¹
612 3517 684 3569 laisse
703 3532 733 3568 en
749 3519 874 3581 Thurinae
896 3532 923 3568 sa
946 3518 1050 3580 brume,
1068 3518 1113 3569 nee
1135 3519 1256 3568 mmtasa

137 3594 321 3647 b‘orlamunde.
332 3596 350 3646 ll
364 3594 492 3648 l'emmcna
504 3611 563 3648 avec
574 3598 609 3648 lni
617 3597 631 3647 t
639 3601 725 3661 iiome,
736 3600 769 3648 ob
781 3598 798 3649 il
810 3598 904 3662 obtint,
914 3598 931 3649 tt
941 3612 969 3649 ce
978 3598 1056 3664 qu'on
1063 3596 1189 3662 pretend,
1201 3597 1257 3648 l'an·

137 3675 265 3727 brisatioa
275 3674 310 3724 rlo
322 3687 385 3739 pape
395 3688 459 3739 pour
469 3679 532 3726 cette
542 3675 634 3726 double
650 3678 724 3727 unior
734 3714 741 3740 ,
753 3679 778 3728 et
791 3678 822 3728 de
835 3677 860 3727 la
873 3678 889 3727 a
902 3690 947 3727 sca
961 3677 1063 3728 cbttcau
1076 3675 1107 3727 dc
1118 3677 1236 3728 Gleicbcn
1250 3713 1258 3738 ,

138 3756 168 3807 ob
183 3757 219 3808 tes
234 3757 300 3806 deos
315 3757 421 3819 epousee
439 3757 555 3806 necarent
571 3757 632 3808 daos
647 3757 672 3808 le
687 3748 744 3822 plus
760 3757 862 3820 parlaile
877 3757 978 3808 anion.»

206 3836 256 3895 Qul
269 3835 360 3886 (lande
370 3836 394 3885 in
406 3839 463 3886 nota
473 3835 571 3886 subdit:
587 3857 599 3881 a
608 3839 677 3888 cette
690 3836 791 3888 histoire
801 3837 856 3901 deit
864 3837 978 3902 qualibee
987 3837 1049 3887 dans
1060 3851 1107 3888 nne
1115 3836 1258 3900 chronique

139 3913 169 3964 ta
180 3913 314 3966 xvsierle
327 3914 359 3965 ile
368 3917 514 3965 Historiam
525 3918 762 3967 continentissimam
773 3919 875 3967 comitis
886 3915 917 3966 (le
928 3915 1059 3979 Gleiclteu,
1068 3915 1220 3978 aetel’objet
1228 3917 1261 3968 de

139 3996 296 4046 nombrcoeea
310 3996 462 4046 discussions
478 3999 547 4047 entre
561 3996 596 4047 les
611 3999 710 4048 savants
726 4001 750 4048 ct
767 3998 898 4047 historiens
916 3997 1052 4048 allemands
1069 3998 1113 4047 dee
1126 3997 1191 4047 deus
1205 3995 1258 4047 der·

142 4074 217 4126 aleres
227 4074 330 4138 sieclee,
341 4075 384 4138 qul
396 4077 439 4125 ont
448 4080 505 4127 tour
514 4077 530 4126 ‘a
539 4078 596 4127 tour
609 4077 735 4128 combattu
747 4092 779 4128 ou
790 4077 884 4128 albrme
895 4078 919 4127 la
931 4078 1016 4128 rcnlilt
1025 4078 1057 4129 de
1068 4091 1096 4128 ce
1107 4075 1199 4127 double
1209 4089 1259 4126 ma·

141 4154 255 4220 naccon
266 4159 327 4221 peut
337 4169 368 4207 en
379 4155 434 4206 votr
442 4156 628 4207 l’ennmcration
640 4156 702 4209 dans
713 4159 778 4210 iusti
787 4157 894 4223 (nilion,
903 4159 965 4209 lices
973 4157 1069 4210 libros.
1080 4159 1122 4209 11.
1133 4169 1157 4220 p.
1168 4156 1262 4221 etti.)

142 4234 296 4287 letombean
307 4237 338 4288 de
347 4239 481 4300 cecomte,
493 4238 587 4289 conche
602 4241 671 4290 entre
685 4252 724 4290 saa
741 4237 811 4290 near*
820 4238 935 4302 lemmes,
952 4251 979 4288 se
993 4238 1049 4289 voit
1062 4237 1124 4289 dans
1140 4238 1164 4288 la
1179 4237 1261 4289 calbe-

144 4310 414 4368 tractatoribus
425 4315 557 4369 badlbene
569 4316 601 4370 de
616 4317 641 4368 la
655 4317 794 4370 chevalerie
808 4316 928 4382 trancaise
936 4315 1073 4372 attribuent
1081 4315 1105 4369 le
1114 4316 1194 4369 meme
1204 4314 1264 4367 trelt

144 4393 159 4442 i
172 4396 249 4448 ciltas
261 4394 476 4463 detruncantes.»
