2796 5064
261 413 1143 478 err.v1.nrnrss.rnrn.mr1‚nonconsunmnrnr.
1188 390 1255 463 ⁴82

136 535 273 609 Domini
300 533 439 608 evidens
462 549 514 607 est
539 535 573 604 in
599 558 639 607 eo
664 559 852 607 sermonem
878 559 955 607 esse
979 532 1022 606 de
1044 533 1259 608 matrimonio

138 665 390 737 consummato,
412 675 473 723 nee
498 649 585 722 trahi
610 649 654 723 ad
679 676 748 722 rem
776 665 923 723 nostram
949 649 1118 722 ullatenus
1141 673 1254 748 posse.

140 801 144 808 ·
212 766 270 838 Sic
293 766 395 838 verba
419 765 464 838 ab
488 765 560 838 llda
582 765 711 866 prolata
735 765 778 837 de
795 765 869 862 lege
888 765 1068 839 universali
1091 764 1261 837 matrimo-

139 880 211 967 nii,
241 907 310 980 quo
336 881 373 953 lit
397 897 435 954 ut
458 883 619 978 coniuges
645 880 711 954 sibi
744 895 860 954 mutuo
885 880 1109 967 adhaereant,
1137 879 1260 953 vitam·
1335 960 1338 969 ,

142 1022 213 1095 que
230 996 442 1070 individuam
454 997 582 1084 vivant,
599 994 799 1095 accipienda
819 1021 916 1083 esse,
938 1021 1037 1068 nemo
1058 1010 1110 1068 est
1130 995 1189 1095 qui
1210 995 1261 1067 in·

141 1110 250 1184 ficiari
273 1111 399 1210 possit;
422 1136 483 1184 nos
507 1128 619 1184 numm
641 1110 774 1208 agimus
800 1110 842 1182 de
867 1135 950 1183 casu
974 1108 1194 1209 exceptionali
1221 1134 1261 1182 ac

141 1225 308 1322 singulari
333 1227 392 1326 qui
419 1227 623 1327 expositiva
648 1225 774 1327 Christi
800 1224 873 1323 lege
898 1224 1082 1325 dependet,
1110 1224 1262 1324 adeoque

142 1366 183 1412 ea
207 1339 310 1413 verba
342 1341 512 1438 generalia
546 1367 721 1441 perperam
754 1340 971 1414 obiiciuntur.
1000 1339 1050 1412 Eo
1073 1338 1126 1412 vel
1152 1339 1261 1436 magis

142 1455 236 1554 quod
261 1481 371 1554 neque
391 1455 484 1530 lldae
507 1472 633 1543 aetam,
658 1457 726 1530 imo
748 1481 858 1556 neque
880 1456 915 1528 in
932 1455 1035 1528 veteri
1054 1452 1186 1529 loedere
1202 1479 1260 1527 ex-

142 1570 256 1668 ceptio
281 1568 324 1642 de
346 1596 414 1668 qua
439 1571 610 1671 loquimur
634 1569 746 1645 locum
772 1571 966 1645 obtinuerit.

218 1684 414 1785 Apostolum
440 1685 606 1760 disserere
631 1687 665 1759 in
691 1702 833 1787 utroque
857 1686 987 1762 obiecto
1011 1684 1203 1759 testimonio
1219 1677 1262 1756 da

143 1800 304 1897 coniugio
336 1818 569 1875 consummato
594 1827 634 1875 ae
658 1801 701 1874 de
725 1802 895 1876 communi
927 1800 1001 1900 lege
1032 1815 1184 1900 apertum
1211 1797 1264 1872 est

144 1916 254 2003 adeo,
273 1932 311 1989 ut
327 1943 613 2017 supervacaneum
631 1919 677 1992 sit
694 1917 729 1990 id
745 1918 831 1991 velle
850 1918 1034 1991 adstruere.
1052 1917 1140 1989 llinc
1151 1913 1262 2012 urgeri

144 2046 263 2103 oontm
281 2030 369 2104 banc
392 2031 579 2106 doctrinam
605 2058 644 2105 ea
675 2057 741 2106 non
763 2047 917 2133 possunt.
946 2031 1165 2105 Verissimum
1190 2027 1264 2128 qui·

145 2144 224 2218 dem
249 2162 301 2218 est
320 2173 380 2246 per
403 2163 610 2222 contractum
636 2148 846 2247 coniugalem
868 2149 941 2222 sive
960 2148 1070 2221 virum
1093 2147 1164 2220 sive
1189 2171 1264 2217 mu·

146 2260 265 2334 lierem
291 2263 345 2335 ius
377 2264 552 2363 acquirere
577 2264 611 2336 in
637 2264 777 2338 alterius
802 2290 942 2365 eorpus,
971 2263 1037 2336 nisi
1062 2262 1221 2335 alteruter
1244 2285 1265 2333 s

148 2392 247 2474 paeto
271 2377 420 2466 resiliat,
441 2395 621 2480 antequam
646 2380 741 2454 alteri
767 2382 821 2453 sui
846 2380 998 2478 corporis
1023 2377 1152 2478 copiam
1179 2375 1265 2448 lece-

148 2492 213 2577 rit;
235 2491 339 2566 atius
357 2493 448 2566 istud
466 2496 722 2568 amittitureum
741 2496 819 2595 quis
842 2494 1018 2594 privilegio
1040 2492 1106 2565 sibi
1127 2518 1147 2564 a
1172 2489 1266 2561 Chri·

148 2624 203 2679 sto
228 2632 389 2682 concesso
405 2608 449 2683 ad
468 2610 697 2709 perfectiorem
714 2612 817 2683 vitam
844 2607 1065 2709 profitendam
1091 2606 1140 2678 uti
1161 2604 1261 2691 velit,

148 2737 330 2824 antequam
355 2723 399 2797 ad
424 2725 572 2822 coniugii
597 2725 918 2799 consummationem
938 2737 1133 2821 perventum
1151 2718 1262 2792 luerit.

225 2838 275 2909 lta
291 2863 332 2910 ea
345 2840 458 2912 omnia
472 2839 654 2914 concidunt
665 2867 753 2940 quae
765 2866 785 2912 a
799 2838 1014 2912 novatoribus
1032 2833 1266 2933 exscriptoris

151 2969 313 3048 urgentur
328 2970 366 3027 ut
381 2956 538 3028 evincant
554 2982 716 3030 canonem
739 2954 956 3029 tridentinum
981 2951 1050 3025 illis
1072 2949 1264 3035 adversari,

150 3092 242 3165 quae
267 3067 361 3141 illurn
388 3096 431 3142 ne
454 3069 622 3167 attingunt
645 3070 794 3171 quidem.

227 3183 407 3258 Videamus
430 3186 497 3258 iam
525 3213 603 3259 num
629 3186 793 3260 validiora
819 3187 904 3272 sint,
925 3210 1013 3286 quae
1030 3209 1070 3255 ex
1089 3180 1268 3255 traditione

154 3313 312 3399 promunt
328 3297 405 3373 tela.
427 3299 529 3373 Aiunt
547 3301 660 3401 itaque
677 3316 744 3374 tam
762 3300 931 3373 infirmam
949 3325 989 3372 ac
1006 3297 1140 3371 labilem
1167 3294 1268 3368 nimis

154 3438 231 3484 eam
248 3439 325 3487 esse
340 3430 377 3486 ut
388 3415 419 3486 ei
434 3415 532 3487 inniti
551 3415 630 3488 lidei
648 3415 770 3513 dogma
784 3415 904 3515 possit.
918 3413 1092 3515 Siquidem
1107 3411 1269 3512 pleraque

155 3543 348 3602 sanctorum
374 3532 541 3632 exempla,
572 3559 659 3631 quae
683 3559 724 3604 ex
748 3533 948 3631 antiquitate
973 3531 1207 3630 proferuntur,
1237 3526 1268 3598 si

156 3641 201 3714 ad
223 3644 357 3717 critices
382 3643 511 3718 lancem
536 3647 714 3743 erigantur
738 3646 915 3744 multiplici
937 3672 977 3718 er
998 3645 1108 3743 capite
1126 3640 1271 3713 deficere

155 3756 467 3855 deprehenduntur.
491 3760 620 3833 Etenim
639 3760 801 3834 deficiunt
818 3788 856 3833 ex
877 3777 971 3861 parte
991 3755 1198 3831 fundamenti
1217 3753 1271 3826 hi-

157 3873 293 3961 storici,
316 3901 392 3948 cum
415 3875 547 3950 illorum
573 3895 647 3951 aeta
672 3897 730 3951 aut
755 3878 873 3977 spuria
898 3877 984 3961 sint,
1013 3893 1161 3947 autnon
1187 3872 1270 3945 satis

156 3992 251 4088 gravi
277 3993 471 4066 auctoritate
497 3994 698 4080 fulciantur3
735 3993 900 4068 eiusmodi
927 4020 978 4066 ex.
1008 4019 1058 4089 gr.
1088 4007 1163 4063 acta
1192 4003 1272 4062 sunt

158 4133 188 4178 s.
207 4105 369 4194 Theclae,
399 4107 579 4195 Caeciliae,
606 4108 712 4182 Alexii
737 4125 801 4182 ete.
823 4106 887 4182 Sed
913 4122 1084 4206 praeterea
1105 4103 1272 4200 deliciunt

156 4247 200 4292 ex
224 4237 316 4321 parte
344 4224 411 4308 rei,
440 4249 517 4296 cum
544 4223 702 4322 nuspiam
727 4223 889 4297 referatur
913 4221 1059 4321 aliquem
1086 4220 1225 4292 istorum
1251 4243 1270 4288 a

158 4338 307 4436 nuptiis,
325 4365 385 4412 seu
403 4341 515 4438 potius
533 4339 750 4439 sponsalibus
769 4338 933 4412 resiliisse
950 4338 992 4409 ad
1011 4335 1200 4410 institutum
1220 4358 1272 4405 re-
