2796 5064
154 350 225 422 att
299 369 361 425 ιιι.
381 372 429 424 m.
446 370 535 423 saon
549 368 680 424 serras.
698 369 1138 423 nsmntss.srrn.cna1sr.·

146 489 307 566 darentur
318 507 352 564 et
369 490 587 591 punirentur,
608 488 877 590 quod'eaemplis
891 488 969 565 aliis
982 487 1162 564 cofirmant
1176 492 1260 588 (bl).

148 606 247 693 Esto,
276 604 362 677 nihil
387 621 440 678 est
465 605 556 706 quod
583 619 758 704 repugnet.
965 605 968 609 ’

222 721 271 793 llx
295 720 474 795 collatione
499 720 603 818 igitur
629 721 805 821 utriusque
826 736 958 808 textus,
984 736 1085 819 prout
1108 720 1268 795 hactenus

148 835 315 924 vidimus,
344 852 458 935 aperte
481 836 667 935 colligitur,
703 836 874 910 Christum
900 834 1079 935 utrobique
1104 835 1174 909 sibi
1199 863 1270 937 pro

149 952 306 1051 posuisse
327 951 459 1051 plenam
487 953 737 1054 perfectamque
762 952 937 1026 restituere
961 950 1121 1049 coniugio
1139 952 1270 1026 firmita-

148 1083 238 1156 tem,
267 1095 368 1168 quam
392 1071 484 1143 Deus
508 1069 552 1141 ab
578 1069 674 1143 initio
701 1068 840 1142 humani
865 1068 998 1165 generis
1025 1068 1266 1155 constituerat,

147 1209 348 1286 omnemque
366 1185 491 1259 vinculi
510 1185 697 1283 coniugalis
719 1183 927 1259 dissolvendi
953 1208 1091 1257 causam
1115 1183 1265 1271 abolere,

145 1299 301 1375 emedio
326 1300 472 1376 tollendo
497 1329 517 1376 a
542 1304 658 1402 Moyse
674 1326 869 1375 concessam
893 1299 996 1373 libelli
1014 1299 1147 1398 ripudii
1167 1299 1269 1374 facul·

147 1431 266 1504 tatem;
287 1443 367 1504 seu,
388 1417 479 1518 qnod
497 1417 586 1491 idem
600 1434 672 1505 est,
689 1417 906 1492 constituisse
918 1415 1115 1513 coniugium
1130 1441 1265 1516 pmrsus

147 1530 384 1606 indissolubile
404 1533 505 1606 etiam
530 1531 565 1605 in
591 1557 697 1606 causa
714 1531 891 1618 adulterii,
920 1546 1020 1630 prout
1044 1529 1194 1606 ecclesia
1216 1556 1267 1606 oa·

146 1647 271 1721 tholica
295 1665 411 1723 contra
436 1663 658 1748 protestantes
684 1662 717 1720 et
743 1672 882 1745 gmecos
906 1646 1098 1744 dogmatice
1120 1646 1233 1720 docet.

218 1764 268 1835 Ex
281 1763 336 1837 his
350 1789 492 1865 pmnnm
505 1781 557 1839 est
569 1764 703 1851 infame,
717 1781 816 1863 prout
824 1760 911 1836 alias
924 1762 1112 1850 innuimus,
1130 1764 1167 1834 1.
1180 1761 1265 1863 qnod

146 1878 302 1953 Christus
322 1863 540 1954 coarctaverit
558 1906 695 1953 causam
708 1879 919 1954 dimissionis
931 1878 975 1952 ad
990 1878 1262 1962 fornicationem,

144 1996 228 2095 quin
245 1995 422 2096 quidpiam
448 2022 608 2097 expresse
633 1994 772 2083 dixerit,
793 2009 832 2068 ut
855 1994 970 2094 plures
995 1993 1137 2081 volunt,
1164 1992 1209 2068 de
1231 2017 1266 2066 eo

145 2111 236 2212 quod
268 2111 340 2184 fieri
366 2128 482 2212 posset
504 2136 608 2185 uxore
630 2110 774 2185 dimissa
788 2139 805 2200 ;·
824 2110 994 2210 siquidem
1018 2109 1055 2181 id
1079 2105 1202 2210 postea
1221 2134 1265 2183 se

143 2243 234 2302 creto
247 2224 424 2327 discipulis
438 2229 510 2300 suis
524 2227 636 2326 palam
650 2227 794 2327 apernit,
805 2241 1030 2301 utconstater
1043 2226 1149 2299 llarci
1159 2226 1261 2299 ΚΑΙ.

146 2346 205 2418 tt.
222 2359 255 2416 et
270 2345 473 2416 LucanVI.
491 2346 549 2417 18.
571 2361 609 2417 nt
630 2370 706 2418 mox
727 2342 977 2443 expendemus,
998 2340 1079 2413 dum
1099 2341 1196 2416 nulla
1211 2367 1264 2443 ap·

144 2459 255 2560 posita
276 2459 471 2557 exceptione
496 2460 582 2557 ipsis
609 2459 721 2558 palam
740 2459 956 2532 denunciavit
978 2457 1211 2531 omnimodam
1229 2482 1263 2531 ac

144 2573 325 2672 perfectam
343 2574 490 2672 coniugii
509 2573 687 2647 christiani
709 2572 1053 2646 indissolubilitatem.
1082 2572 1165 2645 Ideo
1191 2596 1261 2645 vero

143 2689 249 2764 solam
267 2691 455 2786 assignavit
475 2690 703 2764 fornicationis
722 2715 859 2762 causam
878 2690 920 2762 ad
938 2689 1176 2762 dimittendam
1189 2714 1262 2762 uxo

144 2834 231 2895 rem,
252 2809 333 2908 quia
355 2807 439 2880 haec
466 2808 648 2881 intrinseca
675 2823 727 2880 est
753 2807 820 2906 ipsi
845 2806 1019 2903 coniugio,
1044 2805 1145 2879 cuius
1167 2806 1260 2878 fidem

142 2922 323 2997 fornicaria
338 2950 422 2997 uxor
441 2924 603 3021 infringit.

218 3043 252 3111 2.
282 3020 591 3140 lnterpretatlonem
622 3065 724 3139 quam
746 3038 823 3112 heic
847 3036 1063 3111 exhibuimus
1087 3062 1130 3110 ιο
1155 3036 1260 3110 vindi·

140 3155 291 3228 cavimus
305 3181 381 3228 oum
399 3157 569 3230 communi
589 3154 819 3252 theologorum
834 3153 1076 3227 catholicorum
1095 3177 1258 3226 consenso

142 3270 236 3342 iuxta
262 3270 394 3367 regulas
418 3270 686 3344 hermeneutioas
712 3297 778 3343 non
798 3269 897 3343 modo
923 3269 1128 3357 defendere,
1149 3293 1256 3343 verum

141 3385 241 3456 etiam
268 3386 412 3485 positive
438 3387 610 3460 adstruere
634 3413 674 3460 ac
694 3386 835 3487 probare
861 3385 1024 3458 ecclesiae
1049 3385 1255 3468 doctrinam,

142 3500 224 3600 quin
239 3527 378 3575 necesse
392 3503 436 3575 sit
449 3503 492 3576 ad
510 3530 615 3576 novas
634 3530 673 3576 ιο
691 3504 886 3602 peregrinas
905 3502 982 3601 plus
1000 3501 1160 3574 minusve
1177 3524 1257 3574 ave·

140 3616 238 3689 ritate
251 3618 469 3694 abhorrentes
489 3621 779 3720 interpretationes
793 3620 989 3715 confugere,
1007 3643 1095 3716 quas
1116 3618 1152 3689 in
1172 3641 1256 3716 prae

139 3732 279 3806 cedente
304 3735 445 3808 articulo
471 3736 585 3808 critice
607 3736 829 3834 expendimus
858 3751 958 3833 atque
985 3732 1179 3807 reiecimus.
1207 3732 1255 3802 ln·

138 3865 252 3921 vectae
277 3849 355 3922 illae
373 3851 511 3924 suntad
535 3853 659 3924 nodum
681 3851 942 3950 praecidendum
962 3849 1189 3935 difficultatis;
1209 3859 1254 3918 ast

140 3963 249 4037 nodus
278 3962 333 4036 illc
358 3967 442 4039 solvi
468 3968 594 4066 optime
613 3983 723 4065 potest
748 3964 981 4050 ostendendo,
1003 3979 1103 4061 prout
1125 3960 1253 4064 praesti·

138 4079 239 4153 timus
264 4081 298 4152 in
321 4085 485 4180 praesenti
503 4083 731 4182 paragrapho,
753 4081 859 4154 solam
878 4080 1145 4178 exceptionalem
1169 4079 1252 4154 elan·

52 4292 54 4297 ‚
137 4195 245 4270 sulam
264 4224 285 4271 a
302 4196 436 4272 Christo
454 4199 644 4299 appositam
663 4197 778 4271 referri
797 4197 839 4271 ad
860 4195 954 4296 prius
982 4195 1129 4270 incisum
1147 4195 1189 4271 de
1207 4190 1251 4264 di·

210 4367 261 4426 (97)
276 4366 314 4417 Cf.
333 4367 510 4420 salmeronium
530 4379 571 4431 op.
586 4368 611 4419 et
630 4366 678 4419 loc.
694 4367 736 4418 cit.
751 4367 821 4418 tract.
834 4366 918 4417 xxvi.
934 4376 989 4429 pag.
1002 4368 1057 4416 tet.
