2796 5064
152 345 198 416 st
316 366 378 416 ιιι.
400 364 448 415 ιιι.
469 361 556 415 arur.
579 363 602 414 ι.
623 364 663 416 nr
682 363 777 415 ιιιτιι.
798 362 921 415 cnnrsr.
943 362 1089 416 ιιιιιιτιι.

139 500 212 574 tur,
228 472 371 584 quorum
388 485 481 583 prior
499 484 547 558 ita
564 509 602 558 se
619 482 740 558 hahet:
764 512 782 553 ι
799 482 874 558 Alia
900 509 998 558 sacra
1021 501 1163 559 coronat
1179 483 1257 559 uni·

136 599 229 687 vira,
246 597 313 672 alia
330 597 522 687 multivira3
539 614 572 672 et
589 623 712 698 magna
736 597 900 697 religione
928 598 1141 699 conquiritur
1167 625 1257 701 quae

139 712 237 814 plura
262 713 372 815 possit
394 712 561 787 adulteria
583 737 759 788 numerare
780 715 894 811 (34).»
916 713 1085 789 Posterior
1107 741 1190 791 uero
1208 714 1258 789 sic

139 845 210 902 cst:
235 860 252 899 ι
276 830 344 904 Nos
369 829 532 929 pudorem
563 856 630 904 non
658 829 765 916 lacie,
794 830 854 904 sed
884 846 996 904 menta
1028 845 1256 930 praestamus.

139 946 247 1020 Unius
273 946 477 1021 matrimonii
494 946 632 1022 vinculo
661 947 797 1020 libenter
815 946 1043 1021 inhaeramus.
1065 945 1263 1046 Cupiditate

140 1062 360 1162 procreandi,
383 1078 441 1137 aut
466 1088 569 1136 unam
597 1063 725 1137 seimus
751 1080 810 1137 aut
837 1062 966 1136 nullam
992 1065 1106 1159 (35).»
1136 1062 1258 1136 Verum

139 1204 180 1251 ex
209 1178 328 1279 primis
358 1178 472 1253 verbis
493 1177 623 1252 nullum
643 1194 753 1278 potest
777 1193 1011 1276 argumentum
1038 1176 1173 1274 colligi,
1189 1203 1259 1277 quo

139 1294 335 1395 reprobatas
349 1323 370 1370 a
387 1294 583 1370 christianis
600 1295 706 1370 luisse
725 1294 892 1370 secundas
906 1294 1044 1394 nuptias
1062 1294 1260 1381 evincatnr;

140 1436 203 1485 nec
223 1410 313 1484 enim
340 1437 381 1484 ea
410 1410 454 1485 ad
480 1410 684 1485 christianos
710 1410 921 1499 referuntur,
948 1410 1009 1484 sed
1033 1408 1079 1482 ad
1105 1407 1262 1482 ethnicos

140 1552 284 1628 quorum
311 1526 529 1601 interlocutor
545 1525 707 1624 suggillat
732 1552 859 1615 mores,
880 1553 920 1600 ac
939 1525 1197 1626 superstitiosos
1219 1523 1265 1596 ri-

140 1662 206 1720 tus.
224 1644 287 1717 llla
311 1658 485 1743 praeterea
507 1643 679 1715 multivira
705 1657 916 1741 potestesse
940 1667 1028 1742 quae
1052 1641 1146 1714 iuxta
1171 1640 1264 1739 legas

141 1786 298 1834 romanas
316 1758 471 1859 pluribus
490 1758 644 1859 nupserit
657 1759 786 1831 maritis
805 1774 882 1857 post
893 1757 1088 1844 diuortium
1104 1782 1185 1830 nam
1203 1781 1264 1857 po-

142 1876 289 1978 lygamia
313 1873 516 1949 simultauea
540 1873 672 1972 legibus
692 1873 759 1947 illis
782 1898 850 1947 non
869 1872 1140 1974 permittebatur,
1160 1888 1199 1946 nt
1216 1871 1264 1946 ri·

139 1991 265 2064 dimus.
292 1989 380 2062 llinc
416 2004 504 2063 reete
529 2015 571 2063 ea
596 1989 781 2063 traducitur
808 1988 857 2063 uti
879 1987 1032 2062 adultera
1055 1987 1101 2063 oh
1126 1986 1265 2061 illicitas

144 2105 219 2179 eius
251 2103 505 2178 coniunctiones
541 2104 645 2178 immo
681 2102 874 2201 illegitimas
903 2120 937 2177 et
961 2102 1074 2176 nullas
1115 2102 1192 2175 iure
1215 2101 1267 2174 di·

141 2219 235 2293 uino.
254 2218 305 2290 Ex
330 2216 436 2291 altaro
461 2233 572 2291 autem
594 2231 685 2292 textu
711 2216 829 2316 patefit
852 2216 1036 2315 singularis
1063 2215 1266 2290 christiano-

141 2361 216 2408 rum
243 2359 336 2408 amor
362 2357 443 2431 erga
463 2333 723 2421 continentiam,
744 2359 785 2407 ac
807 2349 941 2432 recepta
968 2331 1181 2407 consuetudo
1207 2331 1267 2405 ab·

139 2448 287 2525 stinendi
313 2475 334 2522 a
357 2448 517 2523 secundis
542 2448 670 2547 nuptiis
692 2448 849 2523 defuncto
867 2447 1027 2521 alterutro
1051 2448 1213 2545 coniuge,
1229 2463 1267 2522 ut

143 2563 246 2666 paulo
270 2579 347 2637 ante
370 2562 686 2637 animadvertimus:
711 2577 746 2635 at
764 2562 855 2663 quod
877 2562 1077 2636 fornicariae
1095 2561 1266 2637 haheren-

144 2698 199 2755 tur
225 2680 395 2754 secundae
420 2678 576 2778 nuptiae,
598 2677 633 2749 id
658 2705 679 2751 a
703 2678 850 2753 Minucio
875 2704 943 2752 non
969 2678 1103 2752 dicitur.

219 2798 394 2871 Postrema
413 2794 498 2869 haec
514 2793 764 2870 animaduersio
782 2794 875 2869 iuvat
890 2811 928 2869 ut
944 2811 1032 2868 recte
1044 2810 1192 2868 mentem
1210 2818 1264 2867 as-

146 2939 330 3014 sequamur
355 2910 501 3011 plurium
520 2927 697 3000 veterum,
726 2912 785 3011 qui
804 2910 927 2985 adduci
953 2909 1064 2985 solent
1086 2909 1194 2984 ueluti
1215 2909 1267 2982 di·

145 3027 277 3125 gumiae
304 3026 490 3132 adversarii
520 3026 579 3127 qui
607 3041 719 3099 tamen
752 3025 935 3124 digamiam
960 3051 1026 3099 non
1048 3023 1258 3124 improbant,

145 3142 206 3216 sed
221 3140 432 3215 solummodo
445 3141 634 3214 institutum
647 3156 682 3213 et
697 3138 973 3214 consuetudinem
985 3141 1171 3240 primorum
1179 3138 1268 3213 chri·

144 3256 332 3331 stianorum
358 3253 498 3329 laudant
521 3255 581 3355 qui
606 3254 851 3356 utplurimum
882 3270 958 3356 post
982 3254 1154 3328 interitum
1180 3254 1265 3329 alte·

144 3370 272 3444 rutrius
298 3369 452 3467 coniugis
479 3369 515 3440 in
534 3369 687 3444 castitate
704 3396 765 3444 seu
781 3369 945 3445 viduitate
962 3369 1155 3458 manebant,
1178 3369 1263 3470 quin

146 3484 225 3560 aliis
252 3483 384 3583 nuptiis
410 3509 448 3558 se
474 3483 696 3585 implicarent.

218 3601 272 3674 lta
289 3599 488 3700 exponenda
505 3617 585 3674 sunt
600 3600 703 3674 rerba
721 3599 898 3700 Theophili
917 3600 1109 3675 antiocheni
1128 3599 1189 3700 qui
1207 3600 1266 3674 ait:

149 3715 281 3816 «Apud
300 3742 386 3816 quos
407 3715 650 3812 (christianos)
673 3714 769 3790 adest
791 3716 1030 3815 temperantia,
1060 3715 1269 3789 continentia

147 3831 287 3919 colitur,
315 3832 453 3906 unicum
479 3831 727 3907 matrimonium
749 3827 759 3924 l
770 3821 1020 3929 μοιογαμιά)
1037 3847 1270 3919 servatur,ca·

146 3949 306 4024 stimonia
338 3948 525 4023 custoditur
555 3951 629 4046 (36)
653 3980 670 4020 n
690 3947 818 4050 quihus
850 3947 1103 4022 commendatur
1127 3947 1267 4049 quidem

219 4172 269 4234 (tt)
286 4172 314 4221 ln
332 4173 439 4223 octuctc
461 4183 486 4220 n.
498 4174 537 4223 rt.
547 4170 613 4236 apud
625 4170 740 4223 Galland.
760 4171 830 4223 atet.
843 4185 884 4238 pp.
897 4173 958 4224 tom.
972 4173 1004 4223 11.
1018 4185 1043 4235 p.
1056 4174 1113 4223 tat.

220 4252 271 4315 (aa)
288 4250 351 4302 thiu.
369 4265 394 4302 n.
412 4258 450 4303 ιι.
465 4264 521 4315 pag.
536 4258 591 4303 aaa.

220 4332 270 4396 (tt)
286 4332 339 4385 nin.
360 4335 403 4384 nt.
415 4332 447 4383 sd
459 4331 570 4398 antehc.
581 4331 605 4396 §.
624 4340 660 4384 tt.
673 4332 742 4384 atet.
754 4345 794 4397 pp.
807 4331 921 4384 Gultnndi
936 4334 997 4385 torn.
1009 4334 1041 4384 ΙΙ.
1053 4345 1108 4396 pac
1122 4338 1179 4384 tac.
