2796 5064
272 397 342 448 aar.
354 395 400 448 rt.
413 396 454 447 nr
471 394 838 459 nus.ssrn.arr1,non
855 396 1017 448 oansornr.
1028 396 1101 448 aar.
1112 397 1136 450 ι.
1200 377 1268 450 lt'l

148 515 264 590 monio
285 529 359 589 rato
386 514 423 586 in
453 513 510 588 his
538 528 675 612 agatur,
713 513 774 589 sed
804 513 1091 616 desponsalibus
1124 531 1265 590 tantum.

148 631 314 719 Quartum
335 629 526 728 exemplum
547 629 685 703 affertur
704 653 746 702 ax
763 655 792 703 s.
810 629 983 705 leobunlo
1003 630 1048 705 de
1065 656 1133 732 quo
1149 630 1269 707 scribit

147 774 176 823 s.
189 746 371 845 Gregorius
384 748 589 820 turonensis.
613 743 849 844 «cogentibus
863 746 1061 845 parentibus
1078 763 1116 820 nt
1132 747 1267 822 arrham

146 863 306 964 puellae,
335 862 435 963 quasi
459 887 598 936 uxorem
621 878 841 961 accepturus,
870 861 968 935 daret
983 862 1265 961 compellitur...

146 979 240 1057 Haeo
256 993 351 1078 patre
371 977 550 1078 loquente,
570 977 649 1051 lieet
666 976 806 1051 baberet
828 976 931 1050 alium
956 978 1082 1067 lilium,
1103 979 1202 1053 lacile
1220 994 1270 1054 ta-

144 1121 225 1169 men
249 1092 310 1168 tali
329 1091 495 1168 aetatulae
519 1094 689 1194 persuasit
713 1092 877 1167 uoluntati
904 1093 1062 1194 propriae
1086 1094 1264 1169 contraire.

143 1210 299 1311 Denique
328 1208 407 1283 dato
432 1235 579 1308 sponsae
605 1208 731 1296 anulo,
761 1209 903 1308 porrigit
927 1208 1102 1295 osculum,
1131 1209 1270 1310 praebet

142 1327 429 1414 calceamentum,
451 1324 598 1399 eelebrat
622 1322 816 1425 sponsaliae
834 1324 925 1398 diem
942 1324 1111 1399 festum...
1124 1325 1263 1398 Deus...

142 1441 331 1544 eonpnuxit
346 1466 404 1515 eor
419 1439 513 1526 eius,
531 1454 569 1513 ut
592 1438 707 1513 relicto
733 1440 847 1514 seculo
867 1440 1116 1541 manciparetur
1133 1439 1176 1513 ad
1194 1439 1267 1514 eul-

144 1573 218 1630 tnm
243 1553 398 1630 divinum
427 1557 555 1653 (20).»
582 1553 645 1629 Ast
668 1571 702 1629 et
726 1555 791 1629 boo
815 1555 1005 1654 exemplum
1029 1554 1145 1630 referri
1165 1581 1280 1657 posse.

143 1672 279 1746 uidetur
301 1669 346 1746 atl
370 1669 478 1746 solam
503 1671 713 1771 sponsalium
738 1671 1008 1747 dissolutionem.

230 1787 339 1885 llagis
364 1785 409 1861 ad
434 1813 504 1860 ram
530 1802 680 1860 nostram
707 1787 867 1862 aooedere
889 1787 1023 1861 ridetur
1051 1786 1141 1888 quod
1168 1785 1269 1860 ralart

143 1928 223 1977 ren.
244 1899 335 1976 Beda
352 1901 396 1975 de
413 1901 594 1975 lidildrida'
616 1901 790 1976 scribens:
821 1902 993 2002 «Aeoepit
1009 1929 1068 1977 rex
1088 1901 1268 2001 lloglridns

142 2017 323 2117 ooniugem
337 2017 473 2091 nomine
489 2016 701 2091 Edildridam
796 2018 896 2092 ouius
918 2019 1087 2094 eousortio
1104 2044 1181 2093 eum
1194 2034 1268 2093 ute-

143 2148 236 2208 retur
257 2130 437 2207 duodeoim
462 2132 583 2219 annis,
608 2147 770 2232 perpetuo
787 2149 900 2207 amen
920 2134 1046 2209 mansit
1061 2132 1267 2231 virginitatis

142 2246 333 2344 integritate
357 2246 527 2344 gloriosa,
551 2246 639 2321 siout
655 2247 812 2322 mihimet
829 2248 1077 2323 sciscitanti..;.
1093 2248 1265 2323 llallridus

141 2361 328 2464 episeopus
346 2361 525 2450 referebat,
546 2361 667 2436 diosus
685 2390 723 2437 se
741 2379 858 2438 testam
875 2366 1080 2463 virginitatis
1098 2365 1175 2439 eius
1191 2390 1269 2440 esse

141 2476 389 2564 oertissimnm,
416 2476 502 2551 adeo
527 2492 565 2549 ut
584 2476 762 2575 llogiridus
789 2479 981 2576 promiserit
999 2507 1036 2554 se
1052 2480 1084 2554 ei
1102 2495 1209 2553 terras
1227 2505 1268 2554 ae

142 2589 305 2692 peeunias
323 2590 447 2666 multae
459 2616 536 2665 esse
550 2578 771 2678 donaturum,
792 2593 822 2666 si
836 2592 974 2690 reginae
990 2609 1106 2694 posset
1123 2619 1266 2693 persua-

141 2707 224 2782 dere
235 2707 311 2783 eius
323 2707 373 2782 uti
385 2707 568 2783 oonnubio.
577 2765 601 2780 ..
616 2733 706 2809 quae
722 2707 863 2782 multum
876 2709 937 2782 diu
947 2735 1057 2807 regem
1071 2708 1264 2810 postulans,

144 2839 183 2898 nt
199 2823 305 2900 seculi
320 2849 419 2899 ouras
437 2823 639 2924 relinquere,
656 2840 757 2924 atque
770 2826 805 2898 in
820 2826 1025 2910 monasterio
1043 2840 1170 2899 tantum
1187 2850 1267 2899 vero

142 2940 214 3038 regi
235 2939 371 3015 Christo
390 2940 518 3015 servire
534 2940 791 3042 permitteretur.
813 2941 911 3028 Quod
928 2940 987 3014 ubi
1007 2942 1063 3014 vix
1082 2939 1266 3041 aliquando

142 3056 354 3158 impetravit,
383 3057 519 3131 intravit
543 3057 783 3131 monasterium
804 3059 931 3155 (21).»
959 3057 1055 3132 Certe
1074 3056 1132 3130 hio
1155 3056 1269 3155 agitur

141 3174 187 3248 de
210 3172 424 3248 matrimonio
446 3188 575 3247 tantum
596 3187 688 3261 rato,
709 3200 816 3273 eoque
840 3174 986 3249 discisso
1011 3173 1124 3274 quoad
1148 3173 1268 3247 vineu-

143 3288 234 3378 lum3
263 3314 341 3364 nam
366 3304 512 3363 testante
540 3288 668 3363 Thomu
686 3289 835 3378 Eliensi‚
849 3316 922 3385 ,rex
943 3315 1065 3364 norum
1091 3289 1168 3363 iniit
1186 3314 1269 3364 oon·

142 3406 289 3503 ingiam.
316 3406 442 3481 Soribit
464 3406 577 3494 anim,
599 3405 691 3507 quod
709 3433 786 3481 eum
805 3407 929 3482 frustra
950 3433 1007 3480 rex
1032 3406 1261 3494 lidildridam,

141 3547 206 3596 seu
231 3537 271 3596 nt
292 3547 367 3596 eam
388 3537 506 3611 vocat,
526 3522 782 3610 litbeldredam,
808 3549 1006 3624 recuperare
1023 3522 1166 3597 adnisus
1183 3521 1269 3595 luis·

141 3654 198 3713 set
224 3638 447 3713 «Eboracum
465 3638 569 3726 redit,
598 3638 943 3740 llrmemburgemque
967 3639 1033 3715 sibi
1052 3637 1267 3712 matrimonio

142 3751 319 3852 copulavit
337 3756 411 3851 (22)
422 3784 457 3827 ‚n

95 3969 96 3978 ἵ
220 3869 271 3943 llx
284 3870 340 3945 his
357 3870 505 3970 aliisque
524 3871 690 3946 eiusmodi
709 3874 920 3947 documentis
935 3872 1033 3947 laoile
1045 3886 1098 3945 est
1111 3867 1268 3966 colligere

215 4130 267 4193 (to)
287 4132 360 4181 t'ttoe
375 4133 495 4195 potuim,
507 4145 562 4195 eap.
575 4136 627 4182 xx.
639 4131 678 4181 ed.
694 4134 773 4182 Maur.
785 4133 832 4182 ool.
849 4138 916 4182 1252.

216 4210 268 4271 (21)
284 4212 354 4261 flet.
372 4212 476 4275 (κηρίον.
491 4212 535 4262 lib.
545 4213 620 4262 lv.a.
633 4213 697 4261 xlx.
710 4211 749 4262 ed.
761 4212 835 4263 Basil.
850 4219 916 4264 root.
930 4212 992 4262 tom.
1008 4211 1051 4260 ΙΙΙ.
1064 4208 1113 4260 eol.
1129 4215 1181 4260 tte.

215 4291 267 4352 (22)
283 4292 311 4340 ln
334 4291 442 4342 Historia
466 4291 555 4342 blicani
575 4290 640 4355 apud
658 4293 824 4343 Wlnrtouum
845 4291 940 4354 Aralla
961 4302 1038 4341 torro
1048 4291 1112 4354 part.
1126 4291 1146 4339 1.
1162 4287 1268 4340 undlnl

138 4377 213 4422 1691.
227 4381 282 4432 Μ.
300 4377 356 4422 598.

1074 4451 1094 4493 ἣ
