2796 5064
215 375 317 427 urar.
332 375 372 426 oa
391 374 817 427 molss.!trtt.sruct.1tltt8
835 375 1113 429 aunonensem.
1176 354 1242 424 121

153 496 312 593 utriusque
336 494 490 591 maingis
507 494 705 580 relationes,
728 493 914 580 amicitias,
936 492 1137 580 affinitates,
1157 521 1246 593 quae

150 609 296 707 temporis
328 634 510 708 progressu
535 633 601 681 non
627 607 797 681 modicum
826 607 1058 680 detrimentum
1089 607 1249 681 afferrent

147 723 269 820 publico
301 724 473 798 societatis
503 723 615 809 boum
646 724 746 823 eique
775 723 1032 796 dissolutionem
1062 740 1242 822 pararent;

146 854 249 911 contra
260 864 342 912 vero
354 836 590 911 indissolubile
602 837 748 934 coniugii
762 836 931 910 vinculum
946 837 1148 909 familiarum
1160 863 1249 910 amn-

146 978 201 1024 rem
227 977 312 1049 erga
339 953 479 1052 patriam
506 952 594 1026 levet
617 954 706 1049 (26).
729 951 866 1025 Publica
894 953 971 1025 item
997 951 1158 1028 honestas
1182 978 1249 1026 non

144 1093 253 1164 parum
278 1066 484 1155 laederetur,
515 1067 618 1141 immo
642 1093 721 1140 vero
747 1069 848 1141 etiam
874 1068 1163 1169 pessumdaretur,
1191 1069 1249 1142 ubi

143 1182 235 1256 semel
268 1180 439 1255 obtineret
467 1183 553 1255 inter
580 1183 673 1256 cives
699 1182 915 1281 progressiva
942 1183 1108 1256 eiusmodi
1133 1186 1248 1259 coniu-

143 1298 264 1394 giorum
297 1297 494 1384 dissolutio,
523 1323 610 1398 quae
635 1297 827 1372 necessario
852 1298 1025 1371 induceret
1053 1299 1089 1370 in
1117 1299 1249 1373 foedam

143 1438 264 1486 norum
290 1413 550 1510 corruptionem.
576 1411 787 1513 Quapropter
811 1438 888 1486 cum
912 1413 1013 1486 homo
1039 1428 1157 1488 natura
1187 1440 1249 1488 suu

142 1546 271 1602 uocatus
285 1528 333 1602 sit
343 1527 386 1601 ad
401 1527 571 1626 publicam
589 1528 800 1616 societatem,
816 1528 902 1602 haec
918 1546 1030 1602 autem
1047 1529 1165 1602 lloreet
1181 1530 1250 1601 ani-

142 1667 264 1715 morum
289 1642 416 1716 unione
448 1642 534 1716 inter
558 1643 650 1716 cives
676 1656 710 1716 et
735 1669 865 1717 morum
892 1642 1078 1743 probitate,
1106 1669 1249 1742 pronum

143 1773 185 1830 est
207 1757 338 1831 inferre
361 1757 541 1831 divortium
567 1758 656 1832 vitae
681 1758 801 1833 sociali
825 1775 927 1858 aque
953 1757 1079 1834 idcirco
1104 1758 1168 1831 iuri
1194 1785 1262 1834 na·-

145 1873 234 1946 turali
262 1871 357 1945 band
382 1899 458 1947 esse
481 1890 745 1948 consentaneum
763 1875 852 1970 (27).

206 1989 319 2090 Atque
344 1989 463 2063 exinde
484 1989 608 2064 iactum
625 2007 698 2078 est,
718 2006 757 2064 ut
772 2016 840 2090 quo
862 1990 1024 2065 nationes·
1039 1989 1083 2063 ad
1108 1990 1251 2066 divortia

143 2107 243 2203 nagia
269 2103 436 2204 proclives
461 2132 499 2180 se
523 2131 562 2179 se
585 2106 824 2192 ostenderunt,
844 2132 885 2180 eo
901 2106 1002 2180 otiam
1020 2106 1129 2204 magis
1146 2132 1251 2207 penes

143 2246 195 2293 aas
212 2221 417 2293 incresceret
433 2244 562 2294 morum
579 2219 763 2320 corruptio,
779 2236 812 2292 et
829 2246 848 2293 e
865 2245 1039 2309 converso,
1056 2247 1125 2321 qun
1141 2221 1251 2321 magis

143 2335 290 2407 nationes
313 2349 489 2432 corruptae
514 2349 652 2420 essent,
679 2360 719 2407 eo
745 2331 914 2408 faciliores
940 2359 980 2408 ac
1004 2361 1190 2435 propensas
1215 2361 1253 2411 aa

142 2449 180 2521 ad
203 2449 349 2522 divortia
373 2448 627 2546 perhibuerunt.
643 2448 719 2521 Duo
739 2448 829 2521 enim
855 2448 938 2524 haec
964 2450 1051 2523 inter
1076 2476 1114 2526 ee
1139 2452 1253 2525 iuncta

141 2564 208 2659 pari
236 2587 358 2660 gressu
383 2562 653 2661 progrediuntur.

209 2679 303 2752 llaec
328 2704 410 2753 sane
435 2678 618 2777 praecipua
645 2679 837 2775 assignatur
864 2680 947 2767 ratio
972 2680 1178 2778 corruptelae
1200 2706 1253 2753 ro·

142 2819 334 2881 manorum,
363 2793 454 2894 quod
480 2793 528 2865 ita
548 2791 699 2878 levibus,
721 2810 779 2867 aut
796 2793 899 2867 nullis
917 2794 1089 2868 decausis
1109 2793 1253 2868 divortia

141 2909 228 3009 apud
250 2934 309 2982 eos
332 2907 620 3008 frequentarentur
631 2924 746 2983 contra
759 2907 912 2985 instituta
924 2908 1105 2995 maiorum,
1121 2908 1164 2981 de
1177 2904 1253 3008 quiss

211 3113 264 3176 (2⁶)
280 3113 346 3164 ilinc
356 3112 408 3177 ipsc
415 3115 509 3164 licerer
517 3114 589 3178 inop.
596 3117 634 3164 De
643 3113 671 3164 lo
678 3114 756 3178 polit.
767 3116 794 3164 ct
803 3113 842 3164 do
849 3126 940 3164 comm.
947 3112 992 3163 des
1003 3115 1118 3164 nnotcnr.
1129 3113 1205 3164 Didot
1215 3121 1253 3166 to.

140 3208 192 3258 m.
204 3200 244 3247 7⁸.
262 3197 324 3245 torn.
332 3195 354 3243 l.
364 3194 510 3257 affirmavit,
519 3193 587 3258 quod
600 3214 612 3237 ι
622 3194 688 3245 cher
700 3194 735 3245 les
746 3194 846 3260 periples
856 3193 965 3245 civilitas
978 3195 1118 3258 d’iinrope,
1133 3194 1255 3246 l’rttaebe
1340 3183 1346 3192 “

140 3277 205 3326 neni
220 3275 236 3325 i
252 3275 278 3326 ir
294 3274 388 3326 familie
404 3275 522 3326 enienuit
539 3275 643 3326 l’arncur
662 3275 694 3326 dc
712 3274 736 3325 la
755 3275 858 3339 patric.-

210 3358 264 3419 (27)
279 3354 319 3406 ct.
333 3355 453 3420 'luparelli
473 3358 566 3420 snecta
588 3357 710 3406 teoreticc
726 3354 754 3405 dt
771 3354 865 3406 diritto
889 3355 1023 3407 naturale.
1041 3355 1108 3406 Dias.
1126 3359 1180 3406 vil.
1197 3370 1220 3406 o.
1231 3364 1254 3408 a

140 3449 164 3485 u.
175 3441 234 3489 1³07
249 3449 320 3499 aequ

208 3515 311 3567 mmai
329 3517 405 3580 Epist.
422 3529 443 3565 s.
458 3516 552 3567 cithia
567 3515 648 3567 verbis
669 3515 759 3566 damna
774 3515 877 3567 diremi
895 3517 1009 3581 exponit:
1029 3537 1041 3561 ι
1053 3519 1086 3568 La
1100 3517 1211 3568 bonbeur
1225 3518 1257 3569 de

139 3596 325 3648 i'ttaiettdans
334 3597 359 3647 la
368 3597 425 3662 pair
436 3599 461 3647 et
472 3597 497 3647 la
507 3596 628 3647 concorde
640 3596 684 3647 des
695 3597 817 3660 mulene,
833 3597 895 3647 daos
912 3597 1083 3661 l’intelligeuce
1093 3597 1137 3648 des
1147 3596 1257 3649 divertes

139 3678 252 3728 [rmillas.
264 3680 300 3728 Le
310 3678 417 3740 mariage
430 3678 542 3728 unimut
555 3677 619 3728 deux
636 3677 732 3741 epona,
751 3679 886 3743 rapprochc
899 3678 935 3729 les
947 3681 1059 3742 peronia,
1074 3678 1109 3729 les
1124 3678 1207 3728 allido:
1225 3692 1256 3729 en

138 3757 226 3807 &hant
242 3756 308 3807 deux
328 3757 455 3818 hauteur,
467 3756 485 3807 il
498 3756 550 3807 iera
563 3757 631 3821 vingt
647 3757 718 3807 amis.
731 3759 765 3808 Le
775 3757 876 3808 (livorna
889 3757 1004 3820 viendra,
1016 3758 1034 3808 il
1045 3757 1096 3808 iera
1106 3759 1175 3821 vingt
1187 3770 1256 3808 anne

138 3837 183 3888 mir
193 3837 310 3899 mortale,
320 3835 339 3886 il
351 3837 470 3887 samium
486 3837 521 3887 tes
535 3839 650 3900 parents,
664 3837 700 3887 ies
716 3837 779 3887 amis
789 3837 821 3888 de
832 3837 940 3901 iepouse
949 3839 1034 3888 contre
1044 3837 1156 3902 l'epour,
1174 3841 1259 3889 contre

139 3931 165 3968 aa
180 3917 288 3979 familie,
301 3919 421 3967 etoonire
435 3930 475 3968 ses
488 3918 558 3968 amis.
573 3918 608 3968 le
623 3918 730 3981 mariage
745 3919 812 3969 erait
825 3918 949 3968 rontondu
968 3918 1003 3969 les
1020 3917 1135 3983 intereis,
1149 3918 1258 3969 rasierrni

140 3996 174 4046 los
184 3997 310 4058 lenonem
323 3996 347 4046 le
358 3996 458 4047 dirorce
473 3997 575 4047 vieudra
590 3997 682 4047 divisor
692 3997 728 4047 las
738 3997 851 4059 intencio,
862 4009 988 4049 renueraer
998 3998 1034 4048 lea
1045 3997 1164 4058 innonat,
1177 3998 1259 4049 elever

140 4074 181 4125 do
189 4074 355 4136 (immons,
363 4075 467 4126 suscita
477 4075 521 4127 des
532 4076 632 4140 proces,
644 4077 755 4127 auenniir
766 4077 810 4128 des
818 4078 977 4138 mamonis,
986 4080 1012 4128 ei
1021 4077 1058 4128 les
1068 4077 1213 4129 tribunatus
1228 4091 1259 4134 ne

142 4154 283 4205 mauron
294 4155 352 4218 plus
365 4167 415 4218 que
428 4155 460 4206 de
473 4155 578 4219 platalea
590 4159 675 4206 contre
690 4156 801 4220 l'epoux,
817 4158 861 4222 qui
876 4157 975 4208 lucaei
988 4158 1096 4221 l’aponse
1108 4156 1179 4221 apres
1189 4158 1259 4209 avoir

142 4235 278 4285 ommate
286 4235 520 4297 niortuue3mntre
529 4236 696 4300 1’eponse,qnt
709 4237 780 4288 luisse
788 4237 812 4287 li
822 4237 917 4300 l'epoux
929 4252 960 4288 en
969 4238 1117 4289 densandant
1127 4251 1156 4289 ct
1165 4237 1256 4301 qn’atte

145 4324 198 4362 uin
209 4314 318 4377 dlnlpe·
332 4327 388 4378 με.
401 4322 439 4365 12.
