2796 5064
278 391 349 445 cur.
361 389 448 442 vnn
464 387 574 443 soror.
590 390 719 443 ruiana.
735 389 869 443 rurus.
884 389 957 442 arr.
969 389 1005 443 rr.
1129 369 1198 440 trs

109 528 213 588 actus
239 526 274 585 et
296 508 423 584 vinculi
449 510 688 610 perpetuique
708 510 920 609 colligantur.
943 507 1104 596 Quamvis
1120 533 1201 584 varo

109 624 421 702 raocidentalibua
445 625 560 699 causis
585 625 643 698 illa
673 625 849 699 individua
876 625 966 699 vitae
994 625 1201 700 consuetudo

109 770 129 819 a
152 743 244 817 sacto
269 740 491 842 impediatur,
519 740 690 814 vinculum
708 757 820 814 tamen
837 741 927 841 quod
946 757 1105 841 perpetuo
1122 766 1202 815 con-

109 886 182 959 rges
207 873 325 931 mutuo
350 857 497 930 devincit
521 858 680 930 intactum
706 872 890 956 permanet.

157 975 210 1047 Er
239 972 295 1047 his
325 972 392 1045 iam
423 971 621 1070 intelligitur
649 999 717 1073 quo
746 998 850 1046 sensu
879 972 1001 1045 dixerit
1024 971 1201 1046 Christus:

109 1087 185 1172 lund
213 1087 301 1160 Deus
330 1088 521 1171 coniunxit,
556 1087 645 1158 domo
673 1113 737 1158 ooo
765 1101 910 1184 sopore&
931 1086 1089 1158 nimirum
1118 1084 1203 1160 haec

109 1203 191 1279 arba
215 1201 354 1302 protulit
378 1201 534 1275 Christus
560 1201 602 1275 de
618 1201 753 1276 vinculo
771 1203 866 1302 ipso;
887 1201 977 1301 quod
995 1227 1072 1274 cum
1089 1227 1111 1273 a
1130 1201 1201 1275 Ileo

109 1319 148 1408 it,
177 1318 297 1418 nequit
321 1315 435 1404 homo,
454 1318 587 1391 vivente
611 1333 754 1418 utroque
779 1317 937 1414 coniuge,
957 1314 1041 1388 illud
1059 1316 1203 1389 disrum-

109 1459 167 1508 arc
192 1445 252 1505 aut
275 1430 475 1519 dissolvere,
504 1457 570 1504 non
596 1447 707 1504 autem
732 1429 775 1504 de
800 1430 1047 1505 cohabitatione
1063 1445 1122 1504 aut
1138 1430 1199 1504 tori

109 1547 343 1635 ommunione;
364 1546 515 1648 alioquin
542 1546 639 1621 toties
665 1548 766 1621 homo
792 1561 964 1646 separaret
990 1545 1081 1646 quod
1109 1546 1201 1618 Deus

109 1661 284 1764 iniunxit,
315 1662 449 1762 quoties
478 1661 640 1758 coniuges
670 1662 813 1736 invicem
845 1659 1069 1734 discederent.
1095 1660 1202 1736 lmmo

109 1803 165 1853 aro
182 1803 225 1852 ex
242 1776 297 1850 his
322 1776 486 1851 discimus
505 1803 572 1851 non
589 1776 743 1877 abrumpi
765 1774 953 1865 vinculum,
974 1775 1129 1877 quamvis
1150 1775 1203 1848 di·

109 1892 234 1970 ortinm
259 1893 372 1994 quoad
399 1907 507 1967 torum
532 1892 605 1966 siva
621 1893 746 1967 iustum
764 1891 837 1965 siva
854 1891 1016 1965 iniustum
1035 1890 1107 1964 fieri
1126 1915 1203 1963 con-

109 2024 206 2110 ngat.

157 2125 234 2200 Non
260 2149 399 2224 possum
425 2123 482 2198 hic
507 2151 561 2199 me
586 2125 743 2200 cohibere
768 2125 811 2199 ab
835 2133 1025 2226 opportuna
1053 2121 1203 2197 animad-

109 2240 264 2328 arsions,
284 2265 372 2342 quas
397 2267 462 2315 sua
484 2240 589 2314 veluti
616 2256 737 2343 sponte
754 2240 875 2315 exinde
892 2241 1079 2328 enascitur,
1099 2264 1201 2339 quam

109 2381 209 2455 ampo
234 2353 355 2443 labile,
384 2355 453 2431 imo
477 2372 511 2429 et
528 2356 755 2455 perniciosum
773 2374 925 2458 systema
942 2371 1137 2433 novatorum
1159 2352 1205 2427 sit

109 2495 131 2545 a
153 2469 278 2570 spiritu
303 2470 434 2570 privato
452 2471 486 2544 in
504 2470 765 2569 interpretandis
781 2472 987 2573 Scripturis,
1006 2487 1041 2544 et
1056 2496 1125 2570 quo
1141 2467 1203 2544 ho-

109 2584 198 2661 tinas
224 2584 326 2659 ducat
346 2586 437 2682 (30).

264 2851 382 2904 Doctrina
398 2849 430 2904 da
444 2851 553 2903 divortio
569 2853 652 2916 quoad
664 2854 748 2904 torum
763 2852 789 2903 at
803 2850 1025 2915 cohabitationem,

239 2933 353 2984 maeno
367 2932 481 2996 vinculo,
498 2942 514 2982 a
529 2933 602 2983 tertia
618 2934 677 2984 nota
691 2931 889 2985 immoratttato
904 2930 1052 2983 vindicatur.

159 3089 299 3164 Asserta
330 3089 493 3163 ecclesiae
526 3090 678 3164 doctrina
702 3091 801 3165 etiam
832 3106 1001 3191 tamquam
1035 3087 1202 3163 honestati

109 3232 219 3281 rorum
244 3204 389 3278 exitialis
413 3205 607 3305 impetitur,
635 3206 791 3307 eoquod
817 3233 857 3280 er
881 3230 950 3280 una
974 3211 1069 3305 parte
1094 3202 1203 3278 indis·

109 3321 329 3399 olubilitatem
349 3336 474 3395 statuat
495 3321 621 3396 vinculi
642 3323 855 3421 coniugalis,
877 3348 917 3396 ax
934 3320 1040 3396 altera
1056 3346 1136 3395 varo
1150 3318 1203 3393 di-

109 3437 232 3512 ortium
247 3437 415 3538 permittat
433 3453 588 3511 manente
606 3436 753 3512 vinculo.
778 3437 901 3512 Contra
920 3463 1000 3514 vero
1018 3435 1203 3511 adversarii

110 3553 232 3626 tvitae
251 3552 417 3626 honestati
440 3553 665 3652 prospiciatur
685 3551 884 3627 solutionem
904 3552 1030 3628 vinculi
1051 3550 1200 3638 vellent,

109 3692 156 3742 uo
182 3665 270 3741 liber
294 3668 407 3742 aditus
432 3685 560 3767 pateret
584 3670 627 3743 ad
653 3667 739 3743 alias
764 3669 901 3768 nuptias
926 3667 1110 3756 ineundas,
1130 3665 1202 3741 nol·

109 3798 158 3855 int
183 3796 296 3854 autem
322 3782 502 3856 divortium
524 3799 679 3857 manente
699 3782 852 3872 vinculo,
873 3809 917 3858 ne
933 3782 1019 3857 dura
1035 3781 1205 3856 continen-

159 4029 212 4092 (ω)
227 4031 381 4085 coomnitius
397 4046 510 4099 magnam
526 4034 591 4085 vltao
606 4045 666 4085 suae
680 4036 774 4099 partam
790 4033 872 4097 eregit
882 4032 908 4083 in
918 4029 1088 4084 concinnando
1099 4031 1146 4081 troc
1157 4041 1204 4080 suo

109 4120 162 4172 prro
175 4112 316 4161 antntnti
328 4112 433 4164 conctttt
449 4113 602 4176 trtdenttnt,
614 4112 641 4163 in
656 4126 706 4176 quo
721 4125 771 4163 non
786 4112 866 4164 solum
881 4111 944 4163 nltrll
960 4109 1075 4176 protoctt,
1090 4107 1134 4158 scd
1149 4108 1206 4172 post

109 4190 123 4239 t
145 4189 288 4241 cxmttatos
302 4190 399 4243 labores
414 4193 514 4244 undam
529 4193 594 4245 inter
609 4192 733 4257 angustias
749 4205 778 4243 ac
794 4191 870 4243 dubia
885 4192 962 4242 vitam
979 4189 1068 4240 finivit.
1080 4189 1122 4240 ct»
1131 4188 1204 4239 Doal·

109 4280 165 4334 W
180 4270 220 4319 ta
235 4268 365 4332 roonis,
381 4272 654 4340 uicensimam
669 4273 808 4336 tnurtcttr,
825 4285 889 4325 vers.
903 4284 934 4323 er
949 4273 1032 4324 Germ.
1046 4269 1115 4322 Paris
1134 4273 1202 4322 tota.

109 4361 145 4400 m.
157 4350 190 4400 11.
200 4361 257 4415 pag.
269 4355 324 4403 tot.
